3876 5326
1211 335 1500 393 APPEND.
1542 336 1635 391 AD
1673 336 1848 392 SAEC.
1891 338 1957 392 Χ.
1981 367 2050 378 ——
2091 335 2523 395 MONUMENTA
2554 341 3037 401 DlPLOMATlCA.
3695 350 3781 410 εις

504 473 515 479 -
559 453 852 518 videretur,
885 452 1050 507 totius
1078 443 1387 513 medestiac.
1419 459 1473 506 et
1500 451 1813 520 gravitatis,
1855 459 2018 519 atque
2044 466 2134 504 sa-
2166 435 2208 493 Α
2238 450 2636 519 praxlicandum
2674 465 2836 522 esset,
2885 466 2999 515 uta
3030 456 3241 528 rapinis-
3278 473 3337 514 se
3380 473 3784 531 compescerent.

552 535 775 617 pientize
803 560 993 614 sapore
1018 544 1321 609 conditam;
1347 543 1668 612 protulimus
1690 544 1853 599 etiam
1876 554 1932 597 et
1958 546 2138 598 coram

2243 541 2428 610 utique
2456 542 2547 604 ⁴⁶⁶.
2582 543 2710 603 dunt
2770 554 3014 615 possunt,
3067 547 3393 620 elemosynis
3445 558 3665 620 peccata
3709 568 3793 617 sua

557 637 639 690 eis
686 634 850 705 relegi
897 633 1123 688 fecimus
1168 633 1641 688 commonitorium
1687 647 1717 686 a
1760 640 1939 687 vestra
1985 631 2141 686 nobis
2240 632 2588 697 redimerem,
2614 635 2887 695 utalluxu
2931 652 3109 694 rerum
3147 641 3523 711 temporalium
3565 645 3790 701 εοαωὶο

556 723 956 794 magnillcentia
987 722 1261 776 traditum.
1289 721 1494 789 Quibus
1524 722 1753 787 auditis,
1783 736 1973 777 omnes
2002 736 2138 775 una-

2240 732 2451 778 nerent.
2482 724 2818 781 Admoneudi
2865 738 2993 791 sunt
3041 730 3497 801 igiturpotentes,
3526 742 3585 797 ut
3615 734 3790 801 adv»,

556 815 780 870 nimiter
810 829 907 884 pro
937 809 1116 869 vestra
1155 812 1368 879 indole,
1405 814 1756 882 omnipotenti
1802 814 1914 869 Deo
1945 815 2140 871 diutis-
2231 810 2381 879 iores
2408 813 2668 870 ecclesias
2711 816 2801 870 ubi
2843 818 3285 888 prmdicationem
3318 821 3539 876 audire
3591 824 3790 892 possint,
3874 850 3876 859 ι

556 905 693 961 sitne
730 905 932 976 gratias
965 912 1230 975 egerunt,
1268 905 1396 972 quia
1432 903 1628 974 populo
1666 919 1763 960 suo
1800 914 1906 961 tam
1957 908 2136 975 piissi-

554 1012 701 1052 mum
733 1006 948 1067 tamque
975 997 1048 1031 “°
1071 997 1525 1067 sapientissimum
1556 998 1621 1030 ‘5‘
1652 999 1946 1070 principem
1973 1002 2136 1069 dedit,

552 1087 644 1159 qui
681 1098 873 1145 cuncta
909 1088 1285 1144 ordinabiliter
1324 1097 1380 1145 et
1422 1073 1816 1146 rationabiliter
1841 1091 1913 1123 δ”
1952 1094 2135 1163 dispo-

550 1193 685 1234 nere
721 1179 888 1249 cupit.

621 1269 677 1324 2.
712 1270 776 1324 Et
798 1270 1053 1339 quoniam
1084 1271 1335 1343 religiosa
1367 1271 1672 1329 sollicitudo
1696 1282 1875 1328 vestra
1901 1274 2133 1344 primum

550 1359 618 1415 de
675 1360 1089 1416 conversatione
1135 1362 1535 1431 episcoporum,
1585 1364 2028 1435 presbyterorum
2079 1373 2135 1421 et

549 1459 856 1507 ceterorum
890 1451 1214 1508 clericorum
1242 1467 1487 1522 quaerere
1526 1455 1755 1519 studuit,
1790 1470 1887 1510 nos
1921 1470 2136 1525 quoque

550 1542 680 1612 quia
713 1558 812 1598 nec
842 1543 1002 1598 aliter
1028 1542 1099 1576 ιδ’
1124 1543 1316 1600 melius
1349 1543 1464 1598 ﬁeri
1510 1547 1708 1615 potuit,
1734 1547 1967 1602 eundem
1992 1549 2136 1603 ordi-

550 1645 676 1687 nem
703 1620 1039 1688 servavimus
1061 1631 1164 1697 m;
1191 1641 1247 1689 et
1273 1635 1583 1704 episcopum
1629 1635 1846 1704 quidem
1893 1635 1968 1690 ita
1999 1651 2132 1690 con-

548 1720 753 1777 versari
799 1720 998 1778 debere
1044 1723 1476 1792 pronuntiamus,
1524 1732 1582 1777 ιιι
1627 1723 1743 1791 ejus
1791 1724 1899 1779 vita
1957 1716 2134 1778 omni-

548 1808 650 1866 bus
670 1810 741 1843 ⁸⁸⁸
771 1821 917 1866 recte
970 1811 1181 1866 vivendi
1221 1813 1296 1867 sit
1342 1828 1551 1868 norma.
1608 1812 1961 1885 Presbyteros
2006 1830 2133 1873 vero

547 1909 605 1955 et
660 1900 886 1957 clericos
924 1892 998 1956 ita
1062 1902 1244 1957 vivere
1293 1912 1534 1974 Oportet,
1588 1911 1650 1958 ut
1704 1905 1929 1960 subditae
1990 1905 2132 1976 plebi

550 1990 800 2061 exemplo
845 2006 954 2046 suae
1003 1992 1430 2048 conversationis
1471 1991 1774 2062 proﬁciant.
1808 1992 1878 2047 At
1905 1995 1976 2027 “‘
2013 1996 2134 2065 qui-

548 2081 674 2135 dam
713 2070 1157 2152 coepiscbporum
1193 2078 1518 2148 nostrorum,
1548 2082 1639 2153 qui
1667 2084 1819 2139 bona:
1847 2080 2134 2141 conversa-

549 2174 716 2230 tionis
750 2175 851 2230 sibi
882 2174 1084 2229 conscii
1123 2182 1269 2240 sunt,
1301 2174 1478 2247 palam
1506 2175 1660 2231 fateri
1693 2177 2034 2240 recusabant,
2063 2193 2132 2233 ne

548 2265 633 2320 sui
665 2264 905 2335 ipsorum
944 2264 1254 2321 laudatores
1285 2266 1629 2332 viderentur;
1672 2266 1764 2334 qui
1795 2281 1923 2321 vero
1951 2266 2131 2338 negle-

547 2356 787 2430 gentiam
817 2371 970 2411 suam
1019 2356 1434 2428 recognoscunt,
1476 2368 1628 2411 more
1662 2356 1889 2411 ‘bumani
1930 2356 2130 2427 ingenii

545 2462 607 2502 se
640 2446 784 2516 ipsos
820 2460 1078 2501 accusare
1118 2446 1444 2502 verebantur
1488 2464 1502 2500 :
1542 2446 1697 2516 juxta
1746 2447 2128 2502 commonitio.

546 2550 671 2591 nem
703 2545 879 2591 tamen
907 2544 1145 2592 vestram
1174 2536 1482 2608 diligentius
1510 2544 1936 2606 perscrutantes,
1969 2551 2130 2604 quos-

545 2627 671 2682 dam
694 2626 883 2697 quales
905 2627 1247 2694 desideratis,
1290 2627 1585 2697 qualesque
1613 2626 1793 2698 pepuli
1823 2626 1916 2682 Dei
1952 2635 2132 2695 pasto-

544 2730 634 2774 res
657 2728 712 2774 et
739 2726 978 2775 rectores
998 2733 1119 2775 esse
1148 2720 1325 2785 decet,
1377 2719 1719 2786 invenimus;
1768 2719 2127 2789 quorumdam

542 2810 675 2865 vero
702 2811 1112 2882 neglegentiam,
1160 2811 1247 2868 vel
1283 2824 1411 2882 erga
1443 2811 1765 2867 clericorum
1804 2826 2026 2865 suorum
2057 2810 2128 2845 δεῖ

538 2903 845 2973 custodiam
896 2909 1061 2972 atque
1095 2901 1400 2983 doctrinam
1434 2900 1527 2967 “0,
1578 2900 1661 2956 vel
1719 2916 1847 2972 erga
1890 2900 2126 2970 plebium

2239 902 2419 972 sepius
2440 902 2507 935 ⁸⁸⁷
2523 907 2882 973 conveniant;
2912 915 2969 963 et
2989 917 3248 977 quantum
3274 908 3413 964 dono
3433 909 3791 981 omnipotentis
3874 936 3876 943 -

2238 992 2332 1048 Dei
2375 994 2579 1050 divitiis
2608 1007 2661 1050 ct
2688 996 2981 1054 honoribus
3030 1008 3257 1055 caeteros
3289 998 3637 1058 antecedunt,
3668 1008 3792 1061 tanto

2238 1084 2306 1135 ad
2361 1082 2682 1140 audiendum
2706 1087 2776 1128 ⁸⁸⁸
2804 1096 3068 1158 prarcepta
3098 1089 3393 1144 conditoris
3447 1089 3534 1143 sui
3583 1088 3792 1145 alacrius
3874 1070 3876 1085 Ι

2235 1172 2512 1260 festinent.
2562 1176 2791 1243 Quidam
2843 1188 3024 1235 autem
3067 1180 3295 1236 comites
3347 1190 3402 1235 et
3447 1179 3599 1235 vassi
3646 1180 3792 1235 domi.
3874 1234 3876 1237 .

2237 1265 2345 1320 nici
2389 1263 2459 1298 “9
2511 1269 2858 1340 presbyteros
2909 1280 2967 1326 et
3012 1281 3240 1343 czcteros
3285 1271 3521 1327 clericos
3580 1280 3791 1355 nostros,
3874 1280 3876 1285 '

2236 1356 2379 1423 quod
2411 1371 2511 1412 nec
2544 1359 2811 1430 episcopis
2834 1361 3012 1416 facere
3034 1361 3182 1429 licet,
3210 1362 3413 1433 absque
3440 1370 3626 1417 nostra
3652 1361 3791 1417 licen-
3874 1396 3876 1409 ι

2236 1447 2310 1507 tia
2347 1448 2635 1517 recipiunt,
2676 1450 2894 1520 insuper
2931 1453 3095 1507 etiam
3146 1454 3479 1524 ubicumque
3518 1452 3789 1515 ordinatos,

2233 1547 2290 1621 et
2311 1539 2571 1607 quosdam
2611 1539 2679 1594 de
2707 1541 2904 1609 quibus
2932 1541 3154 1597 dubium
3178 1551 3260 1597 est
3290 1551 3476 1596 utrum
3516 1541 3790 1596 consecrati

2234 1630 2344 1685 sint
2376 1629 2467 1696 "°,
2509 1632 2560 1686 in
2613 1633 2935 1702 parroacltiis
2971 1635 3174 1693 nosuis
3212 1635 3417 1706 absque
3459 1643 3649 1688 nostra
3686 1646 3792 1686 en-
3874 1640 3876 1695 ζ

2238 1718 2539 1775 minatione
2583 1720 2777 1777 missas
2821 1723 2924 1776 sibi
2955 1721 3021 1754 ’⁵⁷⁸
3053 1722 3331 1779 celebrare
3376 1723 3625 1789 faciunt;
3670 1719 3791 1792 quod
3874 1746 3876 1785 τ

2235 1826 2304 1865 ne
2333 1810 2562 1866 ulterius
2584 1811 2694 1876 ﬁat,
2733 1813 3058 1868 omnimodis
3086 1822 3169 1869 est
3191 1814 3573 1880 inhibendum.

2240 1966 2249 1969 _
2301 1905 2355 1961 4.
2382 1905 2562 1982 Quare
2607 1906 2676 1938 δ”
2728 1907 2783 1962 in
2833 1908 3150 1965 ordinandis
3205 1909 3455 1980 plebibus
3506 1918 3789 1965 sanctorum

2230 2015 2498 2055 canonum
2536 1996 2607 2032 "‘
2636 2000 2881 2055 instituta
2928 2008 3235 2066 serventur,
3278 2009 3336 2056 et
3379 1999 3657 2070 pestifera:
3696 2014 3791 2061 atu-
3874 2020 3876 2069 ς

2229 2091 2453 2146 bitionis
2481 2091 2668 2146 vitium
2701 2091 3286 2169 radicitusextirpetur
3313 2092 3416 2158 ‘7‘;
3451 2101 3515 2149 et
3540 2106 3706 2167 neque
3724 2091 3780 2153 ob
3874 2094 3876 2141 ἰ

2229 2182 2568 2251 quorundam
2623 2181 3113 2251 propinquitatem,
3168 2196 3270 2237 nec
3312 2181 3382 2214 ’θη
3428 2196 3538 2252 pro
3595 2178 3789 2249 alicujus

2230 2272 2626 2328 familiaritatis
2652 2273 2842 2341 gratia,
2871 2287 3045 2342 neque
3078 2272 3221 2344 quod
3270 2272 3514 2326 maxime
3539 2270 3789 2326 detestan-
3874 2332 3876 2355 ε

2228 2362 2357 2418 dum
2383 2369 2468 2419 est
2497 2362 2591 2428 m,
2617 2370 2839 2433 prepter
2875 2363 3228 2433 pecuniarum
3254 2361 3650 2432 acceptionem,
3675 2357 3791 2414 indi-

2229 2469 2368 2525 gnus
2402 2454 2631 2524 quilibet
2670 2453 2975 2508 ordinetur.
3011 2453 3078 2507 Et
3127 2452 3361 2523 primum
3394 2452 3619 2524 quidem
3648 2449 3789 2521 ipsius
3874 2510 3876 2513 ,

2228 2544 2331 2602 loci
2380 2545 2721 2616 presbyteri,
2774 2544 2859 2600 vel
2905 2545 3086 2600 ca-teri
3138 2544 3343 2610 clerici,
3405 2544 3660 2599 idoneum
3706 2540 3788 2597 sibi
3874 2576 3876 2603 ς

2229 2645 2498 2692 rectorem
2524 2636 2759 2707 eligant;
2789 2634 2986 2691 deinde
3010 2633 3191 2705 populi
3217 2634 3309 2704 qui
3337 2632 3408 2688 ad
3448 2631 3680 2689 eandem
3699 2628 3789 2700 plc-
3874 2690 3876 2709 Ι

2227 2728 2352 2783 bem
2383 2727 2600 2796 aspicit,
2645 2733 2904 2795 sequatur
2951 2710 3227 2780 assensus.
3277 2724 3337 2779 Si
3379 2730 3569 2777 autem
3601 2722 3651 2776 in
3693 2719 3787 2788 ipsa

2226 2814 2383 2887 plebe
2437 2814 2556 2869 talis
2597 2814 2826 2869 inveniri
2875 2829 2984 2868 non
3050 2813 3308 2884 potuerit,
3358 2811 3452 2883 qui
3504 2809 3635 2865 illud
3676 2819 3789 2877 opus

2226 2916 2602 2979 competenter
2628 2921 2890 2977 peragere
2913 2905 3104 2978 possit,
3141 2915 3270 2961 tunc
3299 2904 3593 2975 episcopus
3618 2903 3681 2958 de
3698 2901 3789 2955 suis

542 2993 961 3048 sollicitudinem
990 2993 1357 3063 repperimus;
1409 2993 1605 3062 quibus
1645 2999 1705 3045 ut
1733 2991 2127 3061 aliquantulum
2200 3015 2394 3070 quem
2426 2999 2694 3053 idoneum
2735 2996 3084 3066 judicaverit,
3132 2997 3263 3052 inibi
3306 2996 3625 3059 constituat.
3671 2991 3788 3048 Sane

541 3079 866 3165 emendandi
934 3081 1166 3150 spatium
1221 3079 1499 3144 tribuatis,
1550 3080 1829 3135 humiliter
1868 3080 2122 3150 petimus.
2150 3115 2196 3179 Ο
2228 3069 2552 3144 removenda
2579 3096 2665 3143 est
2688 3088 3025 3157 quorundam
3056 3069 3332 3158 laycorum
3374 3084 3681 3155 procacitas
3707 3081 3784 3144 η’,

534 3172 697 3239 Ωιιοά
722 3160 794 3205 ⁸⁸³
818 3172 863 3226 εί
891 3171 1001 3225 θίιο
1039 3171 1236 3226 delle“
1279 3187 1387 3227 ιιοη
1440 3171 1802 3237 (εοηθιθτίηῑ,
1861 3168 2123 3226 εονθιίὶοΐί
2151 3160 2196 3179 ν
2226 3182 2316 3252 qui
2343 3181 2445 3236 hoc
2473 3178 2589 3236 solo
2615 3179 2863 3246 obtentu,
2891 3180 3035 3250 quod
3060 3180 3128 3234 ad
3166 3178 3454 3235 electionis
3476 3174 3788 3232 consortium

527 3262 828 3317 sententia:
848 3261 1223 3331 subjacebttnt.
1249 3260 1515 3317 Caeterum
1532 3262 1577 3316 si
1598 3261 1855 3331 quislibet
1874 3261 2126 3320 ““laicoe
2227 3275 2615 3340 admittuntur,
2643 3272 3131 3345 archipresbyteris
3170 3272 3284 3327 suis
3308 3271 3584 3327 dominari
3610 3282 3788 3341 pm.

532 3367 664 3406 rum
691 3351 779 3406 vel
802 3350 1124 3407 clericorum
1149 3360 1340 3408 contra
1380 3351 1715 3422 episcopum,
1763 3361 1856 3407 aut
1898 3350 2124 3421 alicujus

530 3442 753 3499 ordinis
776 3441 1054 3506 clericum,
1083 3442 1288 3513 aliquid
1332 3443 1602 3512 queritur,
1636 3444 1849 3503 noverit
1898 3458 1999 3499 nos
2027 3458 2116 3513 ραι

541 3543 694 3590 ratos
721 3546 842 3590 esse
865 3534 933 3567 “‘
958 3543 1015 3590 et
1043 3534 1337 3605 legitimam
1388 3535 1631 3605 praebere
1678 3534 2025 3601 audientiam,
2071 3545 2128 3592 et

540 3625 765 3695 siquid
796 3639 1081 3696 perperam
1126 3625 1621 3696 gessisseeprobati
1671 3627 1892 3694 fuerint,
1945 3629 2126 3684 debita

540 3714 1012 3773 animadversione
1048 3705 1241 3789 punire
1262 3717 1368 3772 ⁸⁸³.
1524 3752 1527 3757 -
1842 3768 1845 3771 .

524 3834 531 3843 ν
610 3806 663 3860 5.
702 3808 952 3863 Doctrina
971 3823 1108 3865 vero
1133 3817 1187 3865 et
1216 3810 1530 3880 praedicatio
1551 3811 1603 3866 in
1628 3812 1903 3883 populum,
1929 3813 2124 3884 partim

520 3897 915 3970 episcoporum
939 3908 996 3955 et
1025 3898 1351 3970 reliquorum
1381 3904 1747 3968 sacerdotum,
1772 3895 2125 3973 partim‘vero

539 3988 723 4059 populi
753 3989 1113 4061 neglegentia,
1141 4007 1247 4046 non
1297 3986 1438 4047 sicut
1489 3995 1856 4050 necessarium
1893 4006 1979 4050 est
2001 4010 2130 4065 pro-

540 4088 785 4158 curatur.
813 4079 882 4133 Et
909 4082 1251 4135 sacerdotum
1295 4083 1510 4151 quidem
1545 4084 1859 4138 incuriam
1899 4086 2127 4141 nullate-

540 4184 643 4224 nus
672 4178 756 4223 est
796 4162 1154 4225 excusanda:
1197 4172 1413 4241 quidam
1455 4189 1585 4229 vero
1629 4174 1772 4241 laici,
1808 4184 1863 4231 et
1891 4177 2128 4233 maxime

539 4266 789 4331 potentes
816 4275 880 4315 ac
906 4261 1130 4340 nobiles,
1178 4278 1313 4332 quos
1358 4265 1655 4321 studiosius
1683 4267 1750 4322 ad
1780 4269 2125 4337 praedicatio-

520 4353 680 4427 'nemo
700 4350 884 4406 venire
915 4354 1218 4433 oportebat,
1263 4353 1421 4423 juxta
1465 4356 1654 4421 domos
1697 4374 1824 4414 suas
1870 4360 2122 4418 basilicas

2224 3375 2400 3431 munt,
2452 3375 2507 3421 et
2553 3380 2690 3436 quos
2743 3373 3016 3435 tamquam
3064 3372 3247 3436 patres
3298 3362 3557 3418 venerari
3612 3360 3785 3415 debue-

2224 3466 2351 3510 rant
2375 3455 2472 3521 ⁸⁷⁸,
2499 3454 2646 3511 velut
2671 3454 2914 3510 subditos
2945 3462 3354 3523 contempnunt.
3386 3450 3451 3505 Hi
3477 3452 3644 3523 igitur
3670 3449 3785 3503 intra

2222 3544 2429 3615 proprii
2451 3543 2593 3615 juris
2622 3542 2887 3598 terminos
2910 3550 3038 3598 sunt
3063 3540 3373 3613 redigendi;
3405 3549 3462 3595 et
3495 3541 3545 3594 si
3570 3546 3789 3595 extraor-

2226 3632 2497 3689 dinariam
2542 3631 2962 3688 dominationem
3003 3630 3057 3685 in
3092 3630 3353 3685 :ncclesiis
3382 3642 3643 3685 exercere
3674 3638 3787 3697 pr:-

2226 3728 2583 3798 sumpserint,
2615 3726 2760 3797 regia
2788 3734 2916 3781 sunt
2943 3723 3223 3793 disciplina
3254 3721 3606 3778 coltercendi.

2220 3810 2223 3817 “
2297 3819 2353 3873 5.
2384 3817 2448 3889 Hi
2475 3817 2545 3850 ⁸⁷⁸
2574 3832 2702 3872 vero
2727 3817 2819 3888 qui
2849 3817 2915 3871 ad
2941 3813 3321 3893 gubernandas
3364 3812 3552 3883 plebes
3581 3807 3787 3883 legitime

2215 3906 2470 3980 provecti
2500 3917 2647 3974 sunt,
2678 3906 2986 3962 nullatenus
3026 3920 3056 3960 a
3089 3904 3205 3960 suis
3245 3903 3520 3975 episcopis
3551 3900 3787 3971 repellan-

2233 4008 2341 4067 tur,
2372 3999 2476 4054 nisi
2508 4007 2601 4054 aut
2626 3994 2856 4067 alicujus
2878 3995 3121 4051 criminis
3150 4002 3355 4049 reatum
3380 3992 3689 4053 inciderint,
3709 3993 3787 4042 aut

2227 4090 2441 4146 easdem
2472 4089 2655 4159 plebes
2680 4086 2820 4142 male
2850 4083 3224 4141 tractaverint.
3256 4081 3515 4138 Tollenda
3553 4088 3638 4136 est
3662 4075 3782 4133 enini

2226 4181 2449 4237 omnino
2472 4194 2635 4250 prava
2678 4175 3034 4239 consuetudo,
3065 4189 3187 4244 qua;
3226 4173 3282 4228 in
3323 4170 3644 4242 quibusdam
3673 4164 3783 4221 locis

2225 4271 2358 4328 oriri
2403 4271 2599 4341 cmpit;
2648 4268 2771 4338 quia
2814 4264 3057 4321 nonnulli
3103 4261 3565 4335 archipresbyteri
3610 4259 3676 4291 δ’*
3716 4254 3784 4308 vel

2214 4364 2458 4427 aliorum
2489 4363 2765 4420 titulorum
2812 4363 3083 4426 custodes,
3108 4358 3308 4439 fruges
3332 4357 3403 4389 m
3431 4354 3518 4410 vel
3560 4351 3690 4407 alios
3712 4359 3784 4402 ee-

527 4440 765 4525 :habent,
812 4442 864 4496 in
896 4443 1090 4512 quibus
1128 4445 1382 4501 ‘divinum
1432 4446 1713 4504 audientes
1768 4450 2022 4516 omcium,
2053 4454 2120 4508 ad

2228 4456 2513 4514 clesiarum
2572 4455 2814 4511 redditus
2854 4454 2926 4508 ad
2973 4453 3222 4523 proprias
3267 4450 3456 4506 domos
3497 4446 3778 4501 abducunt:

520 4533 776 4603 _majores
801 4534 1060 4591 ecclesias
1090 4538 1265 4603 rarius
1302 4540 1487 4595 venire
1519 4552 1867 4598 consuerunt.
1906 4544 2120 4601 Etdum
2223 4548 2443 4617 quidam
2473 4561 2604 4602 vero
2631 4544 2858 4599 aliorum
2890 4542 3258 4613 possessiones
3282 4538 3612 4594 conducunt.
3654 4539 3708 4585 ut
3735 4529 3778 4581 in

539 4625 640 4682 soli
675 4624 854 4682 amicti
883 4637 936 4682 et
968 4643 1230 4697 pauperes
1257 4630 1492 4695 veniunt,
1521 4633 1648 4703 quid
1678 4634 1842 4701 aliud,
1872 4650 2034 4705 quam
2068 4644 2127 4691 ut
2223 4637 2304 4691 eis
2331 4651 2451 4705 qua:
2474 4635 2540 4690 ab
2565 4632 2811 4689 ecclesiis
2831 4631 2943 4686 suis
2967 4629 3107 4685 male
3133 4627 3503 4684 subtraxeriut
3524 4624 3590 4657 ⁸⁸⁸
3613 4632 3778 4675 recon-

541 4717 819 4789 pacienter
864 4717 1003 4772 mala
1052 4717 1251 4782 ferant,
1301 4718 1407 4774 illis
1455 4721 1855 4789 praedicandum
1897 4725 2017 4779 est?
2064 4725 2124 4779 Si
2225 4726 2386 4791 dant;
2437 4724 2677 4781 nonnulli
2723 4731 2901 4778 autem
2947 4722 3205 4776 laicorum
3257 4720 3309 4774 in
3360 4726 3567 4772 tantum
3611 4723 3775 4769 eorum

543 4815 724 4861 autem
766 4802 979 4869 divites,
1021 4807 1111 4876 qui
1155 4809 1484 4876 pauperibus
1532 4809 1782 4877 injuriam
1825 4811 2004 4867 facere
2034 4828 2122 4868 so—
2202 4815 2484 4885 ‘nequitize
2523 4830 2581 4869 se
2608 4812 2898 4883 complices
2946 4797 3173 4874 faciunt,
3222 4816 3282 4862 ut
3330 4818 3452 4877 qua:
3500 4795 3774 4872 huiusmodi

540 4890 623 4949 liti
648 4892 720 4929 ⁵⁸⁸
746 4901 902 4969 sunt,
930 4896 1114 4951 venire
1133 4911 1239 4950 non
1262 4907 1606 4963 rennuereut,
1643 4900 1747 4954 illis
1785 4899 1855 4933 ⁸⁸⁸
1901 4905 2121 4958 omnino
2200 4900 2656 4974 transgressores
2710 4902 2778 4958 ab
2818 4901 3048 4956 ecclesia
3071 4891 3465 4969 ’subripuerint
3497 4896 3587 4961 ⁸⁸³,
3611 4891 3703 4963 ipsi
3730 4888 3774 4941 in

1827 5076 2061 5132 VARIIE
2095 5076 2496 5137 LECTiONES.
3531 5122 3538 5129 .

611 5209 680 5242 ⁸⁸⁸
701 5184 969 5277 quamque
995 5205 1050 5259 2.
1076 5206 1130 5260 4.
1206 5206 1272 5236 ⁵⁸¹
1299 5204 1698 5260 sanctissimum
1732 5206 1788 5259 2.
1832 5206 1886 5259 4.
1964 5209 2032 5240 ‘5’
2055 5219 2111 5264 et
2287 5211 2426 5265 deest
2455 5213 2505 5279 1.
2538 5211 2592 5265 2.
2668 5197 2738 5243 “3
2760 5211 2860 5279 Qui
2890 5210 3139 5282 regaliter
3159 5209 3212 5264 2.
3248 5226 3355 5280 quo
3382 5204 3707 5326 regulariter

611 5292 915 5326 servamus
951 5278 1005 5326 2.
1035 5276 1088 5326 4.
1163 5276 1232 5311 ⁸⁸⁸
1271 5276 1409 5326 deest
1441 5275 1496 5326 4.
1573 5275 1644 5305 ⁸⁸⁸
1664 5284 1716 5326 et
1736 5276 1792 5326 Ξ.
1824 5276 1894 5326 ’4.
1969 5279 2040 5311 ⁸⁸⁷
2064 5295 2391 5326 snnmmnne
2416 5281 2465 5326 l-
2540 5283 2611 5314 ’⁸⁵⁸
2643 5297 2693 5326 n-
2721 5282 2770 5326 ιι-
2804 5282 2986 5326 denm!
3009 5282 3064 5326 ι,
3140 5281 3209 5314 ⁸⁵⁸³
3247 5282 3336 5326 ηιιί
3366 5282 3421 5326 9-
3495 5321 3507 5326 -
3580 5281 3642 5313 W
3669 5293 3771 5326 mtt-

540 5279 612 5313 ’⁸⁸⁸
636 5275 915 5326 servamus
951 5278 1005 5326 2.
1035 5276 1088 5326 4.
1163 5276 1232 5311 ⁸⁸⁸
1271 5276 1409 5326 deest
1441 5275 1496 5326 4.
1573 5275 1644 5305 ⁸⁸⁸
1664 5284 1716 5326 et
1736 5276 1792 5326 Ξ.
1824 5276 1894 5326 ’4.
1969 5279 2040 5311 ⁸⁸⁷
2064 5295 2391 5326 snnmmnne
2416 5275 2488 5326 ι-’
2540 5283 2611 5314 ’⁸⁵⁸
2643 5297 2693 5326 n-
2721 5275 2986 5326 dfdunn't
3009 5282 3064 5326 ι,
3140 5281 3209 5314 ⁸⁵⁸³
3247 5275 3336 5326 ἠιιί
3366 5282 3421 5326 9-
3453 5275 3507 5326 Ι-
3580 5281 3642 5313 ⁸⁸⁸
3669 5279 3772 5326 ιιιιί-
