3960 6320
168 400 254 456 613

1153 401 1578 459 FBANCORUM
1615 401 1852 456 RECUM
1893 400 2366 456 CAPITULARM.

3293 399 3394 454 6H

167 524 264 564 suzs
289 509 526 565 domibus
552 511 902 567 abscondant.
935 510 1092 566 Tales
1120 527 1250 582 ergo
1288 515 1521 581 primum
1552 528 1579 566 a
1603 513 1718 566 suis
1748 495 1791 549 Α
1823 510 2010 564 buunt.
2044 511 2194 578 Quod
2221 513 2546 567 omnimodis
2588 513 2781 568 divinae
2821 514 2926 585 'lcgi
2959 523 3013 569 et
3040 513 3213 570 sacris
3239 527 3395 567 cano-

166 598 406 668 episcopis
432 601 830 671 corripiantur;
886 603 1031 672 quod
1060 602 1104 657 si
1151 616 1208 656 se
1257 603 1416 657 citius
1443 603 1716 670 corrigere

167 690 426 752 noluerint,
456 699 728 762 tamquam
768 692 861 762 qui
889 693 1287 748 ecclesiasticas
1333 709 1420 748 res
1454 691 1715 761 sacrilega

167 781 441 836 temeritate
465 792 854 849 tractaverunt,
871 784 1118 854 synodali
1144 785 1410 839 sententia
1431 783 1712 837 teriantur.

164 869 291 925 Laiei
313 870 377 902 ‘“
399 887 526 926 vero
551 874 640 942 qui
664 884 784 944 post
806 874 943 928 hanc
972 874 1430 930 denuntiationem
1459 873 1634 929 socios
1658 887 1717 928 se

163 959 301 1029 hujus
325 962 663 1031 expilationis
694 965 1047 1034 prmbuerint,
1096 974 1370 1036 tamquam
1411 965 1541 1019 furti
1595 978 1717 1019 reos

158 1051 414 1122 judiciaria
442 1057 712 1110 coartabit
741 1056 810 1089 ⁸⁸⁸
841 1057 1160 1113 auctoritas.

222 1143 269 1197 6.
295 1144 366 1198 De
391 1146 786 1201 restauratione
831 1148 1202 1212 ecclesiarum,
1247 1147 1375 1201 illud
1423 1145 1718 1217 capitulum

163 1234 356 1298 sufficit,
409 1237 555 1306 quod
606 1237 873 1308 gloriosus
918 1239 988 1279 ⁸⁸⁸
1035 1239 1248 1308 genitor
1305 1248 1488 1292 vester
1534 1239 1600 1271 "7
1663 1237 1715 1290 in

164 1326 344 1380 Olonna
379 1325 449 1367 ⁸⁸³
477 1317 793 1392 constituit;
840 1329 933 1384 sed
977 1338 1036 1384 ut
1075 1329 1393 1384 observetur
1420 1329 1511 1394 δι’,
1539 1338 1715 1383 vestra

162 1417 337 1487 indiget
372 1418 760 1476 admonitione.

217 1508 261 1559 7.
294 1507 554 1562 Similiter
601 1517 656 1562 et
687 1509 753 1563 dc
795 1510 1183 1573 xenodocbiis,
1236 1509 1375 1564 sicut
1422 1509 1476 1563 in
1527 1508 1714 1564 eodem

160 1595 417 1665 linpitulari
449 1597 782 1664 continetur,
805 1600 1206 1655 observandum
1233 1608 1332 1654 est.

214 1687 260 1741 8.
290 1685 360 1740 De
386 1687 730 1742 monasteriis
767 1696 946 1742 autem
981 1688 1217 1741 virorum
1251 1703 1343 1742 seu
1370 1687 1713 1751 feminarum,

160 1794 260 1848 qua:
283 1780 574 1835 secundum
612 1781 850 1850 regulare
879 1781 1050 1836 sancti
1089 1781 1384 1844 Benedicti,
1417 1780 1498 1834 vel
1522 1795 1717 1835 secun-

160 1870 264 1922 dum
291 1870 606 1926 canonicam
646 1871 1026 1925 auctoritatem
1060 1871 1322 1940 disposita
1349 1886 1469 1925 esse
1496 1870 1714 1935 debent,

159 1962 262 2030 quia
293 1963 573 2033 inspiratio
598 1964 990 2034 omnipotentis
1030 1965 1124 2019 Dei
1156 1975 1215 2019 ut
1241 1965 1309 1996 "’°
1335 1965 1606 2020 credimus
1649 1964 1716 2018 ad

123 2051 274 2122 ,thanc
316 2052 726 2122 inquisitionem
765 2053 831 2086 ⁸⁸⁸
875 2069 970 2108 cor
999 2054 1165 2108 vestri
1207 2055 1592 2108 moderaminis
1637 2054 1718 2106 in-

137 2121 337 2209 ‘eitavit,
385 2121 485 2213 ipsi
549 2143 754 2216 gratias
817 2143 1128 2199 referimus.
1207 2144 1340 2199 Nam
1409 2147 1551 2216 quod
1600 2145 1714 2214 jam

159 2234 364 2288 maxima
393 2234 462 2275 δ”
491 2250 562 2290 ex
616 2245 771 2305 parte
813 2236 1060 2292 ordinem
1108 2253 1263 2292 suum
1313 2237 1594 2293 amiserint
1623 2238 1712 2305 ³³³,

158 2323 375 2378 carnibus
401 2333 485 2379 est
519 2325 904 2391 manifestum;
955 2343 1076 2396 qua:
1104 2336 1162 2381 ut
1185 2327 1252 2382 ad
1283 2329 1567 2398 pristinum
1601 2337 1713 2398 sta-

159 2421 249 2466 ttun
301 2415 650 2481 reducantur,
699 2416 756 2471 in
801 2418 1002 2472 domini
1047 2427 1102 2474 et
1144 2421 1403 2490 genitoris
1443 2422 1606 2476 vestri
1652 2436 1716 2490 ac

157 2513 306 2558 vestra
335 2506 574 2576 gloriosa
607 2507 963 2578 dispositione.
984 2509 1255 2564 consistit.

213 2591 260 2646 9.
288 2594 348 2666 Et
368 2595 438 2627 ⁸³⁸
462 2612 526 2651 ea
563 2597 784 2666 quidem
816 2600 1144 2656 monasteria
1167 2615 1288 2670 qua:
1317 2600 1494 2656 adlmc
1513 2610 1712 2666 statum

159 2697 289 2738 suum
319 2687 579 2754 retinent,
610 2703 1048 2760 unumquemque
1068 2691 1445 2760 episcoporum
1484 2693 1535 2745 in
1563 2693 1716 2762 cujus

156 2777 426 2854 parrmebia
479 2778 782 2834 constituta
820 2788 946 2834 sunt
989 2780 1093 2845 ⁸³⁵,
1137 2781 1424 2851 providere
1479 2790 1712 2854 oportet,

156 2852 305 2919 utrum
332 2869 581 2938 ordinem
611 2884 768 2938 suum
808 2877 1043 2925 teneant.
1074 2869 1175 2937 Qui
1200 2871 1268 2904 ⁸⁹⁶
1296 2872 1339 2926 si
1382 2872 1541 2926 aliter
1566 2872 1716 2926 inve.

157 2954 288 3019 uerit,
316 2972 412 3010 una
441 2973 572 3012 cum
608 2965 817 3013 rectore
844 2959 1156 3014 monasterii
1185 2961 1459 3030 corrigere
1479 2959 1710 3015 debebit.

155 3039 279 3105 Quod
306 3045 348 3098 si
379 3046 616 3102 rectoris
662 3048 981 3102 monasterii
1010 3048 1378 3119 principaliter
1413 3049 1566 3120 culpa
1593 3048 1712 3104 fue-

1817 599 1973 652 nibus
2040 610 2254 654 conslat
2314 615 2436 655 esse
2509 604 2859 658 contrarium.
2940 602 3089 659 Unde
3163 613 3395 658 vestram

1815 699 2158 758 potestatem,
2186 700 2244 744 ut
2269 707 2364 746 eos
2392 694 2698 763 corrigatis,
2725 695 3047 763 expetimus.

1890 781 1980 834 t2.
2009 781 2173 836 Sacra
2202 783 2703 849 docetauetoritas,
2749 795 2807 838 ut
2853 787 3063 854 publice
3109 796 3397 856 peccantes

1817 869 2041 938 publice
2066 872 2394 940 paruiteutiae
2423 873 2780 927 subiciantur.
2825 874 3175 929 Inveniuntur
3213 886 3395 932 autem

1817 961 2034 1029 quidam
2058 963 2146 1030 qui
2181 962 2383 1017 incesta
2415 964 2755 1018 matrimonia
2789 975 3199 1030 contraxerunt,
3229 977 3283 1020 et
3315 965 3397 1020 vel

1817 1051 2079 1119 proximis
2105 1053 2243 1114 suis,
2277 1052 2357 1105 vel
2386 1053 2492 1106 Deo
2521 1055 2751 1108 sacratis
2775 1056 2843 1085 ⁸⁰¹
2881 1055 3198 1110 mulieribus
3233 1071 3400 1126 copu~

1819 1141 1911 1196 lati
1945 1150 2104 1206 sunt;
2135 1135 2355 1211 quidam
2389 1143 2551 1198 etiam
2586 1143 2798 1213 publice
2830 1146 3115 1200 homicidia
3167 1146 3250 1200 vel
3293 1147 3398 1200 alia

1819 1232 2048 1286 crimina
2082 1243 2480 1303 perpetrarunt,
2521 1251 2658 1303 quos
2703 1247 2759 1289 ut
2804 1237 3042 1306 episcopi
3074 1238 3143 1267 ⁵⁰²
3173 1237 3400 1306 publicae

1818 1324 2026 1392 possint
2051 1325 2385 1393 pmuitentim
2432 1325 2744 1395 subjugare,
2785 1327 3016 1395 petimus
3047 1335 3105 1380 ut
3135 1328 3393 1382 comitum

1817 1423 2122 1468 vestrorum
2149 1415 2350 1468 auxilio
2373 1413 2441 1445 ⁸⁸³
2472 1415 2783 1470 l‘ulciantur.

1893 1505 1982 1559 15.
2021 1504 2292 1570 Quosdam
2319 1505 2598 1559 ministros
2623 1507 2880 1560 comitum
2909 1517 3128 1578 propter
3154 1507 3402 1577 frequen-

1805 1577 1893 1650 tia
1948 1594 2145 1664 placita
2196 1596 2569 1663 pauperiorem
2622 1596 2873 1664 populum
2946 1598 3106 1651 nimis
3169 1597 3403 1669 afﬂigere

1817 1685 2212 1753 comperimus;
2243 1685 2385 1739 unde
2409 1683 2746 1750 majestatem
2775 1694 3006 1740 vestram
3030 1688 3399 1752 obsecramus,

1819 1786 1877 1828 ut
1901 1774 2198 1844 capitulare
2226 1775 2311 1828 avi
2354 1775 2516 1830 vestri
2543 1775 2608 1831 de
2632 1775 2734 1831 bac
2772 1792 2830 1832 re
2857 1777 3147 1836 observare
3173 1781 3244 1812 ὀδ
3265 1797 3402 1852 prte-

1823 1864 2038 1933 cipiatis

1894 1957 1982 2011 14.
2015 1957 2089 2011 De
2116 1956 2405 2011 comitibus
2431 1970 2578 2018 vero,
2613 1956 2680 2009 de
2710 1972 2939 2026 quorum
2973 1957 3087 2014 vita
3111 1967 3165 2012 et
3193 1959 3403 2016 actibus

1821 2060 1849 2099 a
1882 2046 2037 2100 nobis
2062 2060 2308 2115 quaerere
2347 2045 2515 2099 voluit
2555 2046 2860 2101 sublimitas
2906 2057 3105 2112 vestra,
3138 2049 3400 2118 quosdam

1825 2134 1956 2189 tales
1978 2151 2100 2190 esse
2131 2137 2353 2200 scimus,
2383 2135 2568 2204 quales
2596 2121 2686 2189 Dei
2716 2135 2992 2192 ministros
3030 2147 3083 2191 et
3108 2150 3300 2194 veStraz
3325 2141 3402 2194 rei

1822 2224 2051 2294 publica:
2090 2241 2397 2296 provisores
2433 2241 2554 2280 esse
2592 2227 2749 2280 decet
2775 2227 2876 2290 '°';
2930 2229 3169 2283 nonnulli
3197 2239 3399 2302 autem,

1821 2323 1879 2368 ut
1917 2329 1974 2369 se
2005 2330 2238 2384 suosque
2267 2315 2547 2371 ministros
2580 2317 2876 2386 corrigunt,
2932 2327 3109 2371 vestra
3155 2318 3404 2373 admoui-

1820 2409 1967 2464 tione
1993 2407 2251 2479 indigent,
2277 2409 2472 2479 quibus
2497 2418 2699 2473 tamen,
2736 2409 2985 2465 similiter
3006 2411 3077 2446 '°°
3105 2421 3161 2465 ut
3187 2413 3401 2482 cpisco—

1819 2502 1902 2574 pis
1938 2503 2031 2568 ⁸⁰⁷,
2060 2500 2456 2572 aliquantulum
2499 2502 2821 2556 emendandi
2859 2503 3088 2572 spatium
3127 2503 3400 2570 tribuatis,

1805 2595 2180 2664 exposcimus.
2213 2595 2314 2661 Qui
2369 2595 2412 2652 si
2465 2610 2525 2650 se
2568 2597 2733 2652 citius
2786 2597 3062 2667 corrigere
3107 2597 3398 2664 noluerint,

1818 2683 1968 2752 regia
2000 2693 2126 2738 sunt
2155 2685 2479 2739 auctoritate
2504 2685 2851 2755 reprimendi.

1891 2773 1976 2826 15.
2014 2772 2316 2828 Statuimus
2366 2775 2555 2839 etiam,
2607 2790 2676 2830 ne
2729 2775 2992 2846 episcopi,
3039 2779 3256 2848 quando
3303 2793 3402 2848 pro

1807 2863 2190 2938 confirmando
2228 2865 2424 2936 p0pulo
2447 2867 2516 2898 ⁸⁰⁸
2543 2869 2881 2938 parrazcbias
2917 2870 3279 2936 circumeunt,
3311 2887 3404 2926 ar-

1818 2953 2256 3030 cbipresbyteros
2283 2970 2412 3009 suos
2441 2967 2688 3026 gravent,
2713 2966 2772 3010 ut
2813 2955 3118 3026 lmjusmodi
3149 2961 3402 3031 dispensat

1817 3045 2059 3100 contenti
2091 3046 2197 3100 sint
2222 3063 2235 3100 :
2263 3060 2432 3115 panes
2458 3036 2698 3112 centum,
2734 3047 3024 3119 friskingas
3050 3050 3118 3082 ’θ’
3147 3061 3400 3121 (ιυαιυοιε,

157 3132 229 3196 rit,
247 3141 292 3188 et
317 3151 372 3190 se
397 3152 642 3208 suosque
664 3139 908 3194 subditos
930 3139 996 3194 ad
1027 3139 1448 3195 admonitionem
1475 3141 1708 3212 episc0pi
1740 3137 2003 3242 Cvinum
2027 3137 2096 3169 ⁵¹⁰
2122 3137 2359 3193 sextaria
2405 3138 2818 3208 quinquaginta,
2873 3139 3046 3210 pullos
3093 3140 3278 3197 decem
3305 3143 3401 3209 Ψ,

153 3223 218 3275 sui
246 3228 511 3300 corrigere
561 3229 982 3285 dissimulaverit
1004 3230 1098 3298 ⁸⁸⁷,
1128 3233 1384 3303 synodica
1413 3233 1576 3289 debet
1599 3237 1732 3288 -au-'

153 3318 371 3374 ctoritate
400 3321 651 3390 percelli.

208 3407 283 3461 10.
321 3410 560 3477 Quidam
587 3422 765 3467 autem
791 3413 1027 3486 episcopi
1070 3423 1126 3470 et
1166 3425 1407 3472 rectores
1434 3430 1709 3474 monaste-

151 3498 324 3555 riorum
363 3519 448 3560 res
485 3505 846 3560 ecclesiarum
895 3523 1117 3562 suarum
1158 3510 1465 3564 subtractas
1507 3520 1562 3564 et
1593 3507 1712 3566 aliis

152 3593 365 3654 personis
412 3595 464 3670 in
508 3595 837 3650 beneficium
867 3597 936 3630 ⁸⁸⁸
966 3598 1188 3669 largitas
1233 3615 1355 3655 esse
1387 3611 1708 3675 queruntur,

151 3691 193 3731 et
215 3681 318 3736 ideo
341 3685 745 3741 ecclesiasticas
767 3688 1028 3742 utilitates
1046 3703 1103 3743 se
1125 3704 1464 3760 nequaquam
1490 3690 1711 3762 implore

151 3785 281 3837 posse
303 3777 480 3832 dicunt
507 3795 525 3843 ;
561 3793 681 3847 qua:
709 3777 774 3833 ut
811 3780 1189 3846 restituantur,
1238 3790 1474 3835 vestram
1506 3783 1710 3854 regiam

153 3870 457 3938 majestatem
482 3876 862 3946 imploramus,
905 3878 1184 3934 humiliter
1219 3880 1573 3942 admonentes
1615 3882 1708 3947 δ”,

150 3962 252 4027 Quia
275 3965 316 4018 si
348 3966 399 4019 hi
431 3967 532 4037 qui
572 3981 666 4021 eas
705 3983 804 4037 pro
844 3970 1146 4024 animarum
1194 3987 1414 4026 suarum
1470 3971 1708 4036 remedio

150 4053 363 4111 ccclesiis
388 4058 765 4120 contulerunt,
810 4061 1088 4128 praunium
1123 4072 1422 4128 merentur,
1455 4064 1572 4118 sine
1605 4063 1706 4118 du-

148 4139 220 4195 bio
242 4143 621 4217 dampnatioue
649 4149 796 4220 digni
825 4159 968 4214 sunt,
995 4153 1088 4222 qui
1119 4169 1212 4209 cas
1242 4155 1566 4210 subtrahere
1593 4171 1707 4220 ttio-

149 4228 344 4290 liuntur.

206 4323 280 4377 11.
310 4325 362 4380 1η
393 4327 570 4382 sacris
599 4329 896 4384 canonilms
940 4331 1219 4400 prmtixum
1268 4339 1369 4398 est,
1400 4341 1458 4387 ut
1485 4335 1708 4400 decima:

145 4412 272 4478 juxta
301 4419 542 4493 episcopi
576 4420 984 4488 dispositionem
1021 4423 1444 4488 distribuantur;
1487 4425 1704 4495 quidam

1816 3245 1916 3285 ova
1943 3229 2358 3300 quinquaginta,
2411 3244 2608 3300 agnum
2640 3245 2829 3294 unum,
2879 3231 3174 3301 porcellum
3213 3248 3402 3298 unum,

1815 3334 2086 3376 annonam
2131 3321 2198 3372 ad
2227 3318 2464 3374 caballos
2495 3319 2701 3374 modios
2733 3333 2853 3381 sex,
2898 3319 3104 3375 frenum
3145 3323 3406 3378 carradas

1797 3419 1947 3490 ‘tres,
1972 3409 2102 3473 ntel,
2131 3405 2335 3474 oleum,
2365 3425 2510 3475 cera,
2539 3410 2684 3480 quod
2718 3410 2936 3466 sufﬁcit.

1883 3522 1970 3576 16.
2011 3523 2080 3554 ⁸¹¹
2105 3523 2344 3578 Petimus
2378 3523 2540 3578 etiam
2565 3564 2580 3586 ,
2635 3532 2694 3578 ut
2722 3526 3051 3581 emunitates
3097 3527 3406 3596 progenito-

1811 3629 1931 3668 rum
1961 3623 2267 3674 vestrorum
2301 3615 2370 3668 ita
2395 3629 2718 3672 conservare
2749 3615 2820 3651 ⁵³³
2850 3616 3210 3686 pmcipiatis,
3261 3619 3407 3672 sicut

1795 3719 1840 3763 .a
1871 3703 2104 3774 glorioso
2124 3703 2369 3773 genitore
2395 3711 2576 3759 vestro
2607 3704 2661 3758 in
2686 3703 2895 3760 Olonna
2925 3705 2997 3736 '”
3047 3708 3402 3764 constitutum

1809 3806 1914 3852 est.

1881 3887 1970 3942 17.
1998 3887 2104 3942 Per
2123 3886 2360 3958 singulas
2387 3887 2722 3957 parrmchias
2749 3901 2845 3942 eas
2872 3886 3196 3944 festivitates
3236 3903 3405 3958 popu-

1809 3977 1894 4034 lus
1913 3978 2202 4048 observare
2229 3978 2466 4050 studeat,
2491 3993 2626 4046 quas
2661 3978 2910 4047 proprius
2953 3993 3143 4033 eorum
3192 3981 3408 4048 episco-

1807 4085 1909 4139 pus
1938 4065 2182 4123 venerari
2210 4071 2600 4139 przedicaverit,
2632 4071 2706 4126 ita
2736 4081 2793 4126 ut
2821 4073 2889 4106 ³⁸⁸
2914 4088 3088 4143 neque
3132 4074 3252 4129 illas
3300 4091 3398 4129 no-

1791 4159 2024 4230 _glegant
2063 4174 2197 4228 quas
2246 4161 2561 4218 sacerdotes
2608 4161 2791 4216 colere
2839 4163 3172 4232 monuerint,
3225 4179 3403 4234 neque

1809 4251 2364 4321 inanisuperstitione
2387 4266 2480 4307 eas
2531 4252 2807 4309 celebrare
2861 4265 3225 4324 prxesumant,
3281 4271 3407 4326 quas

1807 4357 2152 4417 nequaquam
2193 4352 2320 4397 sunt
2349 4343 2719 4401 observandze.
2751 4343 2808 4402 Si
2834 4360 2962 4400 vero
2983 4345 3144 4414 aliqui
3197 4346 3403 4401 inventi

1810 4432 2008 4488 fuerint
2035 4433 2127 4503 qui
2157 4435 2532 4490 sacerdotibus
2558 4437 2936 4505 obtemperare
2967 4437 3236 4492 noluerint
3265 4477 3277 4502 ,
3304 4452 3403 4507 per

148 4512 301 4596 autem
329 4508 475 4575 laici,
510 4509 601 4580 qui
628 4511 709 4564 vel
742 4512 792 4565 in
819 4513 1054 4585 propriis
1083 4513 1165 4566 vel
1195 4514 1245 4567 in
1274 4515 1550 4568 bcncliciis
1579 4531 1707 4570 suas
1734 4529 1785 4587 1)
1813 4525 2087 4584 ministros
2115 4525 2189 4578 rei
2216 4525 2445 4591 publica:
2463 4527 2875 4596 distringautur,
2893 4538 2946 4582 et
2971 4529 3401 4583 satisfactionem

148 4592 322 4653 habent
369 4602 660 4666 basilicas,
709 4613 1011 4674 contempta
1057 4606 1291 4675 episcopi
1334 4607 1699 4679 dispositione,

147 4701 236 4742 non
259 4693 321 4746 ad
359 4694 620 4749 ecclesias
667 4697 756 4750 ubi
798 4697 1122 4766 baptismum
1171 4707 1224 4752 et
1267 4699 1705 4768 prmdicationetn

148 4788 192 4832 ct
230 4782 295 4814 ⁵⁰⁹
341 4802 536 4840 manus
591 4787 988 4856 impositionem
1037 4798 1093 4843 et
1143 4789 1246 4843 alia
1278 4790 1478 4845 Christi
1523 4806 1704 4845 sacra-

131 4887 306 4931 .mcnta
333 4882 661 4951 percipiunt,
694 4882 930 4936 decimas
977 4897 1107 4937 suas
1137 4883 1288 4946 dant,
1331 4891 1414 4938 set
1452 4883 1534 4937 vel
1577 4899 1704 4954 pro-

147 4965 260 5030 priis
285 4969 546 5038 basilicis,
586 4971 670 5026 vel
711 4973 824 5027 suis
867 4971 1078 5027 clericis
1125 4988 1225 5042 pro
1267 4989 1366 5028 suo
1409 4973 1561 5027 libitu
1607 4974 1706 5030 tri-

1810 4614 2142 4683 ptBttilettiitB
2191 4629 2354 4683 quam
2410 4616 2711 4686 presbyteri
2764 4617 3164 4686 imposuerint,
3220 4619 3405 4676 subire

1793 4715 2038 4776 .cogantu
2047 4721 2089 4759 r.

1893 4857 2086 4900 LEGES
2127 4858 2202 4899 an
2232 4857 2639 4899 ntrennons
2671 4857 3110 4902 PROMULGAT/E
3140 4842 3286 4920 (99).

1883 4964 1940 5020 In
1967 4962 2182 5018 nomine
2229 4959 2325 5015 Dei
2371 4960 2760 5030 omnipotentis
2813 4979 2957 5019 anno
3008 4962 3404 5028 incarnationis

1394 5087 1626 5143 VARI/IS
1666 5086 2049 5143 LECTIONES

205 5193 268 5266 “f
316 5195 483 5266 laicos
509 5199 562 5251 4.
637 5195 709 5231 ⁸⁸⁸
761 5201 1044 5255 coartabat
1088 5199 1142 5254 2.
1198 5201 1304 5266 _“"
1355 5203 1498 5256 deest
1554 5203 1608 5256 4.

147 5259 206 5292 δ’*
231 5263 362 5317 deest
409 5265 465 5318 ‘2.
494 5269 547 5320 4.
620 5267 689 5306 ⁴⁹¹
722 5266 787 5322 ad
816 5272 868 5324 lt.
902 5271 938 5323 i.
970 5273 1107 5323 deest
1135 5264 1273 5324 2.4.

147 5328 192 5382 4.
260 5332 325 5365 “"
359 5335 413 5389 tl.
443 5350 486 5390 s.
517 5338 571 5390 d.
621 5355 673 5392 a.
708 5341 847 5392 deest
899 5343 949 5394 1.
1023 5340 1093 5372 ⁸³⁸
1131 5342 1182 5394 in
1235 5343 1285 5394 b.
1327 5341 1468 5395 deest
1508 5342 1561 5395 4.

148 5398 268 5474 blice
293 5433 359 5443 —
388 5407 611 5474 publica:
634 5409 772 5462 deest
801 5409 855 5462 2.
898 5411 952 5463 4.
1028 5410 1099 5442 ⁸³³
1126 5411 1287 5464 axilio
1311 5411 1366 5463 2.

1701 5203 1768 5234 “’7
1822 5212 2010 5256 noster
2038 5203 2088 5256 1.

1349 5272 1418 5305 δ”
1448 5273 1680 5326 maxime
1704 5273 1757 5325 2.

1349 5341 1468 5395 {eest
1508 5342 1561 5395 4.
1638 5343 1706 5376 "9
1759 5345 1773 5397 l

1775 5361 1811 5397 1.
1869 5359 1918 5396 ει.

1443 5412 1514 5443 ὀδ
1541 5413 1815 5466 observari
1848 5413 1902 5467 4.

2863 5198 2931 5234 ⁵⁸³
2959 5204 3206 5251 servetur
3239 5194 3292 5247 2.
3337 5195 3395 5252 4.

2774 5267 2843 5298 ⁸⁹⁵
2864 5268 2977 5320 sint
3005 5268 3062 5320 2.
3140 5265 3210 5297 ⁸⁵⁸
3236 5265 3391 5330 Quod

2185 5201 2256 5232 ⁸⁸³
2297 5217 2395 5255 r01:
2431 5199 2694 5254 exciditin
2714 5197 2768 5251 4.

1838 5273 1910 5304 ⁸⁹³
1931 5273 2231 5325 amiserunt
2264 5273 2309 5324 I.
2386 5271 2455 5306 ⁸³⁸
2483 5270 2622 5322 deest
2645 5269 2701 5322 4.’

1982 5343 2121 5394 deest
2158 5343 2226 5395 4.‘
2291 5341 2360 5373 ⁵⁰⁰
2407 5341 2546 5393 deest
2599 5339 2654 5392 2.

1979 5413 2049 5443 ὀε
2079 5412 2239 5465 debet
2263 5411 2314 5465 2.
2361 5411 2416 5463 5.
2489 5411 2560 5446 ⁸⁰⁶
2589 5411 2727 5462 deos!
2757 5407 2811 5459 2·
2845 5407 2898 5459 4-

150 5468 208 5503 m
237 5468 477 5552 ΡῼΡιιιξξηι
507 5481 560 5530 ‘2.
583 5479 637 5532 4.
713 5479 784 5512 ⁵⁸³
811 5480 1134 5550 frischingas
1157 5482 1205 5534 1.
1279 5481 1348 5552 ’Ψ
1383 5481 1488 5552 vini
1525 5482 1580 5535 4.
1651 5482 1722 5513 ⁸¹¹
1747 5495 1952 5552 septem
1975 5483 2028 5536 4.
2101 5484 2170 5518 ⁸¹⁹
2201 5481 2376 5536 Codex
2392 5483 2446 5535 2.
2473 5495 2589 5550 qum
2619 5489 2906 5547 sequuntur
2934 5477 3108 5530 omnia
3135 5474 3394 5544 superiori

149 5543 288 5608 capiti
330 5543 589 5622 adiungit.
667 5550 738 5581 '"
786 5543 1098 5605 conservari
1145 5554 1200 5605 4.
1270 5551 1343 5584 m
1373 5551 1519 5606 locus
1569 5569 1763 5607 vacuus
1809 5543 1884 5628 in,
1917 5555 1972 5608 4.
1999 5554 2067 5586 ⁸³⁸
2106 5554 2246 5607 deest
2273 5552 2321 5607 l.
2485 5543 2495 5550 ’
2685 5543 2694 5547 ⁷
3099 5583 3102 5586 ’

209 5777 309 5851 (99)
333 5778 410 5835 lx
439 5783 710 5840 codicibus
735 5781 793 5852 2,
820 5783 853 5836 5
882 5792 935 5840 et
962 5782 1031 5855 4.:

1604 5684 1833 5744 NOTAE.
