3876 5326
513 395 618 451 615
1205 392 1497 450 ΑΡΡΕΝΙ).
1537 392 1631 448 AD
1669 390 1840 449 SA'ZC.
1887 391 1954 445 x.
1995 422 2044 433 —

2252 388 2534 446 UMENTA
2575 385 3059 446 DIPLOMATICA.
3692 383 3778 440 6l6

514 505 809 563 Dominicze
829 505 957 573 855,
987 503 1282 560 indictione
1309 504 1364 559 3.
1415 505 1486 538 ⁸⁸⁸
1535 519 1722 561 mense
1767 505 2064 560 Februario
2097 539 2113 564 ,
2145 495 2190 554 Α
2222 511 2494 567 "adeundo
2522 510 2798 581 gradiatur
2821 505 3078 578 paciﬁce;
3106 504 3234 561 etni
3266 503 3335 536 ⁵³⁸
3373 500 3653 576 generalis
3689 504 3781 556 eri-

513 601 604 656 die
622 599 825 654 mensis
848 597 1087 668 ejusdem
1115 607 1310 668 quarto
1327 599 1398 632 ⁸¹⁷
2087 625 2091 629 ·
2213 616 2303 675 gat
2331 605 2400 638 ⁸⁸⁸
2432 605 2657 670 utilitas,
2688 613 2748 658 ut
2773 602 2842 635 “°
2865 618 2988 658 cum
3013 601 3232 658 scaritis
3265 601 3474 664 veniat,
3510 598 3564 652 in
3589 599 3782 652 statutis

587 690 720 746 Cum
749 689 981 745 domnus
1009 697 1066 744 et
1090 689 1163 722 ⁸⁸⁸
1207 688 1782 760 magniﬁcentissimus
1837 688 2112 744 llludowi-
2206 696 2360 767 juxta
2385 697 2453 729 ut
2483 696 2731 752 domibus
2761 696 2832 728 ιη
2859 701 3092 750 πωπω,
3143 691 3466 762 Episcopus.
3517 697 3575 744 ει
3601 702 3780 750 comes,

518 793 613 835 cus
641 789 899 850 angustus
936 779 1076 849 apud
1104 779 1463 851 Tyciuensem
1505 779 1783 834 civitatem
1841 780 1895 835 in
1945 796 2048 850 aug

2252 804 2309 844 er
2329 803 2559 859 quorum
2595 797 2876 845 transerunt
2917 785 3230 848 terminum,
3281 783 3582 854 diligenter
3626 781 3783 850 provi-

518 871 640 924 stali
672 871 790 925 aula
821 871 1104 938 resideret,
1139 879 1470 927 tractaturus
1500 870 1567 926 de
1595 879 1737 926 statu
1769 881 1971 926 sanctae
1994 887 2111 925 nta-
2214 880 2394 946 deant,
2428 896 2496 936 ne
2524 880 2877 937 moleslcntur
2897 877 3110 943 incolm,
3137 885 3232 931 aut
3275 891 3468 931 eoruln
3516 873 3700 929 domos
3729 875 3784 906 ⁸⁸³

519 964 621 1017 tris
649 963 931 1029 :ccclesue,
974 972 1030 1020 et
1072 979 1204 1034 pace
1256 964 1434 1020 divina
1478 963 1833 1033 dispositione
1884 964 1953 996 ⁸¹⁹
2008 964 2110 1019 sibi
2214 987 2314 1044 per
2359 973 2467 1028 vim
2501 973 2785 1043 [iaciantur
2823 971 3098 1035 invadere,
3145 967 3229 1024 vel
3272 965 3497 1037 propria
3550 965 3782 1035 diripere,

519 1055 792 1109 commissi
827 1055 1063 1126 imperii,
1109 1071 1174 1110 ac
1198 1055 1432 1126 generali
1486 1055 1651 1110 totius
1694 1055 1876 1127 pepuli
1921 1054 2109 1139 salute,
2215 1063 2420 1132 absque
2453 1062 2668 1118 conlato
2692 1061 2764 1092 ⁵⁸⁵
2791 1060 3020 1132 ρι’ωείος
3063 1057 3158 1115 sed
3206 1072 3381 1127 neque
3411 1055 3680 1125 indigena:
3728 1054 3786 1086 ³⁸³

519 1146 880 1214 praesentibus
900 1145 1258 1200 obtimatibus
1287 1145 1400 1200 suis
1434 1143 1591 1199 dixit.
2196 1165 2313 1224 ’ρετ
2337 1152 2496 1208 solita
2525 1151 2595 1184 ⁵³⁸
2623 1152 2737 1206 loca
2772 1159 2974 1206 tectum
3013 1149 3193 1205 focum
3242 1161 3442 1216 aquam
3501 1154 3560 1200 et
3601 1143 3784 1214 paleam

592 1239 644 1292 1.
677 1237 879 1293 Crebro
908 1247 1140 1294 vestram
1175 1239 1487 1294 ﬁdelitatem
1544 1241 1830 1296 retroactis
1861 1239 2116 1310 tempori-
2215 1241 2517 1309 ιιωδρῑιίιιιιε
2541 1242 2832 1312 denegare,
2864 1249 2956 1295 aut
2978 1253 3074 1294 sua
3095 1238 3164 1271 ὐ
3195 1237 3375 1294 carius
3405 1250 3579 1306 quam
3617 1233 3786 1290 vicinis

519 1329 620 1384 bus
647 1331 1103 1395 commonuimus,
1128 1340 1188 1385 ut
1208 1332 1504 1385 secundmn
1530 1347 1777 1387 normam
1799 1332 2114 1387 christiame
2215 1332 2448 1386 audeant
2478 1331 2733 1385 vendere.

521 1423 800 1494 religionis
848 1423 1031 1478 vivere
1083 1423 1453 1493 unusquisque
1504 1433 1811 1479 nostrorum
1882 1422 2114 1477 ﬁdelium
2286 1421 2339 1476 6.
2372 1421 2538 1491 Igitur
2572 1421 2698 1490 quia
2731 1420 2820 1484 m,
2849 1421 3116 1475 hactenus
3149 1418 3202 1473 in
3237 1431 3406 1488 regno
3435 1424 3627 1470 nostro
3651 1430 3786 1486 quos-

524 1523 825 1584 satageret,
855 1523 910 1570 et
971 1529 1152 1569 suosa
1199 1514 1388 1584 rapina
1433 1524 1818 1583 conpesceret;
1872 1522 2114 1568 attamen
2217 1514 2339 1569 dant
2371 1514 2440 1545 ⁸η
2468 1511 2797 1567 inrel'rcnate
2847 1511 3088 1577 vixisse,
3136 1510 3269 1565 nulli
3317 1519 3402 1565 est
3455 1508 3783 1579 ambiguum,

519 1604 650 1674 quia
683 1606 946 1660 hactenus
976 1605 1154 1660 minus
1182 1605 1252 1636 ³³⁸
1303 1603 1595 1676 diligenter
1645 1605 1714 1636 ⁸²¹
1768 1614 1853 1659 est
1910 1613 2114 1668 actum,
2217 1604 2488 1660 sancimus
2523 1618 2961 1674 unumquemque
3007 1619 3230 1660 suorum
3270 1602 3560 1658 hominum
3608 1600 3787 1655 sollici-

523 1693 718 1748 amodo
752 1693 898 1748 omni
926 1693 1209 1748 conamine
1237 1708 1335 1749 vos
1357 1694 1428 1724 ⁸”
1461 1694 1680 1749 studere
1707 1693 1978 1758 volumus,
2005 1707 2114 1763 quo
2218 1698 2456 1754 tudinem
2486 1712 2693 1768 gerere,
2727 1711 2793 1752 ne
2822 1696 3038 1752 solitam
3056 1697 3299 1766 rapinam
3322 1704 3551 1765 patrare
3582 1692 3649 1727 ‘“
3672 1707 3781 1763 prta.

519 1786 738 1855 penitus
759 1801 788 1840 a
813 1795 998 1841 nostro
1021 1800 1186 1856 regno
1214 1786 1402 1856 rapina
1429 1785 1760 1852 eliminetur,
1812 1794 1867 1839 et
1919 1799 2116 1856 paupe~
2145 1849 2186 1858 _
2218 1799 2452 1845 sinuant.
2489 1789 2603 1856 Qua
2636 1803 2734 1858 pro
2755 1804 2812 1844 re
2837 1788 2881 1842 si
2909 1787 3031 1858 quis
3072 1795 3282 1842 artatus
3333 1799 3497 1839 suum
3546 1783 3786 1838 seniorem

521 1891 643 1930 rum
666 1890 829 1932 voces
850 1889 1022 1946 usque
1047 1891 1189 1930 nunc
1211 1876 1415 1930 domini
1446 1875 1688 1932 Sabaoth
1718 1891 1879 1932 aures
1901 1876 2118 1946 pulsan-
2145 1849 2191 1908 Β
2219 1880 2504 1946 dimiserit,
2537 1849 2753 1950 pen-itus
2776 1849 3152 1933 interdicimus
3181 1873 3580 1942 ne'recipiatur
3616 1873 3679 1926 ab
3724 1870 3787 1922 al-

521 1974 607 2021 tcs
626 1966 1002 2036 querimoniis,
1034 1967 1295 2037 incipiant
1319 1982 1418 2022 suo
1456 1967 1690 2023 creatori
1713 1967 1897 2022 laudes
1926 1982 2118 2038 repen-
2219 1981 2359 2036 tero,
2381 1971 2658 2041 quatinus,
2687 1968 2790 2022 nisi
2825 1967 3022 2038 corrigi
3068 1964 3318 2029 voluerit,
3359 1979 3389 2018 a
3432 1961 3610 2019 nostri
3662 1962 3786 2030 regni

525 2055 654 2111 dere
677 2073 774 2126 pro
803 2056 1002 2128 ubique
1056 2071 1190 2127 pace
1239 2066 1294 2112 et
1343 2057 1524 2127 quiete
1579 2072 1836 2113 concessa
1879 2059 2036 2113 nobis
2085 2073 2116 2113 a
2219 2065 2432 2137 penitus
2460 2063 2778 2118 excludatur
2807 2059 3023 2116 ﬁnibus.

525 2146 798 2218 seniibus-
2291 2157 2344 2210 7.
2374 2155 2498 2210 Haec
2526 2155 2596 2187 '"
2637 2153 2766 2210 olim
2790 2167 2932 2222 Saepe
2958 2151 3228 2207 inculcata
3251 2159 3306 2206 et
3329 2148 3606 2220 augustali
3628 2153 3784 2202 nostra

596 2235 653 2290 2.
703 2234 1008 2292 Statuimus
1047 2245 1228 2292 autem
1280 2245 1339 2292 ut
1380 2237 1626 2294 ecclesiae
1675 2237 1771 2293 Dei
1809 2252 1906 2308 per
1955 2236 2119 2294 totius

2247 2245 2496 2299 auctione
2524 2242 2888 2314 promulgata,
2914 2241 3041 2312 quia
3076 2241 3145 2275 ⁸⁸³
3175 2256 3242 2296 cx
3265 2248 3419 2310 parte
3452 2240 3508 2295 in
3535 2237 3778 2308 aliquibus

525 2325 678 2398 regni
709 2325 879 2380 nostri
906 2325 1142 2382 inundata:
1169 2327 1435 2384 terminos
1460 2329 1560 2384 sub
1581 2335 1784 2384 nostrae
1828 2328 2119 2383 iumunita—
2221 2333 2464 2404 neglecta
2495 2332 2766 2398 videntur,
2797 2331 3058 2385 hactenus
3083 2328 3281 2384 acriori
3310 2327 3507 2383 ulcisci
3524 2325 3786 2382 debuerant

527 2418 597 2473 tis
622 2417 848 2473 tuitiune
866 2432 1072 2473 securae
1087 2433 1209 2474 cum
1229 2418 1391 2474 rebus
1413 2428 1468 2474 et
1493 2417 1714 2475 familiis
1743 2427 2116 2491 permaneant,
2220 2425 2470 2481 examine
2500 2441 2515 2479 ε
2551 2431 2790 2478 augmen
2819 2429 3006 2477 nostra
3046 2417 3487 2483 mansuetudine.
3537 2424 3598 2470 υι
3647 2414 3786 2469 com.

526 2524 625 2566 ceu
648 2510 1116 2580 praedecessorum
1136 2511 1208 2542 ⁵³³
1245 2519 1582 2576 nostrorum,
1633 2511 1999 2582 piissimorum
2045 2510 2122 2566 vi-
2221 2523 2441 2586 gantnr,
2490 2511 3044 2583 quantulumcumque
3089 2507 3353 2578 largimur
3398 2505 3656 2576 spatium,
3699 2515 3784 2573 quo

524 2600 720 2657 delieet
755 2611 1129 2673 augustorum,
1153 2603 1484 2670 temporibus
1517 2601 1684 2658 fuisse
1705 2602 1777 2635 ⁸¹⁵
1801 2602 2115 2672 probantur;
2221 2603 2422 2674 quique
2452 2602 2522 2636 ⁸⁵³
2549 2600 2793 2672 neglecta
2815 2598 3108 2654 emendare
3132 2597 3206 2630 ⁸⁸⁸
3235 2595 3452 2652 valeant
3498 2594 3600 2659 ‘F‘;
3649 2591 3782 2647 desti-

527 2704 826 2760 earumque
855 2699 1098 2746 rectores
1146 2691 1383 2760 propriis
1431 2699 1652 2747 utantur
1708 2691 2003 2762 privilegiis
2025 2691 2117 2746 ⁸¹⁶.
2222 2696 2401 2750 naturi
2441 2702 2562 2766 post
2592 2692 2861 2749 modicqu
2893 2689 2963 2724 ⁸⁸⁸
2986 2689 3194 2761 legatos
3215 2696 3496 2753 strenuos,
3527 2681 3778 2740 emendata

525 2781 595 2836 Et
624 2781 698 2821 ³⁸⁵
719 2781 970 2837 monachi
1007 2795 1105 2852 per
1128 2797 1225 2837 sua
1274 2781 1502 2838 cenobia
1549 2782 1856 2852 regularem
1903 2791 2123 2838 teneant
2223 2786 2517 2856 inquirere.
2560 2783 2664 2851 Qui
2689 2795 2818 2838 vero
2863 2779 3151 2852 neglegens
3186 2785 3435 2848 repertus
3485 2773 3644 2831 fuerit
3686 2785 3783 2842 pro-

527 2873 795 2930 ordinem.
820 2871 1082 2928 Similiter
1099 2881 1165 2934 et
1191 2872 1370 2929 clerus
1395 2874 1575 2930 omnis
1604 2875 1822 2946 proprio
1865 2873 2121 2946 fungatur
2222 2879 2356 2951 priis
2375 2877 2671 2935 honoribus
2697 2883 2883 2930 nostro
2904 2871 3205 2944 privabitur
3223 2869 3456 2941 juditio.

526 2964 852 3030 ministerio,
880 2964 1094 3020 nemine
1118 2964 1460 3031 molestante,
1515 2965 1687 3020 nostri
1736 2967 1960 3021 terroris
2012 2963 2124 3020 for-

529 3019 747 3108 midiné;
787 3019 792 3020 ν
838 3019 850 3030 ’
1078 3019 1087 3020 ί
1184 3019 1193 3020 ί
1274 3019 1279 3020 ν
1422 3019 1460 3031 ⁷’
1677 3019 1683 3020 ⁷
1769 3019 1805 3021 ’ί
1862 3019 1867 3020 ν
1916 3019 1952 3020 Π
2046 3019 2056 3020 ί
2664 3024 2968 3068 οΔΡιΤυιΔ
3017 3019 3361 3066 ωεεοιιυκ.

597 3143 652 3195 ‘5.
676 3143 961 3198 Sancimus
990 3143 1361 3209 nihilomnius,
1393 3152 1451 3199 ut
1477 3145 1672 3216 singuli
1719 3146 1944 3202 comites
1967 3147 2036 3179 ’π
2067 3155 2122 3202 et

1616 3145 1672 3200 ili
1719 3146 1944 3202 comites
1967 3147 2036 3179 '"
2067 3155 2122 3202 et
2166 3212 2195 3216 _
2914 3126 3147 3199 ιεθαιὶο·

531 3240 742 3286 actores
769 3232 840 3263 ⁸η
870 3232 944 3286 rei
995 3231 1224 3301 publicae
1262 3232 1315 3286 iu
1368 3233 1480 3288 suis
1531 3212 1846 3291 ministeriis
1896 3235 2121 3307 legalem
2151 3212 2198 3276 (ἶ
2299 3244 2352 3297 1.
2381 3241 2746 3298 Ecclesiarum
2796 3238 2889 3294 Dei
2932 3237 3144 3307 iustitia
3195 3234 3527 3307 inquiratur,
3563 3240 3615 3286 et
3663 3227 3779 3284 omni

531 3331 826 3392 procurent
855 3323 1052 3392 populo
1095 3323 1275 3378 facere
1317 3323 1624 3394 justitiam,
1681 3325 1910 3394 pupillos
1953 3336 2008 3380 et
2047 3343 2062 3379 ι

2244 3335 2406 3390 ιιιιᾱίο
2433 3332 2766 3405 perﬁciatur,
2797 3341 2852 3386 et
2882 3347 2950 3386 tte
2981 3345 3009 3383 a
3037 3329 3314 3400 sacrilegis
3345 3329 3636 3383 thesaurus
3670 3321 3775 3377 diri-

533 3413 668 3466 duas
690 3420 991 3482 protegant,
1050 3427 1147 3483 per
1175 3411 1291 3468 loca
1324 3413 1481 3468 solita
1539 3423 1850 3470 restaurent
1899 3415 2121 3487 palatia,
2225 3427 2405 3499 piatur
2425 3441 2638 3491 earum,
2661 3423 2892 3480 ﬁdeliter
2920 3421 3317 3478 conscribalur.

533 3511 875 3580 quibuscum
903 3513 1005 3566 iter
1036 3512 1343 3577 dictaverit,
1394 3527 1493 3568 nos
1545 3517 1854 3585 legatosque
1910 3524 2126 3570 nostros
2293 3517 2350 3572 2.
2380 3515 2713 3586 Pupillorum
2743 3523 2797 3569 et
2821 3513 3106 3568 viduarum
3130 3524 3290 3565 causa
3332 3507 3696 3578 investigetur,
3739 3511 3780 3556 ει

532 3600 750 3655 valeant
775 3602 1034 3671 recipere,
1067 3618 1134 3659 ne
1159 3613 1416 3675 gravetur
1462 3606 1533 3637 ⁸³⁸
1581 3605 1849 3662 mcclesia.
1901 3605 2124 3672 Quando
2226 3609 2466 3679 diligenti
2491 3623 2620 3663 cura
2651 3606 3074 3661 misericorditer
3100 3603 3464 3659 examinetur.

533 3692 695 3748 etiam
726 3693 1028 3763 episcopos,
1058 3695 1302 3762 abbates,
1330 3695 1413 3751 vel
1440 3696 1688 3760 comites,
1733 3711 1826 3752 seu
1884 3695 2124 3752 ﬁdelimn
2295 3700 2349 3754 3.
2377 3698 2568 3754 Totius
2592 3697 2772 3768 populi
2802 3695 3142 3767 querimonia
3191 3693 3519 3766 generaliter
3545 3688 3778 3748 audiatur.

535 3792 841 3838 nostrorum
861 3783 1188 3853 quempiam,
1222 3784 1274 3838 in
1304 3769 1677 3856 propria'villa
1735 3786 1938 3840 morari
1996 3801 2126 3840 conv
2228 3798 2282 3846 et
2308 3788 2551 3859 legalitcr
2576 3787 2884 3842 deﬁniatur.
3275 3796 3286 3805 ‘

536 3875 739 3941 tigerit,
767 3891 889 3930 cum
915 3876 1028 3930 suis
1055 3876 1105 3930 in
1130 3876 1244 3931 suis
1273 3886 1529 3932 maneant
1566 3877 1838 3943 domibus,
1903 3891 1970 3930 ne
2027 3878 2126 3931 sub
2302 3885 2352 3934 t.
2381 3879 2456 3934 De
2485 3887 2626 3933 statu
2656 3877 2730 3932 rei
2755 3877 2982 3948 pu!.lica2
3008 3874 3408 3945 inquirendum,
3435 3871 3547 3935 ubi,
3571 3883 3681 3924 cum
3700 3866 3778 3918 iter

535 3967 756 4022 obtentu
782 3967 1000 4038 hospitii
1033 3967 1104 4000 ³³⁸
1131 3968 1338 4026 vicinos
1365 3969 1433 4001 ⁸³¹
1461 3969 1792 4040 opprimant,
1827 3968 1910 4023 vel
1939 3983 2127 4024 eorum
2229 3971 2517 4027 dictaverit
2542 3971 2770 4026 domnus
2799 3970 3114 4039 imperator,
3148 3966 3316 4035 recipi
3344 3966 3578 4022 debeant
3603 3961 3664 3993 '"
3704 3970 3777 4026 per

535 4057 678 4114 bona
707 4060 777 4094 ³³¹
807 4060 1067 4129 diripiant
2230 4061 2438 4134 singula
2467 4061 2768 4116 ministeria
2795 4061 2864 4116 ab
2890 4075 2956 4114 eo
2992 4059 3185 4114 directi
3213 4057 3391 4128 legati.
3426 4053 3582 4112 Unde
3603 4052 3673 4106 eis
3696 4047 3771 4102 ad-

608 4150 661 4203 4.
692 4150 931 4220 Denique
984 4151 1130 4219 quia,
1184 4149 1384 4206 Christi
1435 4151 1777 4206 custodiente
1816 4150 2126 4215 clementia,
2230 4152 2909 4221 ministrenturobsequia,
2961 4151 3102 4208 unde
3148 4147 3466 4220 paraveredi
3521 4145 3617 4209 ⁸⁸⁸;
3665 4138 3776 4194 unde

536 4239 1028 4308 nemineminjusle
1055 4240 1127 4272 ⁸³³
1177 4242 1454 4296 consecuti
1503 4241 1575 4273 ""
1617 4241 1970 4311 privavimus,
2035 4241 2131 4296 sed
2231 4241 2314 4296 vel
2341 4256 2459 4310 qua:
2483 4241 2621 4294 dona
2652 4241 2904 4294 annnalia
2935 4248 3030 4294 aut
3053 4240 3248 4294 tributa
3285 4237 3499 4308 publica
3538 4230 3664 4301 exigi
3703 4228 3775 4280 (Ιθο

539 4345 715 4400 neque
742 4330 940 4401 privari
976 4331 1181 4402 absque
1221 4331 1378 4402 legali
1433 4331 1714 4387 sanctione
1759 4332 1994 4401 aliquem
2043 4347 2132 4387 no-
2231 4334 2426 4398 beant;
2457 4333 2547 4401 qui
2579 4333 2812 4388 debeant
2835 4331 3032 4402 palatia
3066 4339 3398 4394 restaurare,
3431 4329 3520 4398 qui
3566 4331 3767 4396 pontes;

539 4430 778 4474 atrorum
802 4419 1036 4475 ﬁdelium
1064 4421 1307 4478 volumus
1325 4421 1396 4459 ³³⁸
1420 4420 1684 4476 beneﬁcio
1711 4461 1726 4486 ,
1775 4421 2030 4491 jubemus
2065 4437 2131 4477 ne
2234 4437 2292 4482 ut
2347 4443 2453 4482 non
2501 4427 2847 4482 destruantur
2883 4425 3164 4488 beneﬁcia,
3195 4434 3250 4480 et
3279 4425 3552 4480 destructa
3606 4423 3773 4470 restau-

541 4511 664 4580 quis
691 4527 848 4567 suum
879 4513 1136 4584 depravet
1170 4513 1316 4569 nullo
1371 4513 1444 4546 ⁸³⁸
1493 4515 1674 4580 modo,
1725 4515 1820 4570 sed
1868 4515 2134 4570 instauret
2167 4527 2424 4588 “rentur
2453 4518 2554 4584 "9;
2598 4532 2718 4588 qua:
2761 4516 3024 4571 beneﬁcia
3073 4516 3377 4571 dominicus
3431 4509 3686 4584 gasindius
3717 4501 3770 4533 ⁸⁸⁸

541 4604 824 4670 securiler,
866 4605 1048 4677 nequi
1076 4605 1337 4677 dirigendi
1379 4615 1506 4662 sunt
1531 4622 1562 4660 a
1591 4607 1748 4662 nobis
1773 4608 2026 4677 undique,
2089 4608 2133 4662 si
2167 4603 2211 4626 ν
2239 4611 2457 4674 habuit;
2482 4609 2603 4679 quis
2626 4609 2824 4663 haheat
2846 4609 2952 4673 illa,
2979 4607 3061 4663 vel
3091 4607 3180 4663 ubi
3207 4603 3559 4674 conjaceantJ

544 4693 836 4764 depravata
886 4697 1210 4766 repererint,
1265 4696 1514 4768 legalitcr
1566 4699 1860 4754 emendare
1912 4698 2133 4769 conpel—
2307 4702 2361 4756 5.
2423 4701 2627 4756 Dirccti
2677 4700 2900 4754 abbates
2946 4697 3275 4754 monasteria
3327 4695 3691 4752 monachorum
3729 4694 3770 4738 et

543 4780 676 4847 lant,
700 4793 749 4838 et
772 4799 866 4840 eos
900 4785 1154 4856 deinceps
1175 4785 1375 4856 perfrui
1405 4787 1747 4856 prohibeant.
2236 4793 2536 4862 puellarum
2572 4807 2637 4844 ac
2663 4790 2988 4846 senoduchia
3026 4789 3382 4850 circumeant,
3405 4787 3448 4841 si
3479 4782 3609 4838 unde
3626 4775 3768 4833 admi-

613 4872 668 4929 5.
701 4874 870 4932 Porro
906 4892 1027 4931 cum
1059 4877 1125 4930 ad
1149 4887 1394 4933 nostrum
1425 4880 1680 4949 quislibet
1721 4889 2027 4936 nostrorum
2075 4879 2134 4935 ﬁ-
2237 4883 2537 4937 uistrantur
2563 4883 2630 4914 ⁸⁶¹
2655 4881 2833 4936 debita
2860 4881 3114 4949 obsequia
3141 4879 3396 4941 habeant,
3428 4887 3482 4933 et
3526 4865 3766 4929 concordi-

546 4964 744 5022 delium
793 4976 1052 5039 properat
1092 4969 1434 5039 obsequium,
1479 4979 1588 5024 tam
1639 4973 1818 5028 eundo
1859 4971 1928 5003 '"
1971 4986 2132 5041 quam
2239 4980 2322 5026 tcr
2347 4971 2562 5042 degant,
2597 4970 2896 5041 inquirant.
2924 4967 3196 5038 Quidquid
3236 4967 3588 5023 inordinatum
3616 4966 3766 5030 reppe-

1830 5123 1916 5178 VA
1927 5123 2066 5179 ΜΕ
2103 5120 2512 5179 LEC'I‘IONES.

619 5244 690 5277 “‘
747 5242 884 5298 Xlll.
925 5242 982 5299 2.
1037 5243 1093 5296 4.
1209 5243 1277 5275 ⁸¹⁷
1321 5252 1509 5304 quarta
1551 5243 1604 5296 '5.
1717 5243 1789 5277 ⁸¹¹⁸
1828 5242 2079 5298 dominus
2125 5257 2198 5297 ιιι.
2254 5241 2308 5294 ι.
2421 5241 2492 5272 ⁸¹θ
2522 5239 2929 5302 dispositionem
2968 5237 3022 5292 2.
3133 5239 3207 5270 ⁸⁸⁸
3257 5238 3396 5290 deest
3446 5235 3497 5290 2.
3600 5233 3656 5270 ¹¹¹
3703 5227 3765 5300 ἰρ-
