3960 6320
148 372 227 428 σει
1105 355 1533 418 FRANCOBUM
1573 358 1696 415 RBG

1852 341 2188 417 CAPITULA
2200 359 2311 414 RM

3269 364 3376 423 622

144 482 341 540 cundum
365 475 443 531 vel
470 474 678 531 tertium
701 472 956 544 placitum
985 487 1205 528 causam
1241 470 1564 526 deliberent.
1591 469 1674 524 ln-
1703 480 1751 536 Α
1777 478 1833 525 et
1857 469 1997 525 ultra
2045 470 2135 525 ille
2163 471 2256 540 qui
2302 471 2582 541 quaesierit
2605 472 2674 504 ‘7“
2703 472 2900 530 tacitus
2923 470 2991 507 ⁸⁷⁸
3039 473 3108 531 de
3147 474 3372 532 servitio

146 582 212 625 ter
245 567 476 639 placitum
498 572 551 619 et
590 562 851 634 placitum
898 562 1094 645 sint_““
1142 563 1260 618 dies
1305 561 1408 627 l5;
1458 562 1677 616 tertium

144 677 251 719 vero
266 658 463 732 quando
486 672 662 713 comes
686 657 942 728 placitum
976 651 1248 723 habuerit,
1275 656 1320 712 si
1345 653 1482 711 infra
1510 670 1678 710 unum

143 757 415 813 comitatum
462 759 573 815 est,
622 751 730 806 sint
773 751 890 806 dies
937 748 1006 805 15
1026 750 1121 815 ⁸⁷³,
1171 749 1257 805 sin
1280 748 1350 780 ⁸⁷³
1397 757 1579 803 autem
1621 747 1677 803 in

142 846 297 909 alium,
322 846 423 898 sint
448 842 557 898 dies
579 840 650 895 2t)
670 840 761 894 ⁸⁷⁸.
789 840 857 894 Et
881 840 928 896 si
950 839 1003 895 in
1032 840 1150 895 istis
1173 840 1242 872 "'
1272 838 1444 895 tribus
1468 838 1680 909 placitis

136 938 233 1008 ipse
251 935 330 1004 qni
356 933 541 1003 quzerit
574 932 764 987 venire
807 931 1215 1001 contempserit,
1264 930 1584 1001 antepositis
1606 928 1676 962 ⁸⁷⁸

138 1041 237 1096 qua:
260 1024 491 1095 superius
524 1021 949 1094 anteposuimus,
982 1032 1038 1078 et
1062 1037 1257 1078 eomes
1290 1021 1547 1093 placitum
1577 1022 1679 1077 ha-

140 1115 305 1180 buerit,
333 1114 413 1169 ille
442 1126 669 1184 namque
704 1112 843 1167 alius
869 1127 994 1168 cum
1024 1113 1138 1169 suis
1182 1113 1409 1168 testibus
1455 1122 1680 1183 paratus

141 1206 286 1270 fuerit,
314 1214 432 1259 tunc
453 1220 639 1261 comes
686 1204 833 1275 ipsos
880 1213 1045 1261 testes
1094 1204 1320 1275 recipiat
1371 1212 1426 1261 et
1455 1219 1678 1260 causam

137 1300 193 1331 ‘"
214 1298 431 1367 deﬁniat,
455 1298 617 1355 veluti
639 1297 685 1354 si
716 1298 830 1369 ipse
858 1298 954 1369 qui
984 1297 1176 1369 quaerit
1200 1310 1439 1368 praesens
1460 1294 1677 1363 fuisset,

1776 560 1921 615 illius
1962 571 2295 631 permaneat.

1845 648 1881 706 ι
1898 648 1986 702 ⁸⁸³.
2015 650 2354 709 Previdimus
2373 654 2438 710 de
2462 653 2670 722 Jude‘is,
2696 664 2756 711 ut
2775 655 2955 713 nullus
2976 655 3118 712 infra
3142 673 3371 731 regnum

1771 741 2022 799 Italicum
2051 743 2191 799 ultra
2233 744 2505 803 Kalendas
2542 744 2797 804 Octobris
2824 759 3065 818 maneat,
3112 760 3170 807 et
3207 751 3370 806 modo

1777 834 1858 890 eis
1888 836 2241 892 denuntietur
2289 847 2349 892 ut
2392 853 2582 894 omnes
2633 854 2804 911 usque
2848 838 2915 896 ad
2942 840 3199 912 placitum
3241 842 3375 898 illud

1779 937 1977 985 exeant
2045 930 2135 985 ubi
2184 931 2495 998 voluerint,
2545 931 2664 988 sine
2713 933 2873 990 ullius
2917 933 3372 990 contradictione.

1780 1020 1936 1088 Quod
1984 1021 2028 1076 si
2090 1029 2215 1092 post
2267 1021 2535 1078 Kalendas
2586 1022 2841 1080 Octobris
2882 1023 3078 1095 aliquis
3122 1024 3377 1080 inventus

1775 1107 1987 1177 fuerit,
2036 1125 2067 1164 a
2112 1110 2542 1181 quibuscumque
2594 1113 2981 1183 comprehendi
3018 1120 3219 1183 potest,
3254 1128 3378 1167 cunt

1779 1201 1928 1255 omni
1957 1201 2260 1258 substantia
2289 1201 2355 1234 θυι
2394 1216 2492 1257 sua
2530 1202 2598 1257 ad
2634 1210 2876 1259 nostram
2899 1202 3199 1259 deducatur
3241 1216 3382 1273 pra:-

1783 1293 2039 1349 sentiam.

905 1491 1306 1550 llLUDOWlCI
1343 1491 1387 1547 ll
1424 1489 1895 1549 IMPERATORIS
1933 1488 2550 1548 CONSTITUTIONES.

1261 1645 1385 1719 (An.
1426 1643 1551 1702 856.
1579 1630 1819 1712 Martio;
1854 1642 2087 1699 Mantum
2112 1645 2158 1719 3’)

184 1806 411 1882 ’Ca’pitula
436 1811 490 1866 in
519 1810 797 1867 codicibus
820 1807 1321 1882 Blankenburgcnsi
1344 1816 1400 1863 et
1426 1803 1718 1882 Rarisiensi
1755 1806 1998 1882 prosime
2025 1811 2145 1882 post
2170 1804 2588 1882 constitutiones
2610 1818 2737 1882 ann.
2772 1801 2877 1860 855
2904 1792 3128 1882 scripta,
3151 1816 3284 1882 cum.
3310 1801 3383 1861 ad

128 1899 234 1939 ‘cunt
258 1875 581 1939 conventum
614 1897 720 1936 non
749 1882 1084 1951 pertineant,
1115 1875 1275 1951 ut'ex_
1307 1878 1658 1951 inscriptione
1694 1875 1901 1951 codicis
1928 1875 2261 1951 Parisiensis
2291 1886 2345 1951 e_t_
2400 1892 2469 1951 est
2521 1877 2700 1951 capite
2745 1878 2981 1951 secundo
3016 1875 3216 1932 ‘Missis
3241 1876 3385 1951 dato

136 1964 336 2018 constat,
360 1954 579 2009 cuinam
605 1946 807 2022 placito
828 1951 1095 2022 ascribam
1120 1949 1337 2022 nescio,
1368 1946 1489 2004 nisi'
1502 1947 1734 2022 fortasse
1756 1948 1937 2022 primo
1964 1957 2084 2022 post
2107 1946 2347 2003 Lotharii
2369 1947 2579 2003 obitum
2611 1964 2641 2001 a
2668 1946 2942 2004 Ludovico
2969 1962 3099 2004 vere
3124 1947 3255 2003 anni
3276 1946 3388 2003 856

138 2016 331 2080 ilantuze
357 2025 435 2097 (ut
462 2040 530 2081 ex
570 2016 863 2094 diplomate
888 2021 1161 2077 Veneticis
1186 2032 1448 2076 concesso
1470 2016 1750 2088 conjicere
1766 2016 1923 2090 licet)
1962 2018 2168 2074 habito.
2673 2026 2677 2037 '

139 2196 229 2252 Alio
253 2209 465 2267 tempore
492 2198 669 2250 dictus
701 2194 770 2228 ⁶⁸²
816 2195 1183 2267 serenissintus
1224 2193 1491 2266 Augustus
1540 2192 1693 2247 insti-
1720 2176 1767 2236 Β
1799 2193 1867 2246 tia
1897 2200 2078 2248 nostra
2106 2191 2461 2247 deducantur.

542 2277 688 2321 tuere
717 2266 958 2337 praevidit
987 2265 1240 2335 capitula.

193 2357 310 2412 l‘“.
333 2357 388 2413 Si
422 2357 681 2428 quislibet
702 2356 987 2427 episcopus
1008 2355 1148 2411 abba
1177 2354 1263 2411 vel
1282 2369 1466 2411 comes
1491 2353 1543 2409 in
1560 2368 1694 2424 pro-

134 2449 233 2519 pn’a
266 2449 384 2505 sede
413 2449 496 2505 vel
521 2450 714 2504 domos
741 2457 835 2504 aut
854 2447 977 2503 villa
1001 2447 1221 2512 residet,
1255 2448 1503 2503 homines
1528 2447 1697 2517 ipsius

143 2541 534 2611 depraedationes
557 2539 818 2605 fecerint,
866 2554 1073 2595 messes
1104 2538 1185 2593 vel
1227 2547 1382 2610 prata
1426 2537 1697 2593 defensio-

136 2632 206 2688 nis
223 2643 442 2705 tempore
461 2632 891 2694 devastaverint,
908 2641 963 2686 et
977 2632 1091 2688 hoc
1107 2630 1382 2701 cognitum
1406 2623 1697 2700 absque'm

136 2724 305 2793 injusta
353 2726 622 2781 dilatione
661 2740 767 2780 non
816 2722 1219 2787 emendaverit,
1268 2728 1322 2777 et
1353 2719 1700 2775 factoricun-

141 2814 270 2886 digna
294 2817 652 2889 castigatione
698 2830 807 2871 non
832 2812 1161 2884 inposuerit,
1194 2812 1370 2882 ipsum
1401 2810 1602 2865 malum
1639 2818 1701 2866 ut

143 2904 208 2959 lex
246 2919 322 2963 est
340 2908 638 2965 emendare
683 2913 926 2978 cogatur,
981 2913 1037 2960 et
1088 2902 1308 2973 insuper
1344 2900 1699 2973 quadraginta

144 2997 231 3054 dies
253 3010 300 3056 et
330 3011 514 3058 noctes
542 3015 573 3054 a
614 2998 743 3055 vino
770 3008 827 3054 et
847 3011 1014 3053 carne
1040 2996 1333 3052 abstineat.

194 3092 240 3145 2.
277 3092 378 3148 Per
403 3094 556 3148 viam
593 3105 812 3163 quoque
855 3091 922 3147 ad
952 3089 1216 3161 palatium
1246 3087 1470 3144 veniens
1495 3095 1589 3143 aut
1616 3101 1701 3143 re-

138 3182 266 3240 diens
283 3185 607 3256 cuicumque
650 3181 899 3238 homines
929 3180 1174 3251 rapinam
1219 3180 1471 3246 fecerint,
1518 3188 1576 3234 et
1605 3194 1698 3235 co-

143 3275 264 3343 gnito
292 3278 469 3332 statim
497 3290 610 3331 non
637 3273 1034 3339 emendaverit,
1071 3270 1347 3345 etfactori
1379 3272 1698 3344 condignam

136 3368 517 3439 castigationem
565 3384 673 3423 non
702 3364 1001 3435 inposuerit
1021 3405 1035 3427 ,
1062 3364 1245 3419 omnia
1270 3378 1374 3433 que
1401 3373 1552 3435 rapta
1577 3371 1703 3420 sunt

142 3466 185 3511 ut
207 3458 280 3514 lex
314 3469 396 3517 est
447 3463 752 3517 emendare
798 3464 1042 3527 cogatur,
1096 3464 1153 3512 et
1204 3457 1427 3526 insuper
1478 3456 1700 3528 triginta

138 3551 235 3608 dies
257 3565 308 3612 et
324 3572 521 3612 carnes
553 3563 607 3612 et
634 3570 665 3609 a
695 3554 820 3609 vino
845 3554 1135 3609 abstineat.

190 3646 236 3701 3.
264 3647 505 3721 (Reliqua
530 3645 886 3717 exciderunt.)

549 3736 798 3807 Capitula
824 3737 998 3791 missis
1020 3736 1153 3790 data
1169 3735 1260 3790 ³⁸⁸.

194 3828 239 3884 l.
262 3827 329 3887 Ut
358 3830 644 3903 inquirant
671 3829 738 3885 de
783 3828 1013 3900 singulis
1054 3821 1397 3885 monasteriis
1424 3828 1509 3884 vel
1547 3844 1702 3885 sene-

136 3915 335 3987 dochiis,
391 3923 632 3995 qualiter
658 3937 687 3975 a
724 3921 1103 3977 conditoribus
1139 3922 1386 3977 ordinata
1416 3932 1564 3988 sunt,
1618 3920 1702 3974 vel

135 4018 373 4083 quomodo
427 4032 579 4074 nunc
626 4025 1005 4089 permaneant,
1048 4026 1106 4072 et
1140 4032 1175 4072 a
1219 4017 1414 4089 quibus
1453 4015 1705 4088 personis

136 4107 474 4166 detineantur.

191 4198 236 4254 2.
265 4200 337 4257 De
365 4200 606 4259 monetis
635 4199 958 4272 inquiratur,
1003 4214 1109 4271 qua
1138 4198 1383 4257 custodia
1405 4199 1705 4257 observan-

136 4293 229 4354 tur,
248 4292 328 4347 vel
355 4308 462 4364 qua
490 4291 686 4347 fraude
715 4292 1013 4358 vitiantur,
1063 4302 1121 4347 et
1158 4307 1192 4346 a
1234 4292 1428 4362 quibus
1458 4293 1708 4363 personis

137 4379 222 4439 hoc
240 4396 610 4457 perpetratum
632 4385 726 4452 sit,
778 4393 834 4441 et
860 4385 1071 4440 noviter
1100 4400 1129 4439 a
1155 4384 1311 4441 nobis
1350 4385 1594 4440 instituta
1625 4385 1708 4441 in-

139 4484 318 4554 stanter
341 4478 411 4511 ⁸⁸⁸
441 4477 668 4549 ﬁgurari
691 4476 1079 4548 precipianlur.
1123 4474 1511 4531 Verumtamen
1540 4490 1710 4547 usque

141 4569 278 4624 missa
302 4573 484 4630 sancti
530 4569 796 4629 Johannis
836 4569 1120 4625 denarium
1162 4578 1478 4640 argenteum
1519 4577 1709 4625 etnon

140 4659 343 4718 fractum
369 4662 768 4732 cujuscumque
798 4668 1027 4716 moneta:
1052 4660 1363 4730 recipiatur.
1414 4658 1711 4729 chectori-

141 4745 226 4805 bus
245 4762 422 4809 autem
444 4754 604 4825 juxta
624 4750 929 4822 capitulare
960 4749 1247 4819 castigatio
1268 4749 1593 4813 adhibenda,
1627 4747 1712 4805 vel

140 4838 197 4895 60
221 4846 414 4902 solidos
432 4854 746 4915 componat,
778 4842 863 4898 vel
895 4843 1115 4898 totidem
1146 4843 1285 4896 ictus
1315 4842 1561 4913 accipiat.
1592 4842 1713 4897 Fal-

141 4940 325 4993 satores
347 4953 483 4994 vero
510 4945 761 5003 monetae,
804 4934 850 4990 si
876 4934 1079 4990 inventi
1122 4932 1343 5000 fuerint,
1372 4933 1425 4987 in
1470 4948 1704 5003 prmsen-

1866 2282 1922 2337 5.
1950 2282 2019 2338 Ut
2047 2283 2197 2338 missi
2227 2284 2395 2338 nostri
2428 2300 2518 2355 per
2542 2282 2781 2352 singulas
2797 2283 3047 2340 civitates
3078 2299 3391 2342 mensuram

1798 2377 2076 2446 antiquam
2129 2376 2436 2447 inquirant,
2483 2384 2539 2431 et
2581 2391 2741 2432 nemo
2790 2390 2962 2445 neque
3000 2390 3182 2433 emere
3212 2392 3394 2448 neque

1798 2468 2034 2523 vendere
2059 2475 2350 2538 prcesumat
2378 2466 2480 2521 nisi
2510 2468 2578 2522 ad
2610 2465 2779 2537 ipsam
2806 2482 3136 2522 mensuram.

1869 2557 1924 2611 4.
1955 2557 2031 2613 De
2085 2559 2288 2624 usuris,
2338 2557 2652 2628 quemultis
2699 2558 3032 2629 argumentis
3078 2559 3231 2624 fiunt,
3270 2559 3395 2615 dili-

1801 2647 2117 2718 gentissiute
2147 2648 2455 2718 inquiratur
2489 2663 2526 2702 -a
2568 2647 2752 2703 missis
2799 2648 3021 2712 nostris,
3072 2656 3127 2702 et
3147 2663 3276 2703 eum
3302 2662 3395 2703 re-

1800 2739 1941 2811 perti
1971 2738 2171 2794 fuerint
2203 2740 2292 2809 qui
2327 2754 2417 2793 cas
2442 2746 2719 2802 exercent,
2750 2737 2981 2807 propriis
3000 2737 3267 2807 episcopis
3287 2747 3402 2793 tra-

1803 2831 2022 2897 dantur,
2077 2839 2136 2886 ut
2166 2830 2267 2889 sub
2286 2829 2506 2901 publica
2529 2828 2852 2899 poenitentia
2882 2829 3217 2899 redigantur.

1871 2920 2019 2977 5⁸⁸⁷.
2072 2921 2149 2976 De
2192 2920 2465 2992 judicibus
2506 2919 2855 2990 inquiratur,
2900 2918 2944 2973 si
2990 2918 3293 2976 nobiles‘”
3342 2929 3400 2975 et

1802 3016 2082 3085 sapientes
2123 3020 2180 3068 et
2202 3012 2372 3067 Deum
2411 3010 2663 3066 timentes
2711 3008 2996 3065 constituti
3036 3016 3201 3075 sunt;
3251 3018 3307 3065 et
3326 3007 3397 3042 ⁸⁸⁸

1795 3110 2003 3181 iurent,
2030 3105 2263 3176 utjuxta
2297 3121 2450 3161 suam
2490 3105 2909 3177 intellegentiam
2937 3114 3090 3161 recte
3127 3104 3395 3174 judicent,

1803 3213 1859 3258 et
1891 3214 1992 3272 pro
2025 3199 2340 3256 muneribus
2368 3198 2450 3254 vel
2479 3199 2714 3253 humana
2762 3198 2937 3269 gratia
2972 3196 3245 3266 justitiam
3288 3212 3399 3254 non

1802 3299 2119 3363 pervertant
2160 3306 2261 3347 nec
2292 3290 2577 3357 dilferant,
2602 3299 2655 3345 et
2681 3290 2824 3361 quod
2860 3288 3227 3359 judicaverint
3264 3304 3399 3345 con-

1806 3383 2025 3438 firmare
2086 3396 2184 3436 sua
2242 3380 2641 3451 subscriptione
2697 3396 2804 3435 non
2863 3379 3220 3436 dissimulent.
3295 3378 3401 3436 Ubi

1807 3487 1986 3531 autem
2021 3473 2153 3529 tales
2175 3487 2281 3528 non
2302 3481 2449 3540 sunt,
2472 3489 2511 3551 pa
2540 3470 2721 3528 missis
2747 3472 2947 3528 nostris
2975 3472 3398 3541 constituantur,

1729 3559 1780 3621 (ἒ
1811 3576 1865 3624 et
1897 3568 2040 3624 idem
2076 3575 2479 3641 sacramentum
2509 3565 2692 3623 facere
2717 3574 3000 3641 cogantur.
3051 3565 3204 3634 Quod
3231 3567 3279 3623 si
3314 3567 3401 3623 vi-

1804 3655 1883 3712 les
1911 3671 2156 3729 personae
2179 3667 2233 3710 et
2258 3656 2437 3711 minus
2457 3656 2664 3711 itionem
2701 3657 2767 3711 ad
2798 3656 2899 3711 hoc
2922 3657 3229 3712 constituta:
3249 3666 3398 3724 sunt.

1805 3748 2133 3820 rejiciantur.
2190 3748 2455 3804 Similiter
2490 3758 2565 3817 et
2619 3749 2816 3805 notarii
2860 3748 3067 3820 legibus
3105 3749 3303 3806 eruditi
3347 3760 3406 3805 ct

1804 3840 1961 3896 bona:
2003 3840 2275 3912 opinionis
2317 3840 2736 3905 constituantur,
2769 3838 3221 3911 etjusjurandum
3252 3855 3393 3911 pra:-

1804 3931 1988 3996 hcant,
2042 3940 2101 3986 ut
2128 3930 2433 3987 nullatenus
2482 3930 2774 3987 falsitatem
2802 3931 2889 3986 vel
2918 3930 3211 3986 colludium
3259 3930 3403 3987 scri-

1804 4022 1974 4088 bant;
2029 4032 2084 4079 et
2113 4023 2204 4094 qui
2232 4024 2335 4079 hoc
2361 4022 2555 4093 fecisse
2599 4023 2861 4094 preterito
2889 4029 3143 4094 tempore
3191 4022 3403 4079 inventi

1798 4112 2031 4179 fuerint,
2060 4113 2534 4184 praesentaliterm
2566 4114 2911 4170 damnentur.

1879 4204 1930 4260 6.
1985 4203 2059 4261 Ut
2109 4204 2389 4276 inquirant
2430 4204 2843 4277 diligentissime
2889 4203 3044 4261 missi
3082 4202 3256 4262 nostri
3304 4215 3405 4274 per

1810 4294 2051 4367 singulos
2076 4297 2386 4361 comitatus,
2418 4295 2510 4366 qui
2536 4297 2717 4375 adhuc
2741 4303 3144 4375 sacramentum
3175 4292 3406 4351 ﬁdelita-

1813 4386 1882 4440 tis
1934 4387 2171 4441 nondum
2225 4386 2381 4441 nobis
2422 4373 2834 4457 promiserunt,
2867 4392 2923 4439 et
2967 4384 3287 4455 promittere
3311 4396 3407 4445 eos

1808 4478 2156 4550 compellant.
2202 4478 2269 4532 Et
2303 4478 2582 4548 inquirant
2609 4477 3020 4546 diligentissime
3051 4475 3202 4532 missi
3232 4475 3404 4531 nostri

1814 4572 1971 4627 villas
1994 4581 2050 4626 et
2082 4580 2285 4636 certes,
2318 4572 2462 4626 unde
2484 4571 2626 4642 regis
2659 4558 2895 4642 expensa
2919 4567 3214 4624 ministrari
3244 4569 3408 4623 solita

1815 4664 1906 4729 sit,
1937 4672 1991 4718 et
2037 4680 2065 4718 a
2095 4664 2295 4734 quibus
2315 4663 2564 4733 personis
2593 4663 2752 4717 modo
2799 4662 3124 4725 detineatur,
3173 4677 3273 4717 nec
3298 4677 3409 4717 non

1815 4764 1870 4809 ct
1896 4769 2016 4824 quin
2045 4753 2097 4808 in
2140 4754 2370 4809 transitu
2397 4752 2579 4810 domui
2604 4752 2947 4823 imperatoris
2982 4750 3187 4806 servire
3209 4751 3411 4807 debent

1819 4844 1903 4900 vel
1935 4846 2113 4902 missis
2141 4845 2544 4902 transeuntibus
2569 4843 2876 4899 necessaria
2904 4843 3237 4898 ministrare.

1884 4939 1936 4995 7.
1972 4939 2039 4997 Ut
2063 4955 2163 5010 per
2183 4938 2425 5011 singulas
2452 4938 2700 4995 civitates
2734 4937 3008 5008 inquirant
3035 4936 3183 4992 missi
3217 4933 3408 4999 nostri,
3504 4909 3509 4931 1

1408 5048 1651 5107 VARIIE
1689 5048 2093 5107 LECTIONES.

202 5161 265 5194 '"
285 5163 428 5222 deest
466 5164 533 5220 Ρ.
606 5165 681 5205 ⁸⁷⁸
717 5180 765 5221 s.
798 5165 849 5220 d.
880 5164 967 5220 15.
995 5164 1134 5219 deest
1158 5162 1320 5219 iuBl.
1344 5173 1391 5219 et
1415 5161 1482 5217 Ρ.
1560 5164 1632 5196 ⁸⁷³
1670 5165 1714 5221 si
1749 5163 1815 5220 Ρ.
1893 5167 1962 5201 ⁸⁷⁸
1998 5165 2116 5221 XV.
2141 5164 2229 5220 Bl.
2306 5164 2377 5200 ⁸⁷⁸
2403 5165 2489 5222 his
2526 5163 2594 5220 Ρ.
2628 5162 2690 5219 ν.
2724 5160 2827 5220 Vn.
2853 5161 2919 5218 Ε.
2980 5159 3084 5192 ⁷⁸⁷⁵
3107 5154 3411 5227 anteposito
3496 5203 3500 5206 .

144 5227 200 5306 ξς
269 5250 298 5288 a
331 5238 481 5305 quod
523 5235 588 5291 V.
620 5236 721 5291 Vn.
764 5236 831 5290 Ε.
860 5235 1304 5306 exceptoAmbr.

1389 5234 1457 5265 ⁸⁷⁷
1490 5236 1755 5307 recipiant
1780 5246 1856 5307 ret
1896 5252 2058 5307 causa
2091 5237 2356 5293 deliniant
2406 5237 2474 5292 P.
2532 5237 2619 5295 μ⁶⁷⁸
2661 5235 2922 5307 quesierit
2958 5246 3095 5307 corr,
3137 5228 3413 5297 quesierat

290 5297 364 5378 ξπ
388 5308 557 5378 tacito
586 5307 623 5362 i.
655 5306 721 5361 de
750 5322 796 5361 s.
826 5321 877 5378 p.
898 5297 1021 5378 71).:
1057 5305 1124 5337 ⁶⁸⁰
1149 5307 1245 5359 hoc
1281 5313 1437 5378 caput
1462 5297 1664 5360 exhibet
1687 5306 1806 5362 cod.
1835 5306 2226 5378 Blankenburg.
2261 5320 2272 5331 '
2300 5307 2368 5340 ⁶⁸¹
2399 5323 2496 5363 vos:
2518 5307 2658 5363 deest
2679 5297 2744 5360 'in
2768 5300 3083 5378 codice,_sed
3109 5307 3200 5351 aut
3218 5308 3413 5378 euut-tut

144 5369 769 5448 Effugimilisinserenda.
827 5367 1153 5448 '“7'cdietus
1181 5390 1229 5448 c_.
1308 5374 1378 5407 ⁸⁸³
1408 5378 1615 5448 nunzeri
1644 5378 1837 5448 codicis
1859 5367 2205 5441 Pm‘isiensis',
2231 5380 2321 5448 qui
2342 5395 2474 5433 unus
2501 5379 2611 5448 lucc
2652 5378 2822 5448 cupita
2853 5367 3078 5448 exhibet,
3104 5376 3225 5423 sunt
3252 5367 3414 5448 ‘Vllll.

145 5435 206 5516 ξε
234 5442 328 5516 ΞΧΙ.
406 5447 478 5487 ⁸⁸⁸
519 5449 695 5516 adque
741 5462 791 5501 c.

874 5447 941 5481 ⁸⁸⁵
984 5445 1115 5518 Item
1154 5446 1259 5518 alia
1306 5445 1540 5518 capitula
1581 5452 1745 5518 codex
1772 5446 2061 5503 Blankenb.
2092 5438 2378 5505 unde'ha’c
2408 5438 2779 5518 capitulejdm
2806 5448 2976 5518 prima
3004 5442 3112 5518 uice
3134 5438 3412 5518 prqdeunt.

147 5508 511 5601 :iinstan‘ttrr.
529 5506 646 5601 cod.
710 5517 793 5599 _°8'
823 5516 1115 5601 Caput/ioc
1145 5506 1524 5601 {labetur-inter
1551 5517 1987 5601 Hlothariileges
2010 5521 2067 5601 in
2092 5506 2565 5601 codicibus_Artlbr.
2586 5506 2760 5601 ‘Flor.
2802 5506 2971 5570 Laud.
3214 5506 3413 5601 YAe-l‘tlll.

146 5576 251 5637 Est.
282 5588 424 5651 apud
457 5587 812 5642 Muratorium
841 5576 957 5655 ca’p.
985 5585 1099 5657 14.Δ
1150 5587 1218 5619 ⁸⁸⁸
1249 5584 1317 5639 In
1345 5584 1520 5643 codice
1551 5587 1838 5643 Veronensi
1860 5576 1945 5644 hic
1978 5576 2152 5657 glossa
2179 5605 2198 5642 :
2231 5590 2438 5647 nobiles
2476 5596 2604 5643 sunt
2644 5602 2873 5657 quorum
2906 5585 3415 5657 majorumnparen.

148 5657 249 5725 tum
277 5650 499 5729 suorum
528 5672 688 5715 nemo
707 5650 955 5716 servituti
985 5655 1259 5729 subjectus
1288 5656 1360 5714 sit
1392 5670 1553 5717 manu
1595 5658 1781 5717 saeculi
1817 5658 1934 5717 XII
1965 5650 2165 5719 inserta
2188 5670 2286 5719 est.
2360 5662 2427 5703 δι’
2452 5659 2592 5717 deest
2636 5650 2692 5716 iit
2738 5658 2858 5715 cod.
2908 5650 3100 5713 Βιᾱηές.
3173 5650 3246 5687 ⁸⁸⁸
3274 5667 3413 5724 pm-

147 5716 360 5783 sentalis
383 5727 566 5788 Anthr.
660 5782 663 5785 λ
