3876 5326
515 380 620 439 623

517 499 606 555 ubi
640 496 836 569 palatia
869 495 1163 566 antiquitus
1186 495 1400 550 fuerunt
1421 495 1489 527 ⁶⁹¹
1531 496 1613 549 vel
1651 494 1878 564 publica:
1913 493 2104 548 domus
2132 500 2189 558 Α

516 589 840 658 antiquitus,
888 587 970 641 vel
1004 587 1144 642 unde
1187 586 1625 650 continebantur,
1674 586 1757 640 vel
1810 601 1912 656 qua
1944 599 2101 641 occa-

516 684 666 739 sione
689 691 780 735 aut
805 697 834 735 a
865 681 1063 750 quibus
1089 681 1334 749 personis
1373 679 1459 733 vel
1501 680 1602 733 sub
1656 677 1811 746 cujus
1861 686 2102 746 tempore

516 776 798 829 destructa
838 783 982 838 sunt,
1023 782 1077 827 et
1106 782 1291 826 nostra
1329 773 1651 827 auctoritate
1676 770 1991 839 pr:ecipiant
2042 778 2103 823 ut

516 867 709 921 antodo
731 866 1047 934 quantotius
1102 874 1496 919 restaurentur.
1543 862 1648 918 Sed
1679 862 1825 916 etde
1879 861 2103 929 singulis

516 958 915 1013 conditionibus
966 972 1086 1027 quze
1149 958 1216 1011 ad
1264 971 1533 1011 cameram
1589 965 1830 1009 nostram
1889 954 1971 1009 vel
2038 956 2101 1008 ad

514 1049 702 1104 ﬁscum
735 1050 816 1102 vel
841 1049 907 1102 ad
938 1049 1150 1102 diversa
1179 1047 1371 1117 palatia
1408 1047 1702 1117 pertinent.

584 1140 638 1195 8.
670 1139 739 1194 Ut
764 1141 912 1195 missi
960 1141 1129 1195 nostri
1165 1141 1477 1210 perquirunt
1514 1139 1566 1193 in
1616 1138 1843 1204 singulis
1869 1130 2103 1193 civitati-

510 1232 612 1287 bus
666 1233 927 1288 benelicia
974 1248 1101 1303 qua:
1151 1232 1388 1301 antiquis
1442 1231 1771 1301 temporibus
1820 1230 2001 1285 clerici
2050 1240 2106 1284 et

515 1325 729 1380 vassalli
801 1326 1243 1394 predecessorum
1320 1334 1627 1380 nostrorum
1695 1322 2102 1378 habuerunt’m

513 1414 598 1468 vel
620 1414 711 1483 qui
748 1430 887 1469 nunc
929 1429 992 1469 ea
1022 1415 1290 1479 retinent,
1323 1424 1379 1469 et
1405 1415 1561 1469 nobis
1589 1413 1917 1467 renuntient.
1947 1412 2107 1467 Simi-

513 1506 638 1562 liter
675 1508 966 1563 comitatus
1017 1508 1343 1578 pertineutia
1376 1522 1517 1576 'quae
1544 1507 1829 1561 comitatus
1856 1522 1965 1559 non
2012 1507 2107 1560 ha-

513 1599 666 1663 bent,
710 1613 809 1653 nec
838 1614 943 1653 non
971 1608 1026 1652 et
1068 1614 1155 1653 res
1183 1597 1430 1652 ecclesiis
1484 1596 1578 1651 Dei
1624 1597 1960 1667 pertinentes
1985 1637 2000 1658 ,
2048 1604 2104 1651 et

514 1688 631 1742 aliae
670 1703 912 1757 persona:
943 1703 1104 1758 quam
1137 1697 1375 1742 rectores
1404 1703 1593 1742 earum
1634 1686 1891 1752 retinent,
1927 1685 2104 1757 inqui-

514 1788 638 1832 raut
666 1786 722 1832 et
751 1777 907 1832 nobis
936 1778 1266 1833 renuntient.

584 1867 637 1921 9.
675 1864 742 1921 Ut
770 1865 1122 1937 baptismales
1151 1866 1362 1922 eclesite
1389 1906 1405 1932 ,
1441 1882 1563 1937 quae
1591 1882 1689 1938 per
1715 1832 2100 1937 neglegentiam
2132 1883 2176 1941 Β

515 1973 703 2013 eorum
741 1960 832 2028 qui
872 1974 965 2013 eas
989 1967 1294 2015 restaurare
1314 1960 1633 2025 debuerunt,
1662 1959 1917 2028 paulatim
1949 1974 1977 2012 a
2000 1974 2098 2013 stto

513 2051 1021 2117 statu'del‘eeerunt,
1051 2052 1326 2123 diligentia
1358 2053 1643 2106 missorum
1693 2061 2003 2105 nostrorum
2032 2050 2099 2104 ab

516 2143 600 2196 Itis
629 2143 720 2212 qui
758 2143 829 2198 ibi
858 2145 1200 2215 baptizantur
1228 2145 1310 2200 vel
1340 2161 1494 2200 sacra
1520 2145 1758 2199 misteria
1795 2144 2098 2214 percipiunt

514 2234 811 2287 restaurari
855 2235 1256 2305 praecipiantur,
1285 2246 1339 2290 et
1370 2236 1633 2290 ministris
1660 2235 1735 2289 rei
1768 2234 1976 2304 publice
2007 2249 2096 2288 co-

514 2325 820 2391 mittautur,
847 2336 906 2381 ut
949 2328 1041 2381 ﬁlii
1067 2327 1276 2382 eclesite
1305 2342 1490 2382 eorum
1520 2327 1773 2382 instantia
1798 2328 1863 2382 ad
1909 2342 2096 2382 earnm

476 2412 962 2473 ‘restaurationem
1008 2420 1420 2489 compellantur,
1461 2419 1698 2476 decimas
1744 2435 1959 2491 quoque
1986 2419 2096 2474 Deo

514 2509 644 2564 dare
675 2511 869 2585 ibidem
908 2522 1190 2583 cogantur.

1226 381 1517 437 APPEND.
1560 379 1650 435 AD
1688 380 1859 436 SAZC.
1902 379 1968 433 Χ.
2011 410 2077 420 -
2122 375 2553 434 MONUMENTA
2591 370 3071 430 DlPLOMATlCA.

3682 373 3777 432 σει

2279 490 2362 544 10.
2395 490 2462 545 Ut
2492 490 2632 544 idem
2665 489 2811 545 missi
2846 489 3162 560 perquirant
3206 488 3261 542 in
3304 488 3533 560 singulis
3561 489 3779 547 civitati-

2202 584 2323 649 bus,
2356 582 2590 654 qualiter
2615 584 3001 639 canonicorum
3048 582 3154 636 vita
3185 589 3238 636 et
3275 582 3625 637 conversatio
3646 584 3779 637 ordi-

2204 685 2330 730 nata
2362 677 2455 739 sit,
2487 686 2542 731 et
2568 678 2634 730 de
2672 677 2927 731 thesauro
2966 674 3228 737 ecclesia},
3262 673 3389 743 quid
3416 672 3488 706 ⁶⁹³
3521 672 3648 727 inde
3672 688 3781 742 per-

2205 768 2373 821 ditum
2401 769 2491 833 sit,
2540 768 2682 822 vela
2709 784 2835 839 quo,
2893 776 2986 823 aut
3011 766 3163 835 cujus
3190 772 3452 838 tempore,
3508 774 3568 820 et
3614 775 3780 819 utinm

2203 859 2439 930 episcopi
2473 876 2599 915 suas
2621 861 2803 931 plebes
2832 860 3111 915 ordinatas
3140 860 3391 915 habeant.
3431 867 3489 912 et
3527 858 3575 911 si
3604 867 3781 911 contra

2204 951 2656 1006 restaurationem
2684 950 2999 1005 destributae
3025 960 3168 1015 sunt,
3203 958 3262 1004 ut
3296 948 3630 1012 emendent;
3670 947 3779 1002 etsi

2204 1056 2339 1109 opus
2359 1039 2538 1105 fuerit,
2575 1043 2726 1097 nobis
2757 1044 3088 1096 renuntient.

2277 1156 2362 1210 ll.
2404 1156 2478 1210 De
2540 1158 3032 1226 deprmdatiouibus
3092 1172 3306 1228 quoque
3358 1171 3481 1227 quae
3541 1155 3782 1209 mo'erno

2208 1257 2449 1320 tempore
2488 1249 2755 1303 defunctis
2820 1250 3086 1318 episeopis
3131 1264 3161 1303 a
3215 1248 3447 1303 diversis
3486 1245 3783 1301 hominibus

2207 1338 2359 1391 facta:
2385 1347 2510 1391 sunt
2543 1338 2595 1391 in
2621 1341 2778 1393 rebus
2799 1339 3167 1402 eclesiasticis,
3203 1348 3262 1392 ut
3287 1337 3378 1407 qui
3402 1352 3500 1391 eas
3533 1335 3779 1399 fecerunt,

2204 1431 2447 1501 lcgab‘ter
2476 1432 2762 1485 emendent
2797 1447 2918 1485 cum
2941 1431 3237 1485 emunitate
3270 1440 3478 1483 nosna.

2277 1542 2362 1596 l2.
2401 1540 2472 1594 De
2494 1542 2788 1597 sceleribus
2842 1542 2887 1574 "
2917 1553 3080 1613 atque
3104 1541 3423 1597 criminibus
3451 1554 3580 1610 qua:
3613 1537 3781 1592 multis

2204 1633 2769 1699 modisincreverunt,
2821 1633 3070 1689 volumus
3108 1644 3167 1687 ut
3218 1632 3497 1702 inquirant
3527 1639 3585 1685 et
3618 1644 3781 1685 emen-

2204 1724 2356 1780 dent.
2400 1725 2666 1780 Similiter
2699 1735 2753 1778 et
2782 1725 2849 1780 de
2876 1724 3367 1795 conspiratiouibus
3405 1718 3779 1789 uacivis'juxta

2202 1816 2505 1886 capitulare
2542 1818 2849 1873 emendem.
2886 1815 3156 1871 Similiter
3183 1824 3237 1871 et
3266 1816 3334 1871 de
3363 1815 3578 1885 rapinis
3622 1828 3712 1869 seu
3733 1820 3781 1866 et

2205 1910 2272 1965 de
2300 1911 2448 1966 falsis
2488 1912 2736 1975 testibus,
2762 1911 2845 1965 vel
2868 1911 2934 1965 de
2956 1910 3185 1982 perjuris
3207 1910 3278 1944 ⁶⁹⁸
3305 1908 3642 1972 hominibus,
3680 1906 3780 1960 sive

2204 1999 2271 2056 de
2302 2001 2581 2056 monachis
2611 2001 2699 2069 qui
2754 2003 3029 2071 proprium
3082 1992 3324 2055 habitum
3352 1998 3705 2069 reliquerunt,
3733 2005 3780 2050 et

2208 2090 2275 2146 de.
2313 2092 2395 2146 bis
2440 2092 2529 2161 qui
2559 2092 2831 2147 seculares
2859 2092 2939 2147 vel
2974 2092 3095 2147 laici
3122 2107 3190 2147 ex
3220 2090 3432 2146 clericis
3486 2091 3573 2147 vel
3609 2105 3778 2145 mona-

2203 2182 2322 2237 citis
2344 2192 2471 2237 sunt
2499 2182 2698 2238 eﬂ'ecti.

2276 2293 2363 2346 15.
2395 2294 2467 2348 De
2499 2295 2597 2349 viis
2619 2305 2669 2349 et
2701 2296 2951 2366 pontibus
2978 2303 3033 2351 et
3062 2296 3258 2352 ceteris
3286 2295 3542 2351 excubiis
3567 2292 3775 2365 publicis

2203 2392 2261 2438 ut
2287 2386 2600 2455 inquirant;
2634 2397 2689 2442 et
2716 2403 2836 2459 quae
2866 2378 3483 2459 potuerintemendeut,
3516 2397 3609 2443 aut
3630 2385 3775 2441 nobis

2202 2477 2349 2547 quod
2375 2477 2678 2533 invenerint
2714 2479 3026 2535 renuntient
3055 2480 3145 2533 ⁵⁸⁸.

1160 2653 1569 2746 υῐιυῡοὶνιόι
1602 2689 1643 2745 ιι
1682 2689 2149 2748 IMPERATORIS
2186 2691 2529 2750 CAPITULA
2568 2692 3114 2752 ECCLESIASTICA.

1981 2826 2121 2895 :(An.
2156 2827 2302 2899 856).

582 2964 939 3021 llabeu‘tur'iu
966 2965 1150 3022 codice
1170 2964 1667 3036 Blankcnburgensi
1697 2974 1824 3037 post
1855 2965 2094 3037 capitula
2125 2967 2438 3038 superiora;
2490 2974 2545 3021 et
2590 2982 2621 3020 a
2655 2967 2861 3038 synodo
2892 2965 3075 3023 Italica
3112 2966 3365 3023 videntur
3410 2962 3589 3024 luisse
3618 2967 3769 3024 edita.

584 3148 635 3201 l.
677 3146 881 3214 Primo,
944 3148 1183 3202 omnium
1239 3148 1571 3203 discutienda
1619 3156 1701 3203 est
1754 3147 2097 3203 sacerdotum
2127 3128 2172 3191 Ο
2204 3140 2579 3210 antil'onarius,
2620 3144 3017 3212 baptisterium,
3061 3130 3367 3216 componis,
3408 3160 3589 3200 canon
3639 3146 3767 3217 peni-

513 3236 668 3302 ﬁdes,
703 3236 933 3306 qualiter
960 3236 1184 3291 credant
1211 3247 1265 3292 et
1290 3238 1426 3293 alios
1464 3237 1686 3294 credere
1711 3239 1974 3303 doceant;
2008 3237 2099 3292 ubi

513 3328 755 3399 exempla
783 3328 1126 3398 proponenda
1154 3337 1297 3391 sunt,
1324 3338 1590 3399 quatenus
1620 3345 1649 3382 a
1676 3337 1925 3384 creatura
1949 3342 2103 3382 crea-

513 3429 602 3473 tor
623 3418 1176 3489 quantulumcumque
1204 3421 1377 3491 possit
1407 3419 1663 3491 intellegi.

580 3511 635 3564 2.
665 3508 1279 3579 Secundo,jubeudum,
1314 3519 1370 3565 ut
1392 3510 1567 3565 oratio
1601 3510 1877 3565 Dominica
1907 3508 1960 3564 in
1995 3524 2100 3580 qua

513 3602 695 3655 omnia
738 3601 1042 3656 necessaria
1089 3602 1336 3655 humana:
1380 3601 1502 3655 vita:
1547 3603 2099 3671 comprehenduntur,

516 3702 572 3748 et
600 3692 917 3763 Symbolum
946 3693 1313 3762 apostolorum
1351 3692 1403 3745 in
1436 3707 1543 3761 quo
1570 3692 1702 3746 fides
1740 3690 2003 3746 catholica
2034 3706 2103 3747 ex

512 3787 724 3856 integro
759 3786 1253 3854 comprehenditur,
1301 3786 1369 3839 ab
1410 3786 1664 3841 omnibus
1699 3785 1960 3849 discatur,
1993 3796 2101 3839 tam

512 3877 679 3931 latine
720 3891 881 3947 quam
922 3875 1203 3931 barbaricc
1232 3877 1325 3943 ‘9',
1374 3886 1433 3931 ut
1474 3878 1617 3947 quod
1665 3892 1759 3937 ore
1784 3877 2099 3948 profitetur,

511 3971 673 4024 corde
703 3970 959 4024 credatur
995 3981 1051 4024 e1
1090 3970 1454 4041 intellegatur.

581 4062 634 4115 5.
674 4060 883 4126 Tertio,
916 4062 1308 4128 intimandum,
1336 4070 1396 4116 ut
1424 4062 1491 4117 ad
1522 4061 1874 4116 salutationes
1918 4075 2101 4115 sacer-

510 4153 721 4207 dotales
768 4168 1007 4223 congrue
1058 4148 1442 4223 responsiones
1488 4153 1800 4219 discantur,
1854 4152 1945 4207 ubi
1996 4166 2100 4207 non

512 4243 685 4297 solum
725 4244 905 4299 clerici
939 4254 994 4299 et
1019 4244 1129 4299 Deo
1161 4245 1349 4299 dicatae
1391 4245 1659 4299 sacerdoti
1692 4245 2101 4314 responsionem

513 4331 763 4400 offerant,
810 4335 903 4389 sed
942 4336 1119 4390 omnis
1148 4335 1298 4405 plebs
1329 4334 1520 4390 devota
1570 4349 1809 4391 consona
1838 4350 1972 4390 voce
2017 4349 2104 4389 re-

510 4425 779 4495 spondere
809 4425 989 4481 debet.

2205 3236 2460 3301 tentialis,
2493 3235 2830 3306 psalterium,
2864 3235 3106 3290 bomeliaa
3131 3250 3229 3305 per
3251 3236 3518 3292 circulum
3551 3236 3669 3292 anni
3696 3236 3772 3291 doc

2204 3328 2420 3384 minicis
2466 3328 2654 3383 diebus
2702 3337 2756 3383 ct
2804 3327 3029 3399 singulis
3067 3325 3454 3382 festivitatibus
3504 3340 3665 3398 aptze,
3710 3343 3767 3380 ex

2203 3422 2400 3492 quibus
2425 3422 2675 3476 omnibus
2700 3421 2743 3476 si
2774 3437 2937 3476 unum
2968 3419 3201 3475 defuerit
3249 3421 3551 3476 sacerdotis
3596 3435 3767 3475 nomen

2202 3511 2293 3564 vix
2347 3511 2398 3564 in
2458 3526 2522 3565 eo
2570 3511 2858 3565 constabit.
2917 3509 3052 3576 Quia
3102 3508 3254 3564 valde
3301 3509 3609 3580 periculose
3660 3515 3771 3564 sunt

2203 3602 2533 3672 evangelica:
2562 3603 2721 3657 minae
2750 3603 2942 3673 quibus
2972 3601 3173 3657 dicitur
3197 3620 3209 3655 :
3251 3600 3307 3657 Si
3336 3617 3498 3658 cecus
3529 3618 3668 3659 cmco
3691 3600 3773 3656 du-

2203 3708 2383 3754 catum
2412 3708 2652 3768 pra3stet,
2675 3700 2838 3754 ambo
2875 3700 2929 3753 in
2958 3699 3165 3755 foveam
3201 3701 3420 3755 cadunt.

2276 3790 2327 3843 7.
2371 3788 2631 3859 Septimo,
2666 3800 2723 3844 ut
2750 3792 2923 3844 sciant
2952 3800 3190 3860 tempora
3239 3790 3477 3860 legitima
3515 3791 3583 3846 ad
3613 3789 3769 3858 bapti-

2205 3881 2433 3934 zandum
2463 3878 2523 3934 in
2553 3896 2716 3946 anno,
2751 3881 2800 3934 id
2836 3891 2919 3935 est
2948 3881 3172 3935 sabbato
3221 3892 3428 3937 sancta:
3459 3883 3693 3945 Paschar,
3723 3886 3770 3931 ut

2174 3965 2294 4023 .illa
2339 3970 2584 4023 triduana
2619 3965 2816 4027 mersio
2849 3970 2901 4024 in
2938 3970 3261 4047 baptismate
3311 3972 3553 4026 imitetur
3590 3969 3769 4024 tridua-

2205 4081 2328 4119 nam
2382 4074 2609 4119 mortem
2641 4066 2852 4120 Domini
2906 4064 3203 4120 elarilicata
3258 4065 3672 4129 resurrectione,
3721 4068 3765 4114 et

2206 4156 2408 4211 idcirco
2456 4172 2627 4226 usque
2679 4158 2746 4211 ad
2791 4164 3042 4210 octavum
3091 4157 3229 4210 diem
3279 4156 3392 4227 ipsa
3449 4152 3762 4226 rcgeneratio

2207 4262 2360 4302 saera
2394 4246 2462 4302 ab
2492 4248 2637 4302 oumi
2685 4247 2883 4319 populo
2926 4246 3226 4302 christiano
3274 4247 3598 4302 celebratur.
3629 4242 3764 4299 Aliud

2205 4354 2333 4393 vero
2363 4347 2572 4409 tempus
2592 4338 2936 4409 baptismatis
2964 4338 3188 4392 sabban
3219 4348 3406 4393 sancto
3434 4336 3761 4391 Peutecostcn

2205 4431 2583 4486 celebrandum
2636 4440 2739 4486 est.
2815 4429 2872 4484 Si
2926 4446 3058 4484 vero
3117 4430 3414 4484 necessitas
3480 4423 3761 4496 contigerit,

581 4515 636 4569 4.
678 4517 905 4584 Quarto,
941 4525 1001 4571 ut
1034 4516 1165 4573 fides
1202 4518 1374 4574 sancti
1408 4517 1692 4573 Athanasii
1740 4533 1769 4572 a
1801 4517 2096 4574 sacerdoti-
2129 4514 2174 4573 D
2201 4524 2348 4577 omni
2392 4531 2633 4594 tempore
2662 4523 2717 4576 in
2748 4521 2990 4592 periculo
3041 4522 3469 4576 subvenicmlum
3504 4529 3604 4584 est,
3648 4515 3753 4586 quia

510 4608 615 4663 bus
643 4609 905 4675 discatur,
941 4618 997 4665 et
1022 4625 1087 4666 ex
1114 4612 1278 4667 corde
1313 4611 1460 4666 omni
1491 4611 1771 4667 Dominica
1802 4612 1868 4666 ad
1907 4611 2095 4666 horam

512 4703 744 4772 primam
780 4706 1058 4758 recitetur.

585 4796 638 4850 5.
681 4796 901 4863 Quinto,
935 4807 991 4853 ut
1028 4798 1203 4853 sciant
1231 4797 1358 4867 quid
1402 4796 1510 4852 sint
1558 4803 1957 4851 sacramentum
2006 4793 2101 4848 ba-

515 4887 788 4957 ptismatis
830 4899 885 4943 et
924 4889 1371 4952 conllrmationis,
1401 4898 1456 4943 et
1481 4888 1639 4958 quale
1684 4886 1754 4942 sit
1784 4885 2099 4957 mysterium

517 4980 761 5050 corporis
801 4988 856 5034 et
886 4980 1163 5050 sanguinis
1189 4981 1420 5046 Domini,
1474 4979 1744 5049 quomodo
1793 4978 1845 5031 in
1895 4975 2095 5031 eisdem

516 5070 792 5142 mysteriis
820 5073 1047 5127 visibilis
1077 5082 1324 5126 creatura
1355 5072 1587 5135 videtur,
1616 5080 1671 5125 et
1700 5078 1880 5122 tamen
1909 5067 2097 5121 invisi-

514 5161 641 5215 bilis
690 5160 836 5215 salus
872 5162 938 5217 ad
979 5163 1341 5217 aeternitatem
1390 5161 1586 5216 anima:
1633 5159 2096 5225 subministratur,

844 5252 857 5266 I
925 5253 951 5267 η
978 5254 991 5268 1

2203 4614 2494 4668 necessitas
2542 4614 2628 4668 vix
2674 4612 2835 4667 habet
2870 4612 3060 4683 legem.
3118 4610 3187 4666 Et
3235 4621 3292 4667 ut
3332 4628 3428 4668 vas
3469 4613 3535 4667 ad
3582 4608 3757 4665 fontem

2206 4704 2549 4773 baptismatis
2597 4705 2849 4770 habeant,
2882 4701 3023 4773 quod
3049 4703 3115 4758 ad
3146 4704 3216 4735 '”
3243 4703 3475 4775 reliquos
3512 4716 3635 4758 usus
3663 4695 3759 4752 uul-

2204 4793 2417 4848 latenus
2455 4802 2784 4850 assumatur.

2275 4887 2328 4942 8.
2366 4886 2591 4953 Octavo,
2622 4886 3082 4957 pronuntiandum
3109 4896 3212 4953 est,
3244 4895 3303 4942 ut
3327 4886 3503 4941 sciant
3545 4892 3751 4952 tempora

2205 4973 2432 5031 feriandi
2482 4993 2580 5047 per
2621 4993 2843 5043 annum,
2892 4977 2949 5030 id
2990 4986 3074 5031 est
3117 4991 3332 5031 omnem
3377 4974 3688 5029 Dominicam
3731 4981 3752 5017 τι

2205 5086 2361 5124 mane
2390 5086 2557 5139 usque
2582 5070 2646 5124 ad
2674 5085 2951 5139 vesperam
2978 5070 3047 5123 ob
3073 5069 3476 5124 venerationem
3502 5060 3752 5120 Dominica:

2207 5162 2639 5216 resurrectionis.
2689 5160 2982 5216 Sabbarum
3028 5175 3156 5214 vero
3203 5160 3531 5229 Oper-auditur
3564 5171 3593 5208 a
3621 5162 3749 5207 mane

2204 5266 2371 5274 ..ο-...ιη
2406 5251 2468 5274 Α..
2499 5265 2561 5274 -.αι
2581 5263 2778 5274 ..ιλιι-,ΑΜ
2832 5264 2901 5274 ..Α
2930 5249 2982 5274 :n
3025 5248 3287 5274 ε...Ι..ἒη..-Α
3338 5249 3611 5274 ΑΑσιΞΑ-εοοιο
3667 5238 3749 5274 PD.
