3876 5326
46 382 47 389 ‘
113 366 200 423 625
1100 356 1519 417 FRANCOBL'M
1564 356 1645 411 RE

1757 357 1802 410 ll
1841 356 2039 413 CAPIT
2049 358 2333 415 ULARIA.‘

3229 361 3334 415 6‘26

111 472 335 531 Johannis
377 471 736 544 evangelista,
763 471 1135 541 innocentum,
1182 482 1370 529 octava
1400 475 1637 538 Domini,
1671 476 1713 535 Α
1744 486 1848 527 non
1877 471 2169 528 celebrent.
2203 473 2356 540 Quod
2385 473 2428 528 si
2458 473 2706 541 fecerint,
2736 482 2959 545 propter
2994 460 3332 529 i‘uobmdicu-

112 563 438 634 Theophauia,
465 563 776 620 Purillcatio
804 573 1004 621 sanctae
1029 565 1232 630 Mariae,
1266 575 1512 622 sanctum
1547 567 1649 621 Pa-

112 656 249 719 scha,
296 654 431 708 sicut
482 655 536 709 in
583 656 867 724 superiore
917 656 1159 726 capitulo
1200 659 1647 727 comprehensum

109 755 191 801 est.
237 743 561 813 [legationes
608 746 779 801 tribus
825 744 1040 811 diebus;
1097 746 1359 801 Ascensio
1412 747 1647 813 Domini,

108 836 356 890 εςιιώιιιιεη
401 842 649 889 sanctum
682 834 1058 901 Pentecosten,
1087 837 1258 892 sancti
1304 836 1528 893 Joannis
1556 837 1651 892 ba-

107 928 273 995 pzista',
298 923 578 979 duodecim
613 925 999 999 apostolorum,
1032 928 1267 983 matime
1312 937 1489 983 tamen
1520 934 1647 983 san-

108 1024 282 1068 ctorum
309 1012 445 1068 Petri
474 1021 529 1068 et
548 1014 715 1078 Pauli,
744 1015 1123 1087 quioﬁuropam
1150 1034 1246 1071 sua
1273 1019 1651 1087 praedicatione

108 1105 542 1170 inluminaverunt,
573 1107 870 1176 assumptio
922 1116 1120 1163 sanctae
1147 1107 1347 1173 Mariae,
1383 1109 1651 1165 dedicatio

106 1197 248 1252 sancti
273 1196 578 1267 archangeli
605 1198 937 1264 Michahelis,
968 1199 1236 1255 dedicatio
1263 1200 1651 1272 cujuscumque

108 1288 294 1342 oratorii
321 1303 416 1343 seu
441 1288 735 1357 cujuslibet
762 1291 933 1346 sancti
973 1292 1027 1346 in
1053 1292 1205 1360 cujus
1231 1294 1433 1349 honore
1461 1295 1650 1350 eadem

108 1380 295 1435 ecclesia
336 1379 706 1448 fundataest,
757 1385 900 1455 quod
945 1386 1139 1441 vicinis
1188 1395 1395 1442 tantum
1443 1388 1649 1445 circum

110 1470 526 1527 cotnmorantibus
572 1473 918 1528 indicendum
978 1484 1103 1542 est,
1162 1493 1266 1532 non
1325 1479 1651 1549 generaliter

108 1559 336 1615 omnibus.
381 1560 818 1619 lndictumvcro
860 1563 1122 1633 jejunium
1150 1568 1365 1637 quando
1392 1585 1420 1622 a
1450 1569 1651 1640 palatio

109 1653 226 1706 vcta
251 1653 404 1709 domo
438 1652 617 1709 fuerit.
648 1655 1047 1722 denuntiatum,
1097 1660 1165 1713 ab
1198 1660 1446 1716 omnibus
1484 1677 1648 1732 gene-

108 1743 266 1797 raliter.
287 1743 622 1800 observetur.
668 1746 895 1816 ltelique
918 1763 1044 1802 vero
1068 1747 1390 1805 festivitates
1423 1768 1518 1822 per
1548 1769 1647 1806 an-

109 1849 227 1899 num,
266 1835 404 1890 sicut
444 1837 623 1892 sancti
651 1837 917 1903 Remedii,
966 1842 1140 1895 sancti
1173 1840 1434 1910 Mauricii,
1476 1848 1646 1901 sancti

111 1924 308 1992 Martini,
340 1943 445 1981 non
478 1938 605 1983 sunt
634 1929 852 1984 coleude
875 1931 942 1985 ad
971 1931 1294 1999 feriandum,
1342 1951 1440 1990 nec
1469 1944 1647 1990 tamen

107 2020 474 2088 prohibendum,
505 2023 553 2077 si
580 2022 732 2093 plebs
754 2022 859 2079 hoc
884 2033 1033 2080 caste
1068 2035 1123 2081 et
1156 2026 1273 2082 zelo
1300 2027 1392 2083 Dei
1423 2029 1648 2101 cupiunt

110 2126 340 2166 exercere.

160 2201 202 2257 9.
236 2202 400 2271 Nouo,
446 2207 747 2278 iubendum
794 2221 876 2267 εει
906 2213 1108 2269 eisdem
1157 2213 1551 2281 sacerdotibus,
1590 2224 1650 2271 ut

108 2309 187 2347 non
208 2299 514 2366 permittant
558 2316 740 2358 secum
775 2305 1026 2363 mulieres
1055 2307 1299 2373 habitare
1334 2318 1647 2373 extraneas,

102 2390 221 2455 juxta
247 2388 498 2447 Nicenum
528 2395 836 2463 concilium,
864 2397 967 2452 nisi
994 2411 1086 2454 eas
1118 2408 1328 2454 tantum
1374 2400 1425 2455 i'n
1455 2402 1650 2469 quibus

107 2479 299 2547 suspicio
324 2482 470 2538 nulla
505 2485 659 2542 mala:
686 2485 845 2543 fama:
869 2488 1072 2543 oboriri
1102 2498 1296 2560 potest.

161 2594 227 2648 l0.
265 2598 480 2657 Decimo
511 2644 549 2668 ,,
576 2615 634 2659 ut
689 2607 940 2663 tabernas
987 2625 1105 2665 non
1131 2610 1524 2684 ingrediantur,
1549 2627 1650 2669 nec

107 2687 298 2744 sedendo
324 2690 467 2748 domi
497 2703 600 2751 nec
631 2697 683 2752 in
714 2699 910 2756 itinere
956 2703 1224 2773 occupati.
1279 2702 1339 2759 Si
1370 2719 1498 2760 vero
1546 2718 1646 2760 ue-

110 2795 226 2837 resse
266 2784 461 2841 habent
501 2788 696 2846 ibidem
746 2794 949 2865 aliquid
997 2796 1234 2862 emendi,
1282 2798 1478 2853 missos
1521 2812 1650 2854 suos

108 2867 317 2959 dirigant,
344 2884 396 2931 et
424 2876 664 2934 oblatam
716 2881 781 2938 in.
815 2883 974 2938 aliam
1006 2886 1223 2941 domum
1263 2887 1563 2955 conferant,
1593 2898 1648 2945 et

107 2972 201 3012 cum
225 2964 516 3032 gratiarum
548 2971 757 3027 actione
789 2971 1021 3029 fideliter
1042 2976 1361 3045 percipiant.

158 3074 226 3129 ll.
251 3075 561 3150 Undecimo,
591 3095 646 3139 ut
672 3084 866 3155 placita
894 3089 1173 3146 stecularia
1202 3108 1309 3149 non
1333 3095 1645 3162 observent,

103 3176 179 3218 nec
212 3164 552 3239 ﬁdcjussorcs
586 3176 844 3243 existant,
874 3194 973 3236 nec
1015 3196 1178 3238 cauas
1224 3187 1292 3239 ad
1323 3187 1645 3251 venandum,
1676 3202 1720 3264 ς

104 3266 179 3344 nec
215 3259 644 3330 accipitresmee
692 3266 957 3335 falcones,
1006 3286 1106 3328 nec
1155 3278 1645 3344 sparavarios,nec

104 3343 230 3402 ullius
253 3347 355 3407 ludi
386 3366 480 3409 aut
509 3358 801 3425 spectaculi
831 3359 1105 3421 licentiam
1134 3343 1385 3423 habeant.
1440 3370 1646 3428 Sufﬁcit

104 3435 213 3536 enim
235 3439 307 3495 eis
334 3445 478 3512 quod
510 3445 563 3499 in
592 3448 774 3517 primo
799 3451 1009 3520 psalmo
1038 3452 1229 3509 dicitur
1263 3474 1276 3510 :
1304 3456 1373 3512 1η
1400 3458 1517 3529 lege
1539 3460 1643 3516 Do-

103 3537 198 3615 lllmt
221 3545 389 3584 eorum
419 3552 532 3589 esse
566 3537 908 3606 voluntatem,
939 3551 989 3596 et
1027 3544 1082 3597 in
1115 3543 1223 3615 lege
1255 3546 1370 3615 ejus
1403 3550 1644 3604 meditati

105 3611 167 3705 die
189 3633 242 3669 ac
266 3632 451 3688 nocte;
486 3629 708 3697 etquod
741 3629 792 3684 in
823 3632 1080 3700 Apostolo
1108 3611 1404 3705 precipitur
1431 3655 1443 3690 :
1474 3637 1643 3693 Nemo

103 3701 291 3795 utilitatis
319 3709 428 3767 Deo
470 3715 695 3786 implicet
733 3736 790 3774 se
836 3722 1061 3791 negotiis
1109 3701 1477 3795 swcularibus,
1507 3739 1562 3782 ut
1595 3729 1645 3784 ei

102 3792 262 3860 placeat
290 3803 371 3855 cui
399 3820 455 3858 se
475 3806 729 3876 probavit.

264 3911 610 3985 Duodecimo,
642 3931 698 3977 ut
725 3925 899 3980 sciant
924 3928 1048 3997 quia
1080 3945 1239 3987 nemo
1266 3948 1363 4004 per
1386 3935 1643 4005 pecunias

102 3997 482 4073 ordinatuscst,
516 4025 613 4065 nec
640 4028 733 4081 per
785 4030 1007 4072 munera
1047 3997 1300 4077 eclesiam
1350 3997 1506 4081 debet
1551 4043 1643 4083 oc-

102 4100 279 4185 cupare.
328 4095 466 4163 Quia
498 4100 542 4155 si
574 4101 775 4159 factum
827 4106 1012 4175 fuerit,
1042 4120 1095 4167 et
1134 4114 1245 4182 ipse
1275 4125 1330 4171 et
1360 4119 1642 4176 ordinatur

102 4183 191 4281 ejus
226 4183 518 4256 deponendi
561 4203 712 4262 sunt;
748 4199 875 4268 quia
915 4202 1259 4260 manifestum
1294 4216 1396 4273 est,
1429 4225 1522 4264 eos
1548 4212 1641 4281 qui

105 4271 198 4324 talia
223 4290 401 4348 agunt,
435 4281 797 4344 Simouiacam
844 4291 1092 4349 beresem
1141 4271 1451 4364 sectari,.et
1478 4271 1641 4357 talem

104 4376 185 4465 lion
228 4385 318 4439 per
363 4375 597 4433 hostium
637 4381 689 4435 in
744 4384 888 4440 ovile
937 4388 1117 4444 ovium
1160 4391 1319 4462 juxta
1365 4395 1641 4465 Evangelii

102 4455 250 4525 verba,
280 4466 371 4519 sed
398 4470 777 4528 ascendentem
809 4474 1026 4533 aliunde
1055 4455 1225 4536 furem
1253 4499 1375 4540 esse
1397 4496 1452 4540 et
1475 4455 1645 4543 latro-.

104 4557 227 4649 nem;
262 4563 312 4649 et
354 4573 459 4613 non
490 4562 661 4618 solum
695 4565 794 4634 ipsi
824 4569 914 4638 qui
947 4569 1049 4626 hoc
1077 4572 1303 4641 faciunt,
1336 4577 1429 4632 sed
1460 4588 1514 4634 et
1545 4580 1641 4649 qui
1671 4565 1719 4625 D

106 4645 404 4703 consentiunt
428 4650 765 4724 facientibus,
797 4665 1304 4723 excommunicandi
1328 4679 1474 4725 sunt.

160 4748 232 4805 15.
265 4755 445 4815 Tertio
488 4762 719 4833 decimo,
766 4778 823 4823 ut
864 4772 1041 4830 nullus
1088 4785 1373 4846 vagantem
1420 4796 1487 4836 ex
1532 4781 1637 4837 alia

109 4847 365 4903 Parrtecbia
409 4853 603 4911 audeat
654 4860 892 4931 recipere
925 4873 1228 4921 autsecum
1265 4872 1647 4927 commorandi

110 4936 179 4981 aut
206 4935 410 5030 missam
455 4944 783 5011 celebrandi,
814 4953 914 5010 nisi
941 4970 1039 5026 per
1083 4957 1394 5015 missionem
1424 4979 1635 5030 veram,

112 5025 350 5118 liccullius
384 5035 590 5094 eclesiae
636 5050 730 5095 aut
755 5043 923 5112 plebis
944 5025 1042 5105 aut
1072 5050 1432 5118 gubernacula
1463 5025 1637 5112 susci;

116 5116 278 5178 Ρδίθυάίο
302 5121 402 5177 nisi
430 5131 784 5178 nmveniente
827 5116 1166 5178 causata-{tia
1214 5151 1401 5178 παρη..
1483 5146 1636 5178 nam:

1748 566 1879 620 tiam
1912 565 2285 637 degradandos
2318 581 2376 622 se
2409 567 2602 623 sciant.

1820 655 1907 710 15.
1949 655 2153 722 Quinto
2188 656 2418 724 decimo,
2453 657 2833 727 quod‘decima
2865 670 2985 726 qua:
3031 672 3060 710 a
3091 650 3339 710 fidelibus

1748 744 1928 808 datur,
1975 745 2068 800 Dei
2108 760 2305 800 census
2346 746 2703 817 nuncupanda
2732 754 2835 811 est,
2869 754 2925 800 ct
2956 745 3077 799 ideo
3102 761 3169 799 ex
3204 745 3339 798 inte-

1749 851 1849 906 gro
1875 845 1958 891 est
1986 838 2278 892 reddenda.
2329 836 2492 906 Cujus
2540 839 2695 892 tertia
2741 853 2866 907 pars
2900 838 3197 891 secundum
3245 852 3340 890 ca-

1749 941 1945 981 nouem
1972 927 2288 983 'l‘nletanum
2319 930 2693 1000 episcoporum
2721 943 2841 982 esse
2866 927 3045 982 debet.
3075 924 3184 981 Nos
3211 942 3340 980 vero

1750 1016 1852 1072 bac
1900 1026 2168 1086 potestate
2213 1018 2292 1073 uti
2340 1018 2628 1083 nolumus,
2679 1019 2772 1073 sed
2828 1027 3034 1072 tantum
3087 1025 3337 1086 quartam

1748 1118 1980 1178 partem,
2013 1110 2311 1165 secundum
2360 1124 2514 1164 usum
2548 1110 2914 1164 Romanorum
2944 1109 3255 1179 pontiﬁcum
3286 1118 3341 1162 et

1748 1200 2148 1256 observantiam
2196 1207 2396 1255 sancttc
2440 1200 2684 1255 ecclesiae
2720 1199 2995 1264 Romanae,
3034 1199 3102 1254 de
3145 1198 3335 1253 eadem

1751 1291 1952 1345 habere
1977 1291 2244 1345 volumus.
2298 1291 2452 1358 Quod
2485 1290 2531 1345 si
2565 1290 2688 1359 quis
2734 1290 3108 1344 contentiosus
3158 1289 3335 1342 inten-

1750 1381 1878 1437 dere
1927 1390 2176 1452 repertus
2224 1380 2407 1447 fuerit,
2458 1381 2573 1436 sive
2605 1381 2839 1436 clericus
2876 1382 2992 1436 sive
3033 1381 3123 1435 ille
3162 1380 3334 1433 laicus

1750 1472 1852 1537 sit,
1901 1472 2280 1529 communione
2324 1473 2648 1544 privabitur.
2698 1484 2754 1528 et
2796 1472 3037 1544 synodali
3092 1472 3327 1527 censura

1750 1560 2151 1630 dijudicabilur.
2214 1578 2217 1581 '

1818 1654 1913 1708 16.
1957 1653 2125 1710 Sexto
2151 1655 2384 1719 decimo,
2414 1665 2475 1712 ut
2508 1656 2875 1726 unusquisque
2902 1656 3005 1712 hoc
3034 1657 3337 1727 provideat,

1752 1754 1814 1799 ut
1841 1745 2094 1801 mulieres
2133 1747 2201 1800 ad
2238 1746 2409 1801 altare
2456 1762 2563 1800 non
2605 1747 2895 1810 accedant,
2929 1761 3028 1801 nec
3070 1746 3199 1816 ipsa:
3229 1746 3353 1800 Deo.

1682 1834 1726 1893 Β
1754 1835 1948 1891 dicata:
1995 1836 2049 1889 in
2102 1836 2210 1892 ullo
2258 1837 2561 1891 ministerio
2602 1836 2791 1891 altaris
2842 1837 3337 1891 inter-misceantur.

1752 1929 1905 1995 Quod
1938 1929 2006 1983 si.
2025 1928 2180 1999 pallae
2225 1928 2414 1984 altaris
2442 1927 2683 1982 lavanda:
2726 1936 2882 1992 sunt,
2907 1944 2937 1982 a
2964 1927 3179 1983 clericis
3207 1927 3335 1981 abs-

1751 2021 2054 2085 traliantur,
2108 2031 2163 2076 ct
2219 2020 2286 2075 ad
2331 2019 2602 2075 cancellos
2652 2018 2865 2073 feminis
2918 2019 3241 2079 tradantur,
3279 2023 3344 2070 et

1750 2112 1949 2169 ibidem
2003 2122 2341 2182 repetantur.
2417 2111 2680 2167 Similiter
2725 2121 2777 2165 et
2827 2111 3167 2181 presbyteri,
3215 2122 3357 2163 cum.

1749 2205 1932 2260 oblata
1960 2205 2030 2260 ab
2054 2206 2261 2261 eisdem
2302 2204 2621 2260 mulieribus
2662 2203 2982 2268 oll’ernutur,
3015 2204 3211 2258 ibidem
3242 2216 3337 2257 ac-

1749 2300 2023 2368 cipiantur
2049 2308 2105 2355 et
2136 2300 2203 2355 ad
2229 2298 2403 2353 altare
2428 2297 2764 2353 deferantur.

1820 2390 1909 2444 17.
1952 2388 2195 2460 Septimo
2220 2389 2451 2451 decimo,
2482 2396 2541 2441 ut
2588 2387 2690 2458 ipsi
2738 2387 3049 2443 sacerdotes
3089 2386 3258 2441 verbo
3286 2394 3343 2439 et

1748 2486 2272 2557 exemplo'omuibns
2299 2488 2616 2557 praedicent,
2648 2494 2708 2540 ut
2735 2484 2914 2539 nullus
2962 2497 3153 2537 usuras
3198 2481 3347 2535 acci-

1748 2578 1892 2646 piat,
1924 2592 2026 2633 nec
2055 2579 2314 2648 sexcupla‘
2356 2593 2457 2633 nec
2485 2577 2720 2648 speciem
2751 2593 2849 2647 pro
2878 2576 3057 2646 specie
3075 2615 3089 2640 ,
3116 2573 3240 2643 quia
3268 2573 3357 2605 ’°°“

1748 2669 1908 2724 valde
1956 2668 2193 2724 inﬁdelis
2237 2680 2291 2725 et
2337 2669 2556 2725 rebellis
2590 2669 2680 2723 Dei
2725 2668 2953 2737 jussioni
2993 2678 3075 2722 est
3092 2667 3190 2737 'qui
3237 2665 3347 2720 hoc

1748 2764 1857 2833 agit
1901 2762 2044 2832 quod
2096 2763 2350 2819 omnibus
2400 2762 2714 2818 Christianis
2780 2778 2933 2833 aeque
2985 2760 3334 2815 interdictum

1746 2866 1867 2907 esse
1912 2853 2231 2919 dinoscitur,
2288 2853 2520 2908 maxime
2570 2863 2749 2907 tamen
2806 2851 3205 2916 sacerdotibus,
3238 2849 3334 2920 qui

1749 2943 1922 3000 forma
1951 2955 2008 3000 et
2035 2945 2342 3016 exemplum
2372 2946 2625 3000 omnibus
2652 2961 2773 3001 esse
2806 2945 3022 3000 debent.

1821 3038 1906 3094 18.
1948 3039 2152 3094 Octavo
2189 3039 2421 3107 decimo,
2452 3048 2509 3094 ut
2555 3040 2731 3095 nullus
2771 3040 3054 3094 ordinatus
3088 3039 3202 3093 sive
3242 3053 3338 3097 or-

1750 3130 2018 3188 dinandus
2065 3132 2261 3201 migret
2300 3132 2367 3188 de
2408 3148 2503 3188 sua
2552 3132 2857 3204 parrmcliia
2898 3134 2963 3187 ad
3010 3130 3192 3192 aliam.
3242 3146 3342 3185 nec

1753 3222 1820 3277 ad
1848 3222 2033 3279 limina
2071 3223 2439 3295 apostolorum
2473 3241 2637 3281 causa
2668 3224 2931 3281 orationis
2982 3224 3194 3280 eclcsia:
3230 3240 3342 3279 sua:

1748 3331 1881 3370 cura
1912 3316 2188 3383 derelicta,
2222 3332 2322 3373 nec
2348 3318 2412 3372 ad
2444 3318 2700 3389 palatium
2732 3335 2892 3373 causa
2928 3316 3336 3388 interpellandi;

1746 3424 1848 3463 nec
1901 3412 2365 3467 a-communioue
2415 3412 2659 3482 suspensi
2698 3412 2783 3466 ab.
2805 3411 2930 3465 alio.
2958 3411 3339 3465 couimunionc

1750 3501 2051 3571 recipiendi
2081 3502 2218 3557 'sin'e
2272 3503 2631 3573 permissione
2682 3512 2736 3557 et
2763 3503 3047 3572 prteseutia
3095 3500 3334 3570 episcopi

1748 3593 1851 3647 sui.
1882 3593 2033 3660 Quod
2061 3594 2104 3648 si
2130 3592 2344 3659 fecerit,
2380 3594 2512 3648 nihil
2539 3594 2737 3648 valebit
2759 3593 3063 3662 hujusmodi
3094 3607 3339 3646 commu-

1746 3684 1840 3737 ni‘o
1880 3694 1973 3737 aut
1994 3683 2431 3739 .ordinatioaut
2466 3684 2806 3754 demigratin.
2853 3684 2917 3737 Et
2947 3684 3047 3738 hoc
3085 3683 3340 3737 omnibus

1746 3773 1993 3828 fidi-libus
2038 3773 2484 3837 denuntiandum,
2519 3774 2692 3843 utqui
2745 3789 2909 3827 causa
2954 3772 3219 3827 orationis
3266 3771 3335 3824 ad

1744 3863 1931 3918 limina
1961 3865 2240 3920 beatorum
2268 3865 2631 3935 apostolorum
2660 3879 2882 3934 pergere
2910 3864 3154 3934 cupiunt,
3187 3863 3358 3916 domi»

1745 3957 2107 4013 confiteantur
2130 3966 2348 4028 peccata
2379 3973 2495 4021 sua,
2526 3970 2581 4012 et
2609 3957 2687 4011 sic
2713 3956 3158 4027 proﬁciscantur;
3190 3954 3337 4024 quod

1744 4066 1773 4105 a
1821 4052 2044 4121 proprio
2078 4051 2333 4122 episcopo
2385 4066 2482 4106 suo
2528 4058 2622 4104 aut
2666 4049 2946 4104 sacerdote
2995 4047 3190 4119 ligandi
3242 4056 3338 4101 aut

1743 4144 1985 4200 solvendi
2017 4154 2162 4211 sunt,
2191 4161 2296 4199 non
2328 4155 2605 4199 extraneo.

1816 4239 1901 4293 19.
1946 4238 2097 4293 Nono
2122 4238 2352 4303 decimo,
2382 4246 2439 4291 ut
2465 4236 2605 4291 aliud
2658 4238 2710 4291 in
2740 4226 2937 4292 eclesia
2981 4251 3088 4290 non
3120 4235 3331 4306 legatur

1745 4337 1839 4383 aut
1863 4338 2130 4393 cantetur,
2166 4330 2269 4383 nisi
2308 4344 2371 4383 ea
2403 4343 2522 4398 quae
2572 4327 2912 4382 auctoritatis
2943 4326 3138 4380 divinae
3182 4333 3330 4387 sunt,

1743 4428 1796 4473 et
1819 4431 2033 4489 patrum
2063 4421 2485 4475 orthodoxorum
2510 4419 2689 4473 sanxit
2714 4418 3026 4472 auctoritas.
3060 4416 3168 4470 Nec
3199 4413 3333 4468 fisa

1746 4510 2059 4579 angelorum
2093 4510 2308 4564 nomina
2342 4509 2545 4573 colant,
2578 4510 2671 4563 sed
2703 4523 2767 4563 ea
2818 4517 3026 4561 tantum
3059 4522 3179 4576 q_u:e
3208 4519 3336 4575 pro-

1748 4600 1960 4670 phetica
2010 4608 2066 4655 et
2108 4601 2418 4672 evangelica
2468 4602 2625 4655 docet
2681 4600 2973 4669 scriptura,
3015 4597 3066 4652 id
3107 4604 3189 4651 est
3231 4595 3333 4649 lili-

1746 4689 1961 4754 cbahel,
1997 4688 2273 4754 Gabrihel,
2312 4688 2556 4743 Bafaiiel.
2615 4688 2723 4743 Nec
2756 4687 3247 4744 diversalsenliaut
3279 4685 3332 4738 in
3414 4696 3417 4699 '

1740 4780 1959 4851 judiciis
1984 4782 2385 4851 paruiteutium,
2426 4796 2550 4837 cum
2590 4784 2679 4836 uni
2715 4782 2894 4837 minus
2921 4781 3080 4835 alteri
3130 4777 3334 4846 majus.

1747 4873 1901 4928 alteri
1932 4873 2221 4938 adulando,
2250 4873 2405 4928 alteri
2435 4874 2794 4939 detrahendo,
2821 4877 3038 4947 placere
3057 4871 3227 4925 velit.~
3246 4870 3340 4923 sed

1747 4966 2089 5020 considerata
2139 4965 2208 4996 τοι
2258 4966 2517 5035 qualitate
2563 4982 2813 5037 personae
2842 5013 2858 5038 ,
2917 4964 3074 5038 juxta
3126 4962 3345 5016 modum

1742 5056 1912 5127 culpat
1936 5063 2133 5124 agatur
2156 5072 2384 5113 censura
2414 5058 2687 5113 vindictae.

1812 5151 1912 5178 Μ·
1963 5151 2231 5178 ἶῗξηιιηῗινιι.
2322 5152 2640 5178 ηνιὶηΑκΑκλῖ

2842 5013 2858 5040 9

2929 5158 2942 5178 ο
2994 5139 3329 5178 ηονηρηιιςιηι

2322 5153 2640 5178 ηνιὶηΑηΑ-Αιιῖ
2696 5167 2800 5178 οισι-ι
2822 5169 2838 5178 Α
