3960 6320
593 369 705 424 62Τ

1301 367 1589 424 ΑΓῬΕΝῙ).
1631 369 1721 423 AD
1757 367 1926 424 SEC.
1967 365 2034 420 Χ.
2077 395 2144 406 -—
2182 365 2184 415 ἶ

2282 362 2616 421 NUMENTA
2656 362 3148 426 DIPLOMATICA-

3693 370 3774 429 6‘28

595 483 795 538 debere
820 489 1057 551 portare.
1110 481 1178 536 Et
1222 481 1341 537 ideo
1385 497 1506 537 eum
1540 497 1736 552 magno
1773 480 1968 536 timore
2006 495 2168 550 super
2195 484 2244 544 Α
2273 489 2447 534 tamen
2499 488 2554 536 et
2599 479 2684 536 his
2711 479 2977 536 similibus
3002 477 3248 550 personis
3274 475 3456 552 copula
3483 478 3708 538 maritalis
3729 486 3767 540 in

596 573 676 628 eis
719 572 930 626 solliciti
963 580 1087 626 sunt
1131 587 1357 642 quorum
1390 573 1542 627 donis
1573 573 1982 642 participantur.
2032 570 2165 637 Quia

599 676 850 730 magnum
897 661 1217 730 periculurn,
1256 660 1494 730 judicem
1542 661 1656 715 ﬁeri
1683 662 1804 717 vita:
1836 661 2045 726 alienae,
2075 661 2167 730 qui

599 751 772 806 nescit
798 760 977 806 tenere
1003 751 1373 806 moderamina
1404 753 1530 807 vita:
1557 767 1687 807 sum.

667 860 756 914 21.
783 860 1051 915 Vicesimo
1075 861 1280 930 primo,
1303 871 1359 916 ut
1385 863 1559 918 sciant
1587 871 1641 918 et
1685 861 1998 932 intellegant
2027 861 2172 931 quod

600 951 669 1004 sit
696 951 883 1007 incesti
911 952 1136 1016 crimen,
1165 961 1220 1007 et
1250 954 1352 1010 hoc
1374 955 1743 1026 unusquisque
1769 955 1823 1008 in
1845 970 1948 1009 sua.
1966 968 2174 1024 parra:-

599 1042 721 1096 chia
743 1043 1031 1112 prtevidcat
1061 1058 1136 1099 ne:
1159 1043 1281 1110 fiat;
1315 1053 1371 1100 et
1397 1047 1442 1100 si
1473 1045 1672 1102 factum
1699 1047 1878 1110 fuerit,
1913 1057 2172 1116 quantum

601 1132 887 1189 celerrime
914 1135 1173 1204 potuerit,
1204 1136 1549 1204 emendetur;
1581 1139 1632 1194 id
1657 1148 1740 1195 est
1785 1148 1843 1194 ut
1869 1140 2045 1196 nullus
2072 1141 2172 1197 sibi

601 1224 832 1293 accipiat
880 1225 953 1280 de
996 1227 1394 1297 pr0pinquitate
1421 1245 1590 1300 usque
1636 1231 1688 1286 in
1737 1232 1981 1302 quintum
2015 1249 2172 1304 genu.

600 1314 752 1380 Quod
776 1317 820 1370 si
843 1317 1150 1385 ignoranter
1171 1319 1368 1375 factum
1396 1320 1574 1389 fuerit,
1600 1339 1704 1378 non
1727 1322 1882 1378 facile
1904 1326 2172 1390 credatur,

599 1405 918 1475 seljudicio
948 1407 1039 1462 Dei
1084 1411 1441 1466 examinetur.
1475 1413 1542 1466 Et
1590 1429 1696 1468 non
1749 1424 2071 1484 separentur
2120 1415 2174 1471 in

600 1508 797 1568 quarto
819 1514 979 1568 genu,
1009 1504 1101 1558 sed
1129 1503 1180 1557 in
1213 1505 1506 1574 penitentia
1537 1507 1748 1564 cunctis
1799 1508 1990 1563 diebus
2042 1523 2176 1564 con-

595 1587 892 1657 junctionis
922 1605 1032 1644 sum
1059 1602 1424 1661 perseverent.
1452 1595 1519 1649 Et
1540 1596 1791 1652 similiter
1818 1597 1952 1654 duas
1981 1613 2178 1655 uxores

603 1679 747 1732 inter
775 1693 834 1734 se
865 1679 1025 1742 simili
1055 1683 1264 1738 ratione
1315 1685 1663 1755 conjunctas,
1721 1695 1814 1742 aut
1865 1703 2004 1743 uxor
2047 1691 2180 1746 duos

601 1767 746 1824 viros
773 1769 912 1826 inter
937 1787 993 1826 se
1019 1773 1205 1828 eodem
1239 1774 1396 1830 modo
1421 1776 1758 1845 conjunctos,
1786 1786 1880 1832 aut
1901 1787 2180 1848 eompater

601 1867 695 1910 aut
718 1869 1038 1928 comtnater,
1067 1862 1261 1919 filiolus
1289 1875 1385 1920 aut
1428 1865 1589 1921 ﬁliola
1620 1868 1882 1937 spiritalis
1917 1869 1981 1923 de
2031 1867 2179 1926 fonte

602 1957 696 2003 aut
734 1951 800 2006 de
847 1954 1280 2021 conversatione,
1311 1965 1402 2011 aut
1447 1957 1559 2013 Deo
1611 1959 1788 2014 dicata
1818 1968 1910 2014 aut
1957 1959 2181 2016 alterius

603 2056 739 2094 uxor
783 2042 994 2098 vivente
1041 2045 1254 2111 marito,
1284 2056 1376 2102 aut
1414 2048 1636 2105 alterius
1687 2050 1914 2104 maritus
1965 2050 2179 2106 vivente

604 2145 792 2194 uxore,
823 2132 905 2188 his
929 2133 1122 2190 talibus
1148 2135 1292 2190 nulla
1323 2137 1531 2193 ratione
1560 2138 1614 2194 in
1640 2139 2035 2195 matrimonium
2060 2139 2190 2195 lici-

608 2233 720 2275 tum
750 2231 832 2277 est
856 2223 1132 2300 conjungi.
1171 2226 1238 2281 ln.
1282 2229 1608 2298 primo-vero
1648 2245 1796 2301 genu
1815 2231 1895 2286 vel
1946 2233 2181 2287 secundo

604 2313 649 2366 si
703 2313 902 2368 inventi
953 2315 1150 2370 fuerint
1198 2318 1374 2374 scelus
1419 2318 1786 2376 fornicationis
1819 2329 2179 2390 perpetrasse,

606 2404 934 2459 matrimonii
968 2404 1089 2474 jura
1125 2407 1348 2464 alterius
1381 2410 1559 2465 sciant
1618 2425 1677 2467 se
1731 2409 1971 2466 funditus
2003 2412 2182 2482 perdi-

607 2491 769 2546 disse.
797 2493 850 2547 ln
887 2495 1042 2550 tertio
1072 2511 1198 2551 vero
1239 2513 1375 2568 genu
1409 2499 1453 2554 si
1493 2499 1698 2555 inventi
1730 2499 1932 2556 fuerint
1961 2502 2051 2556 tali
2079 2501 2186 2558 cri-

609 2583 753 2638 mine
785 2584 1016 2653 pollutos
1045 2588 1113 2619 ⁷⁰²
1163 2603 1304 2654 esse,
1335 2589 1492 2660 digna
1546 2591 1838 2661 penitentia
1868 2605 1961 2647 eos
2001 2593 2187 2648 subse-

609 2689 828 2746 quatur,
861 2687 917 2734 et
967 2688 1140 2736 tamen
1173 2683 1497 2738 matrimonii
1535 2683 1664 2754 jura
1685 2684 1764 2739 eis
1803 2698 1908 2739 non
1949 2684 2186 2740 vicissim

609 2770 702 2826 sed
733 2771 795 2823 azl
836 2771 969 2826 alios
997 2787 1100 2827 non
1137 2782 1417 2845 negantur.
1454 2775 1554 2830 Ubi
1604 2790 1731 2830 vero
1769 2774 2037 2844 mancipia
2082 2791 2187 2830 non

610 2861 769 2916 unius
796 2863 887 2917 sed
912 2863 1134 2918 diversae
1156 2866 1434 2934 potestatis
1463 2865 1648 2934 juncta
1680 2865 1902 2939 fuerint,
1930 2867 2030 2923 nisi
2058 2883 2188 2928 cons

609 2952 946 3009 venientibus
987 2956 1228 3024 utrisque
1279 2956 1531 3025 dominis,
1565 2949 1866 3028 hujusmo’di
1923 2959 2192 3028 c0pulatio

611 3056 728 3098 rata
761 3061 866 3100 non
894 3046 1014 3101 erit.
1047 3046 1311 3116 Quicquid
1351 3064 1480 3103 vero
1513 3049 1840 3120 neglegendo
1859 3052 2194 3105 consentitur

613 3135 688 3176 τοι
714 3144 768 3189 et
790 3134 985 3191 virtute
1015 3152 1117 3206 qua
1143 3138 1376 3207 potuerit
1399 3154 1502 3194 non
1526 3141 1862 3206 emendetur,
1886 3156 2010 3195 nam
2034 3141 2190 3210 hujus

613 3226 816 3296 copulae
864 3233 1051 3284 auctor
1097 3231 1222 3295 erit,
1274 3231 1363 3301 qui
1405 3231 1506 3288 hoc
1545 3234 2186 3304 neglegendo'consentit.

613 3315 773 3380 Plura
803 3327 1064 3388 suntquae
1089 3319 1154 3373 ad
1185 3319 1376 3376 incesti
1407 3321 1475 3353 ὀδ
1495 3323 1698 3376 crimen
1732 3323 1892 3378 scribi
1917 3333 2186 3392 poterant,

616 3405 758 3460 sicut
791 3406 843 3462 in
873 3417 1046 3464 matre
1073 3418 1128 3465 et
1164 3411 1271 3466 [ilia
1301 3419 1355 3466 et
1383 3427 1635 3478 naverca,
1663 3421 1886 3484 etpene-
1907 3414 2190 3469 innumera

617 3511 736 3576 quae
762 3499 924 3554 menti
948 3500 1012 3557 ad
1038 3500 1377 3568 scribendum
1400 3519 1505 3558 non
1536 3515 1855 3569 occurrunt;
1885 3503 2189 3574 hujusmodi

2265 573 2648 640 sempiternum
2671 572 3025 628 subtrahitur.

2335 661 2425 715 22.
2459 661 2725 716 Vicesitno
2753 662 3009 727 secundo,
3038 660 3356 718 admonendi
3409 668 3528 714 sunt
3569 673 3620 715 ut
3643 663 3773 719 sciant

2266 751 2478 822 pepulis
2501 752 2818 808 denuntiare
2835 767 2961 822 qua:
2980 754 3088 808 sint
3123 767 3286 823 opera
3311 753 3666 808 misericordia:
3683 770 3778 810 eunt

2269 841 2534 898 fructibus
2567 843 2681 898 suis
2715 858 2832 912 quae
2873 843 3182 913 evangelica
3223 851 3278 898 et
3320 842 3594 913 aposmliea
3629 845 3776 914 pagina

2270 931 2663 1002 complectitur,
2720 932 2914 1002 quibus
2961 934 3273 1004 pervenitur
3324 934 3390 987 ad
3440 934 3611 995 vitam,
3638 949 3778 1004 quave

2269 1035 2432 1091 Opera
2464 1022 2766 1091 iniquitatis
2816 1038 2937 1078 cum
2971 1023 3240 1080 fructibus
3283 1024 3395 1078 suis
3439 1022 3778 1093 multiplicibus,

2271 1111 2476 1182 quibus.
2491 1111 2624 1166 calle
2650 1112 2876 1168 sinistro
2889 1113 2956 1168 ad
2984 1121 3243 1169 aeternum
3275 1113 3500 1168 intendit
3523 1113 3779 1170 interitum:

2273 1210 2328 1257 et
2367 1211 2430 1257 ut
2474 1203 2694 1274 pcrjurii
2733 1203 2936 1259 crimen
2967 1205 3274 1263 omnimodo
3302 1205 3551 1269 devitent,
3577 1205 3684 1274 quia
3709 1221 3792 1261 non

2273 1293 2444 1349 solum
2477 1294 2528 1350 in
2578 1295 2868 1366 evangelio.
2901 1295 2988 1350 vel
3037 1296 3258 1366 reliquis
3305 1306 3605 1351 sanctorum
3628 1295 3784 1350 crimen

2273 1384 2517 1454 pcrjurii,
2558 1385 2651 1440 sed
2682 1385 2734 1439 in
2767 1385 3019 1451 veritate,
3054 1401 3175 1456 quae
3205 1386 3349 1442 Deus
3385 1394 3492 1450 est.
3518 1385 3560 1440 si
3585 1385 3788 1439 mentitur

2273 1476 2573 1546 perpetrari
2599 1477 2916 1532 dinoscitur.

2344 1565 2435 1622 25.
2481 1565 2748 1637 Vigesimo
2797 1567 2974 1633 tertio,
3024 1566 3343 1623 admonendi
3389 1573 3516 1623 sunt
3553 1573 3609 1618 ut
3637 1565 3787 1628 sciant.

2276 1647 2498 1733 quinm
2528 1658 2581 1712 in
2631 1657 2862 1720 melesiis
2921 1658 3116 1728 quibus
3166 1667 3435 1728 pnesunt,
3481 1656 3647 1728 sponsi
3693 1655 3790 1710 lacti

2280 1755 2425 1811 sunt,
2453 1755 2508 1802 ct
2548 1747 2667 1802 ideo
2701 1748 2847 1804 omni
2877 1747 3175 1819 vigilantia,
3205 1747 3439 1817 qualiter
3467 1761 3570 1802 cas.
3595 1746 3794 1801 decorent

2205 1825 2254 1885 Β
2281 1846 2334 1892 et
2363 1839 2442 1893 eis
2470 1839 2810 1895 incessanter
2854 1839 3183 1905 deserviant,
3241 1839 3409 1894 totius
3453 1853 3591 1894 eum
3617 1852 3709 1894 sum
3734 1837 3793 1892 vi-

2281 1925 2559 1996 gilantiam
2593 1928 2926 1998 impendant.

2349 2016 2440 2070 24.
2497 2015 2768 2088 Vigesimo
2817 2027 3050 2088 quarto,
3097 2027 3159 2074 ut
3205 2019 3371 2075 horas
3419 2017 3686 2074 canonicas
3718 2025 3798 2069 tam

2281 2118 2574 2162 nocturnas
2618 2123 2779 2178 quam
2826 2108 3049 2164 diurnas
3095 2109 3405 2164 nullatenus
3443 2107 3796 2179 pretermittant.

2281 2195 2419 2262 Quia
2467 2197 2608 2252 sicut
2652 2197 2896 2252 Romana
2942 2197 3125 2267 psaliit
3175 2197 3440 2262 ecclesia,
3492 2197 3562 2250 ita
3607 2195 3800 2250 omnibus

2283 2284 2521 2354 ejusdem
2563 2289 2824 2358 propositi
2853 2287 2997 2343 viam
3029 2289 3378 2347 tendentibus
3422 2289 3700 2347 faciendum
3723 2294 3798 2340 est.

2284 2377 2351 2431 Et
2376 2395 2479 2434 non
2509 2379 2682 2434 solum
2711 2381 2834 2435 novi
2868 2382 3177 2437 testamenti
3203 2382 3526 2438 documenta
3573 2388 3681 2435 sunt
3706 2393 3801 2433 eaa-

2286 2471 2406 2526 dem
2451 2469 2737 2525 formulam
2787 2470 3131 2540 observandi,
3174 2473 3267 2529 sed
3314 2473 3514 2528 veteris
3559 2469 3801 2526 testamenti

2285 2570 2435 2633 patet
2488 2563 2654 2628 ratio,
2703 2563 2830 2632 quia
2875 2565 3133 2634 propheta
3185 2565 3388 2636 Spiritu
3429 2573 3608 2620 sancto
3658 2561 3801 2616 iustin-

2288 2666 2406 2714 ctus
2431 2657 2672 2728 profert:
2700 2657 2900 2727 Septies
2922 2659 2976 2712 in
3000 2659 3084 2714 die
3109 2659 3318 2714 laudem
3343 2659 3456 2713 dia-4'
3485 2658 3590 2722 tibi,
3611 2665 3652 2710 et
3677 2655 3804 2709 media

2291 2761 2436 2804 nocte
2474 2749 2750 2820 surgebam
2776 2750 2845 2803 ad
2880 2751 3233 2822 confitendum
3257 2750 3372 2804 tibi.

2357 2841 2451 2900 25.
2512 2841 2787 2914 Vigcsimp
2847 2842 3078 2912 quinto,
3134 2851 3194 2896 ut
3237 2841 3485 2913 plebibus
3531 2837 3806 2899 denuntient,

2291 2935 2434 3004 quod
2483 2932 2622 2988 filios
2659 2941 2714 2988 et
2762 2931 2900 2987 filias
2943 2931 3217 3003 spiritales
3260 2947 3400 3002 quos
3450 2930 3501 2985 in
3546 2929 3804 2998 baptismate

2293 3023 2623 3096 suscipiunt,
2672 3023 2751 3079 eis
2789 3019 3132 3091 fideiussores
3174 3021 3446 3086 existant,
3491 3028 3542 3074 et
3580 3027 3806 3088 sponsores

2296 3113 2418 3169 fidei
2466 3127 2564 3184 pro
2590 3113 2670 3168 eis
2710 3112 2984 3178 existunt,
3020 3120 3077 3166 et
3108 3109 3324 3166 diabolo
3369 3124 3468 3180 pro
3497 3108 3574 3163 eis
3609 3107 3681 3161 cui
3717 3114 3807 3157 ante

2295 3205 2584 3277 mancipati
2619 3205 2832 3262 fuerant
2860 3203 3272 3271 abrenuntiant;
3305 3212 3361 3258 et
3397 3201 3518 3258 ideo
3545 3212 3693 3268 usque
3720 3209 3804 3249 cum

2295 3297 2461 3354 adulti
2493 3297 2696 3353 fuerint
2727 3306 2782 3352 et
2808 3297 2894 3352 eis
2917 3296 3038 3351 fidei
3068 3295 3415 3366 sponsionem
3447 3301 3502 3349 et
3523 3287 3805 3346 abrenuntia-

2298 3389 2470 3444 tiones
2495 3387 2842 3458 exposuerint
2867 3395 2921 3442 et
2944 3385 3292 3450 reddiderint,
3323 3383 3377 3439 in
3409 3397 3505 3438 sua
3533 3374 3807 3452 providentia

2296 3477 2574 3544 habeant;
2611 3485 2666 3532 et
2716 3475 2856 3546 quod
2900 3476 2972 3530 illi
3018 3491 3118 3546 pro
3143 3475 3222 3530 eis
3246 3473 3655 3545 spoponderant,
3683 3466 3734 3521 ab
3755 3464 3816 3519 eis

2296 3569 2485 3624 eadem
2514 3584 2578 3624 ex
2613 3568 2820 3638 integro
2851 3567 3086 3637 exigant.

2217 3173 2264 3236 C

1356 3719 1748 3778 HLUDOWICI
1784 3721 1825 3777 ll
1865 3721 2328 3779 IMPERATORIS
2361 3721 2702 3779 CAPITULA
2743 3719 3127 3778 EXCERPTA.

2115 3878 2238 3948 (Au.
2264 3875 2412 3947 856.)

691 4025 981 4100 Excipiunt
1006 4029 1282 4097 superiora
1298 4027 1362 4100 in
1391 4028 1576 4084 codice
1597 4027 2115 4100 Blankenburgensi,
2139 4038 2191 4084 et

2218 4028 2283 4084 ad
2307 4029 2612 4100 exemplum
2642 4027 3086 4100 constitutionum
3111 4022 3617 4100 Pajﬁensium__anni
3637 4018 3814 4100 832⁸ῖέ

619 4088 1013 4171 capitularihus
1052 4088 1416 4171 anterioribus
1455 4100 1788 4171 deprompta,
1825 4100 1880 4171 in
1913 4088 2017 4154 line
2044 4088 2278 4169 capitula
2313 4088 2482 4171 pauca
2503 4109 2558 4155 et
2603 4101 2655 4156 in
2692 4098 3169 4156 constitutionibus
3190 4088 3570 4154 'Ticiuensibus
3603 4092 3710 4147 anui
3734 4088 3808 4143 855

619 4169 777 4224 obvia
813 4168 1086 4225 exhibent.
1118 4169 1320 4224 Textus
1345 4168 1709 4240 compluribus
1732 4171 1786 4225 in
1823 4169 1954 4227 locis
1978 4168 2132 4227 valde
2155 4168 2442 4244 corruptus
2471 4178 2575 4227 est.

691 4337 824 4394 Item
867 4339 1101 4409 capitula
1143 4339 1270 4409 legis
1292 4339 1500 4396 Salicw.
1554 4343 1605 4396 ‘l.
1637 4341 1707 4398 Ut
1729 4343 1876 4414 (102)
1906 4342 2022 4398 loca
2049 4344 2192 4414 quod

620 4428 1065 4490 semcljdedicata
1101 4440 1225 4484 sunt
1253 4439 1311 4484 ut
1337 4433 1664 4487 monasteria
1692 4433 1818 4499 sint,
1855 4441 1910 4487 et
1945 4441 2199 4488 maneant

622 4521 1016 4591 inperpetuum
1052 4523 1400 4588 monasteria,
1431 4539 1528 4578 nec
1556 4532 1781 4593 possunt
1806 4524 1876 4556 ⁷⁰⁶
1907 4524 2045 4579 ultra
2079 4523 2195 4578 ﬁeri

620 4611 896 4674 stncularia
927 4611 1251 4668 habitacula.

688 4701 744 4754 2.
788 4700 858 4757 Ut
885 4701 1120 4773 virgines
1163 4718 1267 4758 non
1296 4703 1542 4759 velentur
1571 4715 1698 4762 ante
1724 4705 1910 4777 viginti
1957 4705 2198 4774 quinque

621 4806 817 4857 annos,
850 4793 951 4846 nisi
985 4793 1286 4849 rationabili
1316 4795 1639 4850 necessitate
1667 4805 1946 4866 cogantur.

695 4885 749 4939 5.
790 4884 920 4939 Item
958 4886 1344 4956 predicandum
1383 4896 1488 4953 est,
1522 4888 1790 4956 quomodo
1818 4888 1907 4941 Dei
1937 4885 2078 4940 lilius
2120 4886 2194 4940 in~

621 4985 878 5032 carnatus
905 4986 990 5033 est
1017 4980 1081 5034 de
1108 4977 1310 5048 Spiritu
1351 4987 1537 5034 sancto
1562 4987 1618 5034 et
1643 4979 1809 5034 Maria
1846 4993 2059 5048 semper
2088 4979 2198 5031 vir-

621 5065 782 5134 gine,
828 5081 926 5136 pro
973 5066 1145 5122 salute
1197 5076 1252 5124 et
1303 5067 1645 5138 reparatione
1697 5067 1915 5122 humani
1965 5065 2198 5136 generis,

621 5155 866 5209 ascendit
913 5154 966 5210 in
1007 5156 1221 5220 etelum,
1260 5167 1325 5227 .et
1371 5157 1639 5226 quomodo
1697 5157 1891 5212 iterum
1941 5163 2200 5210 venturus

620 5243 693 5296 sit
723 5244 774 5298 in
791 5245 1072 5315 majestate
1097 5245 1356 5300 divina707
1368 5243 1611 5314 judicare
1635 5233 1824 5301 omnes
1849 5244 2090 5300 homines
2115 5258 2200 5297 se-

2223 4352 2269 4413 D
2295 4347 2528 4401 cundum
2560 4345 2750 4400 merita
2793 4343 3038 4414 propria,
3061 4352 3116 4398 et
3140 4342 3409 4413 quomodo
3441 4339 3584 4410 impii
3613 4350 3696 4408 pro
3723 4344 3811 4386 scc-

2300 4437 2411 4491 lera
2441 4452 2536 4492 sua
2567 4453 2688 4494 cum
2722 4437 2934 4491 diabolo
2977 4435 3030 4490 in
3062 4435 3237 4507 ignem
3265 4444 3528 4489 aeternum
3559 4431 3811 4486 mittuntur.

2300 4536 2352 4583 et
2395 4525 2525 4595 justi
2570 4542 2692 4583 cum
2733 4526 2950 4582 Christo
2993 4535 3047 4580 et
3091 4525 3295 4581 sanctis
3345 4523 3550 4596 angelis
3603 4521 3650 4576 in
3689 4518 3810 4569 vitam

2300 4627 2579 4671 aeternam.

2369 4705 2423 4761 4.
2476 4707 2607 4762 Item
2654 4707 2982 4778 diligendum
3019 4707 3092 4740 ⁷⁰⁸
3128 4715 3214 4762 est
3254 4715 3310 4763 et
3357 4702 3731 4777 praedicandum
3768 4693 3813 4746 de

2301 4797 2699 4852 resurrectione
2744 4805 3098 4859 mortuorum,
3140 4807 3199 4852 ut
3239 4797 3413 4852 sciant
3456 4805 3509 4850 et
3555 4791 3742 4849 credant
3777 4784 3812 4835 in

2301 4885 2507 4941 hisdem
2541 4888 2783 4958 corporis
2812 4889 3029 4958 prtemia
3070 4889 3386 4943 meritorum
3425 4896 3733 4957 accepturos.

2373 4975 2425 5031 5.
2467 4977 2596 5032 Item
2629 4993 2750 5032 eum
2788 4993 2978 5047 magna
3006 4978 3280 5048 diligentia
3332 4977 3540 5033 cunctis
3572 4970 3811 5045 pmlicano

2303 5067 2430 5122 dum
2474 5077 2580 5134 est,
2625 5084 2724 5138 pro
2766 5051 3323 5138 quibuseriminibus
3369 5069 3679 5137 deputantur
3722 5067 3809 5111 cum

2302 5157 2517 5214 diabolo
2546 5160 2599 5211 in
2629 5167 2887 5212 aeternum
2917 5158 3256 5228 supplicium.
3292 5157 3542 5228 Legimus
3565 5153 3689 5208 enim
3715 5157 3809 5214 apo.

2301 5247 2439 5304 stolo
2460 5247 2953 5305 manifestante"°’:
2975 5267 2992 5300 ι
3018 5249 3155 5303 Sunt
3177 5259 3355 5304 autent
3371 5261 3529 5317 opera
3555 5241 3708 5299 carnis
3727 5245 3812 5304 (ιυίθ

1935 5377 2020 5430 VA
2030 5377 2164 5432 8le
2207 5377 2608 5435 LECTIONES.

691 5493 764 5523 ’⁷⁸⁸
793 5491 1003 5560 polutos
1040 5507 1088 5547 c.
1165 5493 1238 5524 ⁷⁰³
1279 5491 1509 5547 sentitur
1548 5505 1596 5546 c.
1671 5491 1743 5522 ⁷⁰⁵
1772 5489 1903 5544 cesti
1937 5507 1984 5543 c.

2077 5490 2154 5563 "°"_
2179 5490 2358 5563 quic.
2435 5493 2505 5523 ⁷⁰⁶
2545 5507 2757 5563 possant
2788 5502 2845 5550 ut
2893 5495 3009 5549 cod.
3083 5494 3152 5528 "°"
3183 5492 3363 5550 divine
3393 5493 3508 5548 cod.
3581 5487 3645 5521 ⁷⁸⁸
3677 5485 3810 5552 ((9⁸³⁸

623 5561 816 5615 dunme
845 5576 859 5614 :
885 5563 1170 5618 dicendum
1198 5581 1266 5633 an
1289 5563 1575 5632 diligenter
1599 5570 1680 5616 est
1713 5560 2160 5632 prredicandum?
2203 5560 2300 5591 ⁷τ⁰⁹
2326 5560 2604 5618 manifesta
2629 5579 2675 5618 c.

2131 5673 2358 5730 NOTAE.

698 5747 844 5817 (me)
886 5747 1006 5804 739.
1049 5748 1174 5802 me.
1214 5763 1260 5802 ς.
1296 5747 1382 5802 δι.
