  <div class='ocr_page' id='page_1' title='image "/cluster/home/n/w/nwhite01/storage/ocr_20150623/138/hvd.32044015471774/320.png"; bbox 0 0 3960 6320; ppageno 0'>
   <div class='ocr_carea' id='block_1_1' title="bbox 150 386 347 445">
    <p class='ocr_par' dir='ltr' id='par_1_1' title="bbox 150 386 347 445">
     <span class='ocr_line' id='line_1_1' title="bbox 150 386 347 445; baseline 0 0"><span class='ocrx_word' id='word_1_1' title='bbox 150 386 347 445; x_wconf 69' lang='lat'><strong>539’</strong></span> 
     </span>
    </p>
   </div>
   <div class='ocr_carea' id='block_1_2' title="bbox 1157 382 2380 443">
    <p class='ocr_par' dir='ltr' id='par_1_2' title="bbox 1157 382 2380 443">
     <span class='ocr_line' id='line_1_2' title="bbox 1157 382 2380 443; baseline 0 -2"><span class='ocrx_word' id='word_1_2' title='bbox 1157 382 1586 443; x_wconf 78' lang='lat' dir='ltr'><strong>FRANCORUM</strong></span> <span class='ocrx_word' id='word_1_3' title='bbox 1624 383 1864 442; x_wconf 77' lang='lat' dir='ltr'><strong>REGUM</strong></span> <span class='ocrx_word' id='word_1_4' title='bbox 1899 384 2380 443; x_wconf 80' lang='lat' dir='ltr'><strong>CAPITULARIA.</strong></span> 
     </span>
    </p>
   </div>
   <div class='ocr_carea' id='block_1_3' title="bbox 3302 380 3413 438">
    <p class='ocr_par' dir='ltr' id='par_1_3' title="bbox 3302 380 3413 438">
     <span class='ocr_line' id='line_1_3' title="bbox 3302 380 3413 438; baseline -0.009 0"><span class='ocrx_word' id='word_1_5' title='bbox 3302 380 3413 438; x_wconf 75' lang='lat'><strong>630</strong></span> 
     </span>
    </p>
   </div>
   <div class='ocr_carea' id='block_1_4' title="bbox 145 496 3401 571">
    <p class='ocr_par' dir='ltr' id='par_1_4' title="bbox 145 496 3401 571">
     <span class='ocr_line' id='line_1_4' title="bbox 145 496 3401 571; baseline -0.002 -12"><span class='ocrx_word' id='word_1_6' title='bbox 145 511 263 559; x_wconf 85' lang='lat' dir='ltr'><strong>sunt</strong></span> <span class='ocrx_word' id='word_1_7' title='bbox 284 498 599 568; x_wconf 88' lang='lat' dir='ltr'><strong>fornicatio,</strong></span> <span class='ocrx_word' id='word_1_8' title='bbox 627 499 983 569; x_wconf 76' lang='lat' dir='ltr'><strong>inmunditize,</strong></span> <span class='ocrx_word' id='word_1_9' title='bbox 1011 499 1266 565; x_wconf 66' lang='lat' dir='ltr'><strong>luxuriae,</strong></span> <span class='ocrx_word' id='word_1_10' title='bbox 1301 500 1564 556; x_wconf 84' lang='lat' dir='ltr'><strong>idolorum</strong></span> <span class='ocrx_word' id='word_1_11' title='bbox 1593 515 1711 556; x_wconf 81' lang='lat' dir='ltr'><strong>ser-</strong></span> <span class='ocrx_word' id='word_1_12' title='bbox 1739 502 1786 564; x_wconf 74' lang='grc' dir='ltr'>Λ</span> <span class='ocrx_word' id='word_1_13' title='bbox 1814 498 1987 554; x_wconf 89' lang='lat' dir='ltr'><strong>vitute</strong></span> <span class='ocrx_word' id='word_1_14' title='bbox 2033 499 2373 555; x_wconf 89' lang='lat' dir='ltr'><strong>dominorum</strong></span> <span class='ocrx_word' id='word_1_15' title='bbox 2417 514 2661 565; x_wconf 89' lang='lat' dir='ltr'><strong>suorum,</strong></span> <span class='ocrx_word' id='word_1_16' title='bbox 2718 515 2832 571; x_wconf 79' lang='lat' dir='ltr'><strong>qua</strong></span> <span class='ocrx_word' id='word_1_17' title='bbox 2869 499 2941 531; x_wconf 79' lang='grc' dir='ltr'><strong>τ²⁸</strong></span> <span class='ocrx_word' id='word_1_18' title='bbox 2994 496 3271 553; x_wconf 81' lang='lat' dir='ltr'><strong>ﬁscalinns</strong></span> <span class='ocrx_word' id='word_1_19' title='bbox 3316 498 3401 551; x_wconf 86' lang='lat' dir='ltr'><strong>vel</strong></span> 
     </span>
    </p>
   </div>
   <div class='ocr_carea' id='block_1_5' title="bbox 144 590 1707 658">
    <p class='ocr_par' dir='ltr' id='par_1_5' title="bbox 144 590 1707 658">
     <span class='ocr_line' id='line_1_5' title="bbox 144 590 1707 658; baseline -0.003 -10"><span class='ocrx_word' id='word_1_20' title='bbox 144 593 305 658; x_wconf 87' lang='lat' dir='ltr'><strong>vitus,</strong></span> <span class='ocrx_word' id='word_1_21' title='bbox 337 592 630 657; x_wconf 55' lang='lat' dir='ltr'><strong>veneficia,</strong></span> <span class='ocrx_word' id='word_1_22' title='bbox 657 593 1053 657; x_wconf 73' lang='lat' dir='ltr'><strong>contentiones,</strong></span> <span class='ocrx_word' id='word_1_23' title='bbox 1091 590 1467 657; x_wconf 88' lang='lat' dir='ltr'><strong>emulatioues,</strong></span> <span class='ocrx_word' id='word_1_24' title='bbox 1499 591 1707 644; x_wconf 82' lang='lat' dir='ltr'><strong>animo-</strong></span> 
     </span>
    </p>
   </div>
   <div class='ocr_carea' id='block_1_6' title="bbox 143 683 1716 751">
    <p class='ocr_par' dir='ltr' id='par_1_6' title="bbox 143 683 1716 751">
     <span class='ocr_line' id='line_1_6' title="bbox 143 683 1716 751; baseline -0.003 -9"><span class='ocrx_word' id='word_1_25' title='bbox 143 686 337 751; x_wconf 85' lang='lat' dir='ltr'><strong>sitates,</strong></span> <span class='ocrx_word' id='word_1_26' title='bbox 368 684 484 750; x_wconf 70' lang='lat' dir='ltr'><strong>iraa,</strong></span> <span class='ocrx_word' id='word_1_27' title='bbox 516 685 665 750; x_wconf 74' lang='lat' dir='ltr'><strong>rixae,</strong></span> <span class='ocrx_word' id='word_1_28' title='bbox 693 684 1077 751; x_wconf 82' lang='lat' dir='ltr'><strong>dissensiones,</strong></span> <span class='ocrx_word' id='word_1_29' title='bbox 1108 692 1289 750; x_wconf 72' lang='lat' dir='ltr'><strong>sectm,</strong></span> <span class='ocrx_word' id='word_1_30' title='bbox 1320 683 1551 747; x_wconf 68' lang='lat' dir='ltr'><strong>invidiae,</strong></span> <span class='ocrx_word' id='word_1_31' title='bbox 1579 684 1716 737; x_wconf 88' lang='lat' dir='ltr'><strong>omi-</strong></span> 
     </span>
    </p>
   </div>
   <div class='ocr_carea' id='block_1_7' title="bbox 142 774 1714 843">
    <p class='ocr_par' dir='ltr' id='par_1_7' title="bbox 142 774 1714 843">
     <span class='ocr_line' id='line_1_7' title="bbox 142 774 1714 843; baseline -0.002 -9"><span class='ocrx_word' id='word_1_32' title='bbox 142 779 298 842; x_wconf 89' lang='lat' dir='ltr'><strong>cidia,</strong></span> <span class='ocrx_word' id='word_1_33' title='bbox 345 778 675 843; x_wconf 77' lang='lat' dir='ltr'><strong>ebrietates,</strong></span> <span class='ocrx_word' id='word_1_34' title='bbox 729 777 1229 843; x_wconf 83' lang='lat' dir='ltr'><strong>eommessationes,</strong></span> <span class='ocrx_word' id='word_1_35' title='bbox 1282 783 1338 832; x_wconf 92' lang='lat' dir='ltr'><strong>et</strong></span> <span class='ocrx_word' id='word_1_36' title='bbox 1382 775 1466 831; x_wconf 87' lang='lat' dir='ltr'><strong>his</strong></span> <span class='ocrx_word' id='word_1_37' title='bbox 1519 774 1714 831; x_wconf 77' lang='lat' dir='ltr'><strong>similia</strong></span> 
     </span>
    </p>
   </div>
   <div class='ocr_carea' id='block_1_8' title="bbox 140 864 1716 939">
    <p class='ocr_par' dir='ltr' id='par_1_8' title="bbox 140 864 1716 939">
     <span class='ocr_line' id='line_1_8' title="bbox 140 864 1716 939; baseline -0.001 -18"><span class='ocrx_word' id='word_1_38' title='bbox 140 884 249 939; x_wconf 78' lang='lat' dir='ltr'><strong>quze</strong></span> <span class='ocrx_word' id='word_1_39' title='bbox 279 867 512 938; x_wconf 74' lang='lat' dir='ltr'><strong>prmdico</strong></span> <span class='ocrx_word' id='word_1_40' title='bbox 535 867 689 923; x_wconf 85' lang='lat' dir='ltr'><strong>vobis</strong></span> <span class='ocrx_word' id='word_1_41' title='bbox 718 868 860 922; x_wconf 88' lang='lat' dir='ltr'><strong>sicut</strong></span> <span class='ocrx_word' id='word_1_42' title='bbox 888 866 1141 937; x_wconf 74' lang='lat' dir='ltr'><strong>prmdixi,</strong></span> <span class='ocrx_word' id='word_1_43' title='bbox 1187 867 1440 937; x_wconf 89' lang='lat' dir='ltr'><strong>quoniam</strong></span> <span class='ocrx_word' id='word_1_44' title='bbox 1468 865 1560 935; x_wconf 90' lang='lat' dir='ltr'><strong>qui</strong></span> <span class='ocrx_word' id='word_1_45' title='bbox 1590 864 1716 919; x_wconf 90' lang='lat' dir='ltr'><strong>talia</strong></span> 
     </span>
    </p>
   </div>
   <div class='ocr_carea' id='block_1_9' title="bbox 140 957 1712 1030">
    <p class='ocr_par' dir='ltr' id='par_1_9' title="bbox 140 957 1712 1030">
     <span class='ocr_line' id='line_1_9' title="bbox 140 957 1712 1030; baseline -0.001 -16"><span class='ocrx_word' id='word_1_46' title='bbox 140 968 309 1029; x_wconf 80' lang='lat' dir='ltr'><strong>agunt,</strong></span> <span class='ocrx_word' id='word_1_47' title='bbox 342 974 572 1030; x_wconf 80' lang='lat' dir='ltr'><strong>regnum</strong></span> <span class='ocrx_word' id='word_1_48' title='bbox 599 958 691 1015; x_wconf 86' lang='lat' dir='ltr'><strong>Dei</strong></span> <span class='ocrx_word' id='word_1_49' title='bbox 730 975 835 1015; x_wconf 91' lang='lat' dir='ltr'><strong>non</strong></span> <span class='ocrx_word' id='word_1_50' title='bbox 863 959 1235 1030; x_wconf 87' lang='lat' dir='ltr'><strong>possidebunt.</strong></span> <span class='ocrx_word' id='word_1_51' title='bbox 1278 978 1296 1011; x_wconf 74' lang='grc' dir='ltr'><strong>ι</strong></span> <span class='ocrx_word' id='word_1_52' title='bbox 1325 957 1545 1030; x_wconf 78' lang='lat' dir='ltr'><strong>Magnus</strong></span> <span class='ocrx_word' id='word_1_53' title='bbox 1570 973 1712 1029; x_wconf 67' lang='lat' dir='ltr'><strong>prte-</strong></span> 
     </span>
    </p>
   </div>
   <div class='ocr_carea' id='block_1_10' title="bbox 141 1049 1716 1123">
    <p class='ocr_par' dir='ltr' id='par_1_10' title="bbox 141 1049 1716 1123">
     <span class='ocr_line' id='line_1_10' title="bbox 141 1049 1716 1123; baseline -0.002 -17"><span class='ocrx_word' id='word_1_54' title='bbox 141 1051 331 1108; x_wconf 84' lang='lat' dir='ltr'><strong>dicator</strong></span> <span class='ocrx_word' id='word_1_55' title='bbox 401 1049 619 1107; x_wconf 70' lang='lat' dir='ltr'><strong>eclesite</strong></span> <span class='ocrx_word' id='word_1_56' title='bbox 684 1051 780 1107; x_wconf 90' lang='lat' dir='ltr'><strong>Dei</strong></span> <span class='ocrx_word' id='word_1_57' title='bbox 846 1051 1157 1123; x_wconf 74' lang='lat' dir='ltr'><strong>singillatim</strong></span> <span class='ocrx_word' id='word_1_58' title='bbox 1207 1050 1541 1115; x_wconf 82' lang='lat' dir='ltr'><strong>nominavit,</strong></span> <span class='ocrx_word' id='word_1_59' title='bbox 1592 1066 1716 1105; x_wconf 88' lang='lat' dir='ltr'><strong>cum</strong></span> 
     </span>
    </p>
   </div>
   <div class='ocr_carea' id='block_1_11' title="bbox 138 1142 1721 1215">
    <p class='ocr_par' dir='ltr' id='par_1_11' title="bbox 138 1142 1721 1215">
     <span class='ocr_line' id='line_1_11' title="bbox 138 1142 1721 1215; baseline -0.002 -16"><span class='ocrx_word' id='word_1_60' title='bbox 138 1145 268 1199; x_wconf 90' lang='lat' dir='ltr'><strong>omni</strong></span> <span class='ocrx_word' id='word_1_61' title='bbox 289 1144 469 1199; x_wconf 91' lang='lat' dir='ltr'><strong>studio</strong></span> <span class='ocrx_word' id='word_1_62' title='bbox 498 1144 835 1213; x_wconf 84' lang='lat' dir='ltr'><strong>prohibetur,</strong></span> <span class='ocrx_word' id='word_1_63' title='bbox 866 1144 941 1200; x_wconf 87' lang='lat' dir='ltr'><strong>ita</strong></span> <span class='ocrx_word' id='word_1_64' title='bbox 978 1146 1242 1215; x_wconf 78' lang='lat' dir='ltr'><strong>legentes,</strong></span> <span class='ocrx_word' id='word_1_65' title='bbox 1273 1159 1434 1214; x_wconf 91' lang='lat' dir='ltr'><strong>quam</strong></span> <span class='ocrx_word' id='word_1_66' title='bbox 1462 1144 1533 1200; x_wconf 89' lang='lat' dir='ltr'><strong>sit</strong></span> <span class='ocrx_word' id='word_1_67' title='bbox 1563 1142 1721 1197; x_wconf 83' lang='lat' dir='ltr'><strong>terri-</strong></span> 
     </span>
    </p>
   </div>
   <div class='ocr_carea' id='block_1_12' title="bbox 140 1233 1720 1307">
    <p class='ocr_par' dir='ltr' id='par_1_12' title="bbox 140 1233 1720 1307">
     <span class='ocr_line' id='line_1_12' title="bbox 140 1233 1720 1307; baseline -0.003 -17"><span class='ocrx_word' id='word_1_68' title='bbox 140 1234 234 1290; x_wconf 88' lang='lat' dir='ltr'><strong>bile</strong></span> <span class='ocrx_word' id='word_1_69' title='bbox 259 1234 383 1289; x_wconf 90' lang='lat' dir='ltr'><strong>illud</strong></span> <span class='ocrx_word' id='word_1_70' title='bbox 409 1234 562 1304; x_wconf 88' lang='lat' dir='ltr'><strong>quod</strong></span> <span class='ocrx_word' id='word_1_71' title='bbox 592 1234 749 1302; x_wconf 90' lang='lat' dir='ltr'><strong>dixit,</strong></span> <span class='ocrx_word' id='word_1_72' title='bbox 772 1236 897 1307; x_wconf 84' lang='lat' dir='ltr'><strong>quia</strong></span> <span class='ocrx_word' id='word_1_73' title='bbox 918 1236 1011 1307; x_wconf 86' lang='lat' dir='ltr'><strong>qui</strong></span> <span class='ocrx_word' id='word_1_74' title='bbox 1037 1234 1168 1289; x_wconf 79' lang='lat' dir='ltr'><strong>talia</strong></span> <span class='ocrx_word' id='word_1_75' title='bbox 1194 1245 1355 1306; x_wconf 80' lang='lat' dir='ltr'><strong>agunt</strong></span> <span class='ocrx_word' id='word_1_76' title='bbox 1383 1250 1600 1305; x_wconf 79' lang='lat' dir='ltr'><strong>regnum</strong></span> <span class='ocrx_word' id='word_1_77' title='bbox 1622 1233 1720 1288; x_wconf 85' lang='lat' dir='ltr'><strong>Dei</strong></span> 
     </span>
    </p>
   </div>
   <div class='ocr_carea' id='block_1_13' title="bbox 140 1326 1722 1398">
    <p class='ocr_par' dir='ltr' id='par_1_13' title="bbox 140 1326 1722 1398">
     <span class='ocr_line' id='line_1_13' title="bbox 140 1326 1722 1398; baseline 0.001 -18"><span class='ocrx_word' id='word_1_78' title='bbox 140 1342 231 1380; x_wconf 69' lang='lat' dir='ltr'><strong>non</strong></span> <span class='ocrx_word' id='word_1_79' title='bbox 263 1336 684 1396; x_wconf 73' lang='lat' dir='ltr'><strong>consequentur;</strong></span> <span class='ocrx_word' id='word_1_80' title='bbox 713 1327 809 1382; x_wconf 88' lang='lat' dir='ltr'><strong>sed</strong></span> <span class='ocrx_word' id='word_1_81' title='bbox 839 1327 894 1381; x_wconf 92' lang='lat' dir='ltr'><strong>in</strong></span> <span class='ocrx_word' id='word_1_82' title='bbox 920 1328 1067 1383; x_wconf 90' lang='lat' dir='ltr'><strong>omni</strong></span> <span class='ocrx_word' id='word_1_83' title='bbox 1088 1326 1298 1398; x_wconf 75' lang='lat' dir='ltr'><strong>iustitia</strong></span> <span class='ocrx_word' id='word_1_84' title='bbox 1324 1327 1395 1358; x_wconf 74' lang='grc' dir='ltr'><strong>ἰο</strong></span> <span class='ocrx_word' id='word_1_85' title='bbox 1416 1334 1722 1382; x_wconf 86' lang='lat' dir='ltr'><strong>ammonete</strong></span> 
     </span>
    </p>
   </div>
   <div class='ocr_carea' id='block_1_14' title="bbox 139 1417 1722 1489">
    <p class='ocr_par' dir='ltr' id='par_1_14' title="bbox 139 1417 1722 1489">
     <span class='ocr_line' id='line_1_14' title="bbox 139 1417 1722 1489; baseline -0.001 -16"><span class='ocrx_word' id='word_1_86' title='bbox 139 1418 310 1473; x_wconf 84' lang='lat' dir='ltr'><strong>eosde</strong></span> <span class='ocrx_word' id='word_1_87' title='bbox 344 1432 520 1488; x_wconf 83' lang='lat' dir='ltr'><strong>regno</strong></span> <span class='ocrx_word' id='word_1_88' title='bbox 566 1417 661 1473; x_wconf 91' lang='lat' dir='ltr'><strong>Dei</strong></span> <span class='ocrx_word' id='word_1_89' title='bbox 694 1429 751 1474; x_wconf 86' lang='lat' dir='ltr'><strong>et</strong></span> <span class='ocrx_word' id='word_1_90' title='bbox 778 1418 1068 1474; x_wconf 83' lang='lat' dir='ltr'><strong>dilectione</strong></span> <span class='ocrx_word' id='word_1_91' title='bbox 1115 1419 1211 1474; x_wconf 87' lang='lat' dir='ltr'><strong>Dei</strong></span> <span class='ocrx_word' id='word_1_92' title='bbox 1256 1428 1313 1473; x_wconf 87' lang='lat' dir='ltr'><strong>et</strong></span> <span class='ocrx_word' id='word_1_93' title='bbox 1348 1418 1613 1489; x_wconf 87' lang='lat' dir='ltr'><strong>proximi,</strong></span> <span class='ocrx_word' id='word_1_94' title='bbox 1655 1418 1722 1473; x_wconf 92' lang='lat' dir='ltr'><strong>de</strong></span> 
     </span>
    </p>
   </div>
   <div class='ocr_carea' id='block_1_15' title="bbox 142 1507 1722 1579">
    <p class='ocr_par' dir='ltr' id='par_1_15' title="bbox 142 1507 1722 1579">
     <span class='ocr_line' id='line_1_15' title="bbox 142 1507 1722 1579; baseline 0.001 -17"><span class='ocrx_word' id='word_1_95' title='bbox 142 1508 234 1563; x_wconf 80' lang='lat' dir='ltr'><strong>lide</strong></span> <span class='ocrx_word' id='word_1_96' title='bbox 275 1517 328 1563; x_wconf 89' lang='lat' dir='ltr'><strong>et</strong></span> <span class='ocrx_word' id='word_1_97' title='bbox 367 1522 469 1578; x_wconf 89' lang='lat' dir='ltr'><strong>spe</strong></span> <span class='ocrx_word' id='word_1_98' title='bbox 515 1507 573 1562; x_wconf 87' lang='lat' dir='ltr'><strong>in</strong></span> <span class='ocrx_word' id='word_1_99' title='bbox 602 1508 737 1575; x_wconf 88' lang='lat' dir='ltr'><strong>Deo,</strong></span> <span class='ocrx_word' id='word_1_100' title='bbox 778 1508 847 1564; x_wconf 91' lang='lat' dir='ltr'><strong>de</strong></span> <span class='ocrx_word' id='word_1_101' title='bbox 886 1509 1192 1565; x_wconf 72' lang='lat' dir='ltr'><strong>humilitate</strong></span> <span class='ocrx_word' id='word_1_102' title='bbox 1244 1518 1302 1564; x_wconf 90' lang='lat' dir='ltr'><strong>et</strong></span> <span class='ocrx_word' id='word_1_103' title='bbox 1341 1509 1621 1579; x_wconf 81' lang='lat' dir='ltr'><strong>patientia,</strong></span> <span class='ocrx_word' id='word_1_104' title='bbox 1654 1509 1722 1564; x_wconf 90' lang='lat' dir='ltr'><strong>de</strong></span> 
     </span>
    </p>
   </div>
   <div class='ocr_carea' id='block_1_16' title="bbox 139 1596 1720 1670">
    <p class='ocr_par' dir='ltr' id='par_1_16' title="bbox 139 1596 1720 1670">
     <span class='ocr_line' id='line_1_16' title="bbox 139 1596 1720 1670; baseline 0.001 -19"><span class='ocrx_word' id='word_1_105' title='bbox 139 1596 370 1652; x_wconf 81' lang='lat' dir='ltr'><strong>castitate</strong></span> <span class='ocrx_word' id='word_1_106' title='bbox 409 1606 468 1652; x_wconf 88' lang='lat' dir='ltr'><strong>et</strong></span> <span class='ocrx_word' id='word_1_107' title='bbox 504 1598 880 1665; x_wconf 88' lang='lat' dir='ltr'><strong>continentia,</strong></span> <span class='ocrx_word' id='word_1_108' title='bbox 926 1599 993 1654; x_wconf 91' lang='lat' dir='ltr'><strong>de</strong></span> <span class='ocrx_word' id='word_1_109' title='bbox 1031 1599 1367 1670; x_wconf 77' lang='lat' dir='ltr'><strong>benignitate</strong></span> <span class='ocrx_word' id='word_1_110' title='bbox 1407 1608 1464 1653; x_wconf 89' lang='lat' dir='ltr'><strong>et</strong></span> <span class='ocrx_word' id='word_1_111' title='bbox 1508 1597 1720 1653; x_wconf 90' lang='lat' dir='ltr'><strong>miseri-</strong></span> 
     </span>
    </p>
   </div>
   <div class='ocr_carea' id='block_1_17' title="bbox 141 1686 1723 1760">
    <p class='ocr_par' dir='ltr' id='par_1_17' title="bbox 141 1686 1723 1760">
     <span class='ocr_line' id='line_1_17' title="bbox 141 1686 1723 1760; baseline 0.002 -18"><span class='ocrx_word' id='word_1_112' title='bbox 141 1687 327 1751; x_wconf 83' lang='lat' dir='ltr'><strong>cordia,</strong></span> <span class='ocrx_word' id='word_1_113' title='bbox 343 1687 412 1743; x_wconf 87' lang='lat' dir='ltr'><strong>de</strong></span> <span class='ocrx_word' id='word_1_114' title='bbox 430 1686 771 1753; x_wconf 84' lang='lat' dir='ltr'><strong>elemosinis,</strong></span> <span class='ocrx_word' id='word_1_115' title='bbox 794 1698 849 1743; x_wconf 88' lang='lat' dir='ltr'><strong>et</strong></span> <span class='ocrx_word' id='word_1_116' title='bbox 870 1687 1209 1745; x_wconf 74' lang='lat' dir='ltr'><strong>confessione</strong></span> <span class='ocrx_word' id='word_1_117' title='bbox 1229 1698 1572 1760; x_wconf 82' lang='lat' dir='ltr'><strong>peccatorum</strong></span> <span class='ocrx_word' id='word_1_118' title='bbox 1597 1704 1723 1745; x_wconf 91' lang='lat' dir='ltr'><strong>suo—</strong></span> 
     </span>
    </p>
   </div>
   <div class='ocr_carea' id='block_1_18' title="bbox 140 1779 1719 1840">
    <p class='ocr_par' dir='ltr' id='par_1_18' title="bbox 140 1779 1719 1840">
     <span class='ocr_line' id='line_1_18' title="bbox 140 1779 1719 1840; baseline 0.004 -6"><span class='ocrx_word' id='word_1_119' title='bbox 140 1795 263 1835; x_wconf 85' lang='lat' dir='ltr'><strong>rum.</strong></span> <span class='ocrx_word' id='word_1_120' title='bbox 286 1779 350 1834; x_wconf 90' lang='lat' dir='ltr'><strong>Et</strong></span> <span class='ocrx_word' id='word_1_121' title='bbox 370 1787 429 1834; x_wconf 91' lang='lat' dir='ltr'><strong>ut</strong></span> <span class='ocrx_word' id='word_1_122' title='bbox 456 1779 800 1837; x_wconf 74' lang='lat' dir='ltr'><strong>debitoribus</strong></span> <span class='ocrx_word' id='word_1_123' title='bbox 820 1782 892 1814; x_wconf 79' lang='lat'><strong>&#39;“</strong></span> <span class='ocrx_word' id='word_1_124' title='bbox 917 1783 1033 1839; x_wconf 88' lang='lat' dir='ltr'><strong>suis</strong></span> <span class='ocrx_word' id='word_1_125' title='bbox 1056 1784 1354 1839; x_wconf 87' lang='lat' dir='ltr'><strong>secundum</strong></span> <span class='ocrx_word' id='word_1_126' title='bbox 1378 1784 1719 1840; x_wconf 82' lang='lat' dir='ltr'><strong>Dominicam</strong></span> 
     </span>
    </p>
   </div>
   <div class='ocr_carea' id='block_1_19' title="bbox 1811 588 2541 648">
    <p class='ocr_par' dir='ltr' id='par_1_19' title="bbox 1811 588 2541 648">
     <span class='ocr_line' id='line_1_19' title="bbox 1811 588 2541 648; baseline 0.004 -5"><span class='ocrx_word' id='word_1_127' title='bbox 1811 588 1952 647; x_wconf 89' lang='lat' dir='ltr'><strong>lidus</strong></span> <span class='ocrx_word' id='word_1_128' title='bbox 1981 591 2165 646; x_wconf 86' lang='lat' dir='ltr'><strong>vivunt</strong></span> <span class='ocrx_word' id='word_1_129' title='bbox 2201 591 2255 646; x_wconf 92' lang='lat' dir='ltr'><strong>in</strong></span> <span class='ocrx_word' id='word_1_130' title='bbox 2289 590 2541 648; x_wconf 81' lang='lat' dir='ltr'><strong>Francia.</strong></span> 
     </span>
    </p>
   </div>
   <div class='ocr_carea' id='block_1_20' title="bbox 1883 680 3412 756">
    <p class='ocr_par' dir='ltr' id='par_1_20' title="bbox 1883 680 3412 756">
     <span class='ocr_line' id='line_1_20' title="bbox 1883 680 3412 756; baseline -0.001 -20"><span class='ocrx_word' id='word_1_131' title='bbox 1883 683 1943 737; x_wconf 86' lang='grc'><strong>11</strong></span> <span class='ocrx_word' id='word_1_132' title='bbox 1978 682 2148 754; x_wconf 83' lang='grc'>(107).</span> <span class='ocrx_word' id='word_1_133' title='bbox 2202 682 2339 738; x_wconf 83' lang='lat' dir='ltr'><strong>Item</strong></span> <span class='ocrx_word' id='word_1_134' title='bbox 2388 685 2457 739; x_wconf 82' lang='lat' dir='ltr'><strong>de</strong></span> <span class='ocrx_word' id='word_1_135' title='bbox 2497 684 2606 756; x_wconf 83' lang='lat' dir='ltr'><strong>lege</strong></span> <span class='ocrx_word' id='word_1_136' title='bbox 2646 683 3009 738; x_wconf 80' lang='lat' dir='ltr'><strong>Ribuariense.</strong></span> <span class='ocrx_word' id='word_1_137' title='bbox 3046 680 3104 737; x_wconf 88' lang='lat' dir='ltr'><strong>Si</strong></span> <span class='ocrx_word' id='word_1_138' title='bbox 3137 681 3412 753; x_wconf 83' lang='lat' dir='ltr'><strong>ingenuus</strong></span> 
     </span>
    </p>
   </div>
   <div class='ocr_carea' id='block_1_21' title="bbox 1813 772 3407 845">
    <p class='ocr_par' dir='ltr' id='par_1_21' title="bbox 1813 772 3407 845">
     <span class='ocr_line' id='line_1_21' title="bbox 1813 772 3407 845; baseline -0.002 -17"><span class='ocrx_word' id='word_1_139' title='bbox 1813 773 2102 844; x_wconf 87' lang='lat' dir='ltr'><strong>ingenuam</strong></span> <span class='ocrx_word' id='word_1_140' title='bbox 2135 774 2243 830; x_wconf 92' lang='lat' dir='ltr'><strong>ictu</strong></span> <span class='ocrx_word' id='word_1_141' title='bbox 2286 776 2636 845; x_wconf 80' lang='lat' dir='ltr'><strong>percusserit,</strong></span> <span class='ocrx_word' id='word_1_142' title='bbox 2666 775 2765 830; x_wconf 92' lang='lat' dir='ltr'><strong>sol.</strong></span> <span class='ocrx_word' id='word_1_143' title='bbox 2798 773 2865 828; x_wconf 82' lang='lat' dir='ltr'><strong>l5</strong></span> <span class='ocrx_word' id='word_1_144' title='bbox 2893 772 3179 845; x_wconf 82' lang='lat' dir='ltr'><strong>culpabilis</strong></span> <span class='ocrx_word' id='word_1_145' title='bbox 3200 772 3407 843; x_wconf 85' lang='lat' dir='ltr'><strong>judice-</strong></span> 
     </span>
    </p>
   </div>
   <div class='ocr_carea' id='block_1_22' title="bbox 1814 875 1923 922">
    <p class='ocr_par' dir='ltr' id='par_1_22' title="bbox 1814 875 1923 922">
     <span class='ocr_line' id='line_1_22' title="bbox 1814 875 1923 922; baseline -0.009 0"><span class='ocrx_word' id='word_1_146' title='bbox 1814 875 1923 922; x_wconf 90' lang='lat' dir='ltr'><strong>tur.</strong></span> 
     </span>
    </p>
   </div>
   <div class='ocr_carea' id='block_1_23' title="bbox 1888 955 3401 1030">
    <p class='ocr_par' dir='ltr' id='par_1_23' title="bbox 1888 955 3401 1030">
     <span class='ocr_line' id='line_1_23' title="bbox 1888 955 3401 1030; baseline -0.003 -16"><span class='ocrx_word' id='word_1_147' title='bbox 1888 959 1961 1014; x_wconf 66' lang='lat'><strong>52&#39;</strong></span> <span class='ocrx_word' id='word_1_148' title='bbox 1986 958 2156 1030; x_wconf 86' lang='grc'>(108).</span> <span class='ocrx_word' id='word_1_149' title='bbox 2193 958 2366 1016; x_wconf 84' lang='lat' dir='ltr'><strong>Homo</strong></span> <span class='ocrx_word' id='word_1_150' title='bbox 2390 960 2592 1028; x_wconf 86' lang='lat' dir='ltr'><strong>regius,</strong></span> <span class='ocrx_word' id='word_1_151' title='bbox 2628 959 2679 1014; x_wconf 88' lang='lat' dir='ltr'><strong>id</strong></span> <span class='ocrx_word' id='word_1_152' title='bbox 2708 968 2792 1015; x_wconf 92' lang='lat' dir='ltr'><strong>est</strong></span> <span class='ocrx_word' id='word_1_153' title='bbox 2820 957 3117 1019; x_wconf 83' lang='lat' dir='ltr'><strong>ﬁscaliuus.</strong></span> <span class='ocrx_word' id='word_1_154' title='bbox 3148 955 3401 1013; x_wconf 68' lang='lat' dir='ltr'><strong>melesia-</strong></span> 
     </span>
    </p>
   </div>
   <div class='ocr_carea' id='block_1_24' title="bbox 1816 1049 3406 1119">
    <p class='ocr_par' dir='ltr' id='par_1_24' title="bbox 1816 1049 3406 1119">
     <span class='ocr_line' id='line_1_24' title="bbox 1816 1049 3406 1119; baseline -0.004 -12"><span class='ocrx_word' id='word_1_155' title='bbox 1816 1052 1985 1107; x_wconf 86' lang='lat' dir='ltr'><strong>sticus</strong></span> <span class='ocrx_word' id='word_1_156' title='bbox 2032 1050 2115 1105; x_wconf 88' lang='lat' dir='ltr'><strong>vel</strong></span> <span class='ocrx_word' id='word_1_157' title='bbox 2161 1051 2300 1107; x_wconf 90' lang='lat' dir='ltr'><strong>lidus</strong></span> <span class='ocrx_word' id='word_1_158' title='bbox 2354 1051 2668 1108; x_wconf 89' lang='lat' dir='ltr'><strong>interfectus</strong></span> <span class='ocrx_word' id='word_1_159' title='bbox 2716 1051 2817 1106; x_wconf 92' lang='lat' dir='ltr'><strong>sol.</strong></span> <span class='ocrx_word' id='word_1_160' title='bbox 2871 1049 2975 1105; x_wconf 90' lang='grc'><strong>100</strong></span> <span class='ocrx_word' id='word_1_161' title='bbox 3023 1058 3406 1119; x_wconf 83' lang='lat' dir='ltr'><strong>componatur.</strong></span> 
     </span>
    </p>
   </div>
   <div class='ocr_carea' id='block_1_25' title="bbox 1817 1141 3403 1216">
    <p class='ocr_par' dir='ltr' id='par_1_25' title="bbox 1817 1141 3403 1216">
     <span class='ocr_line' id='line_1_25' title="bbox 1817 1141 3403 1216; baseline -0.003 -18"><span class='ocrx_word' id='word_1_162' title='bbox 1817 1143 1990 1199; x_wconf 80' lang='lat' dir='ltr'><strong>Homo</strong></span> <span class='ocrx_word' id='word_1_163' title='bbox 2022 1143 2166 1215; x_wconf 87' lang='grc'>(109)</span> <span class='ocrx_word' id='word_1_164' title='bbox 2192 1144 2457 1216; x_wconf 89' lang='lat' dir='ltr'><strong>ingenuus</strong></span> <span class='ocrx_word' id='word_1_165' title='bbox 2484 1144 2575 1215; x_wconf 87' lang='lat' dir='ltr'><strong>qui</strong></span> <span class='ocrx_word' id='word_1_166' title='bbox 2607 1144 2829 1198; x_wconf 88' lang='lat' dir='ltr'><strong>multam</strong></span> <span class='ocrx_word' id='word_1_167' title='bbox 2855 1142 3150 1213; x_wconf 86' lang='lat' dir='ltr'><strong>quamlibet</strong></span> <span class='ocrx_word' id='word_1_168' title='bbox 3189 1141 3403 1197; x_wconf 85' lang='lat' dir='ltr'><strong>solvere</strong></span> 
     </span>
    </p>
   </div>
   <div class='ocr_carea' id='block_1_26' title="bbox 1817 1231 3408 1305">
    <p class='ocr_par' dir='ltr' id='par_1_26' title="bbox 1817 1231 3408 1305">
     <span class='ocr_line' id='line_1_26' title="bbox 1817 1231 3408 1305; baseline -0.004 -14"><span class='ocrx_word' id='word_1_169' title='bbox 1817 1249 1925 1291; x_wconf 89' lang='lat' dir='ltr'><strong>non</strong></span> <span class='ocrx_word' id='word_1_170' title='bbox 1958 1234 2198 1304; x_wconf 89' lang='lat' dir='ltr'><strong>potuerit</strong></span> <span class='ocrx_word' id='word_1_171' title='bbox 2222 1242 2277 1290; x_wconf 89' lang='lat' dir='ltr'><strong>et</strong></span> <span class='ocrx_word' id='word_1_172' title='bbox 2309 1234 2656 1305; x_wconf 70' lang='lat' dir='ltr'><strong>fidejussores</strong></span> <span class='ocrx_word' id='word_1_173' title='bbox 2679 1235 2749 1266; x_wconf 73' lang='grc' dir='ltr'><strong><em>ἠ’</em></strong></span> <span class='ocrx_word' id='word_1_174' title='bbox 2777 1249 2883 1289; x_wconf 91' lang='lat' dir='ltr'><strong>non</strong></span> <span class='ocrx_word' id='word_1_175' title='bbox 2917 1232 3205 1297; x_wconf 88' lang='lat' dir='ltr'><strong>habuerit,</strong></span> <span class='ocrx_word' id='word_1_176' title='bbox 3247 1231 3408 1285; x_wconf 82' lang='lat' dir='ltr'><strong>liceat</strong></span> 
     </span>
    </p>
   </div>
   <div class='ocr_carea' id='block_1_27' title="bbox 1818 1322 3404 1397">
    <p class='ocr_par' dir='ltr' id='par_1_27' title="bbox 1818 1322 3404 1397">
     <span class='ocr_line' id='line_1_27' title="bbox 1818 1322 3404 1397; baseline -0.003 -16"><span class='ocrx_word' id='word_1_177' title='bbox 1818 1326 1868 1381; x_wconf 91' lang='lat' dir='ltr'><strong>ci</strong></span> <span class='ocrx_word' id='word_1_178' title='bbox 1900 1326 2252 1397; x_wconf 89' lang='lat' dir='ltr'><strong>semetipsum</strong></span> <span class='ocrx_word' id='word_1_179' title='bbox 2276 1329 2329 1380; x_wconf 91' lang='lat' dir='ltr'><strong>in</strong></span> <span class='ocrx_word' id='word_1_180' title='bbox 2357 1326 2541 1381; x_wconf 85' lang='lat' dir='ltr'><strong>vatdio</strong></span> <span class='ocrx_word' id='word_1_181' title='bbox 2567 1326 2616 1381; x_wconf 91' lang='lat' dir='ltr'><strong>ei</strong></span> <span class='ocrx_word' id='word_1_182' title='bbox 2648 1326 2731 1380; x_wconf 85' lang='lat' dir='ltr'><strong>cui</strong></span> <span class='ocrx_word' id='word_1_183' title='bbox 2764 1325 2973 1381; x_wconf 88' lang='lat' dir='ltr'><strong>debitor</strong></span> <span class='ocrx_word' id='word_1_184' title='bbox 2998 1324 3070 1357; x_wconf 76' lang='lat' dir='ltr'><strong>m</strong></span> <span class='ocrx_word' id='word_1_185' title='bbox 3109 1331 3191 1379; x_wconf 90' lang='lat' dir='ltr'><strong>est</strong></span> <span class='ocrx_word' id='word_1_186' title='bbox 3224 1322 3404 1377; x_wconf 89' lang='lat' dir='ltr'><strong>mitte-</strong></span> 
     </span>
    </p>
   </div>
   <div class='ocr_carea' id='block_1_28' title="bbox 1820 1414 3408 1489">
    <p class='ocr_par' dir='ltr' id='par_1_28' title="bbox 1820 1414 3408 1489">
     <span class='ocr_line' id='line_1_28' title="bbox 1820 1414 3408 1489; baseline -0.003 -16"><span class='ocrx_word' id='word_1_187' title='bbox 1820 1432 1902 1483; x_wconf 90' lang='lat' dir='ltr'><strong>re,</strong></span> <span class='ocrx_word' id='word_1_188' title='bbox 1930 1433 2102 1489; x_wconf 91' lang='lat' dir='ltr'><strong>usque</strong></span> <span class='ocrx_word' id='word_1_189' title='bbox 2150 1418 2276 1473; x_wconf 87' lang='lat' dir='ltr'><strong>dum</strong></span> <span class='ocrx_word' id='word_1_190' title='bbox 2330 1417 2553 1473; x_wconf 79' lang='lat' dir='ltr'><strong>multant</strong></span> <span class='ocrx_word' id='word_1_191' title='bbox 2592 1434 2753 1488; x_wconf 83' lang='lat' dir='ltr'><strong>quam</strong></span> <span class='ocrx_word' id='word_1_192' title='bbox 2813 1416 2972 1472; x_wconf 90' lang='lat' dir='ltr'><strong>debet</strong></span> <span class='ocrx_word' id='word_1_193' title='bbox 3020 1414 3310 1488; x_wconf 84' lang='lat' dir='ltr'><strong>persolvat.</strong></span> <span class='ocrx_word' id='word_1_194' title='bbox 3347 1414 3408 1471; x_wconf 90' lang='lat' dir='ltr'><strong>In</strong></span> 
     </span>
    </p>
   </div>
   <div class='ocr_carea' id='block_1_29' title="bbox 1821 1508 3406 1580">
    <p class='ocr_par' dir='ltr' id='par_1_29' title="bbox 1821 1508 3406 1580">
     <span class='ocr_line' id='line_1_29' title="bbox 1821 1508 3406 1580; baseline -0.005 -15"><span class='ocrx_word' id='word_1_195' title='bbox 1821 1511 2014 1565; x_wconf 89' lang='lat' dir='ltr'><strong>eodem</strong></span> <span class='ocrx_word' id='word_1_196' title='bbox 2039 1510 2274 1580; x_wconf 88' lang='lat' dir='ltr'><strong>capitulo</strong></span> <span class='ocrx_word' id='word_1_197' title='bbox 2303 1509 2367 1563; x_wconf 90' lang='lat' dir='ltr'><strong>de</strong></span> <span class='ocrx_word' id='word_1_198' title='bbox 2394 1510 2599 1565; x_wconf 88' lang='lat' dir='ltr'><strong>souiste</strong></span> <span class='ocrx_word' id='word_1_199' title='bbox 2621 1508 2698 1541; x_wconf 63' lang='grc' dir='ltr'>ω</span> <span class='ocrx_word' id='word_1_200' title='bbox 2715 1519 2809 1563; x_wconf 89' lang='lat' dir='ltr'><strong>aut</strong></span> <span class='ocrx_word' id='word_1_201' title='bbox 2836 1508 2942 1563; x_wconf 86' lang='lat'><strong>600</strong></span> <span class='ocrx_word' id='word_1_202' title='bbox 2968 1508 3066 1563; x_wconf 92' lang='lat' dir='ltr'><strong>sol.</strong></span> <span class='ocrx_word' id='word_1_203' title='bbox 3096 1516 3406 1577; x_wconf 80' lang='lat' dir='ltr'><strong>componat,</strong></span> 
     </span>
    </p>
   </div>
   <div class='ocr_carea' id='block_1_30' title="bbox 1821 1592 3419 1679">
    <p class='ocr_par' dir='ltr' id='par_1_30' title="bbox 1821 1592 3419 1679">
     <span class='ocr_line' id='line_1_30' title="bbox 1821 1592 3419 1679; baseline -0.004 -21"><span class='ocrx_word' id='word_1_204' title='bbox 1821 1612 1915 1658; x_wconf 87' lang='lat' dir='ltr'><strong>aut</strong></span> <span class='ocrx_word' id='word_1_205' title='bbox 1940 1618 2062 1657; x_wconf 91' lang='lat' dir='ltr'><strong>cum</strong></span> <span class='ocrx_word' id='word_1_206' title='bbox 2105 1601 2170 1656; x_wconf 75' lang='lat' dir='ltr'><strong>l2</strong></span> <span class='ocrx_word' id='word_1_207' title='bbox 2199 1600 2515 1679; x_wconf 13' lang='lat' dir='ltr'><strong>juret,raut</strong></span> <span class='ocrx_word' id='word_1_208' title='bbox 2558 1602 2602 1657; x_wconf 85' lang='lat' dir='ltr'><strong>si</strong></span> <span class='ocrx_word' id='word_1_209' title='bbox 2656 1602 2744 1657; x_wconf 90' lang='lat' dir='ltr'><strong>ille</strong></span> <span class='ocrx_word' id='word_1_210' title='bbox 2797 1592 2887 1671; x_wconf 84' lang='lat' dir='ltr'><strong>qui</strong></span> <span class='ocrx_word' id='word_1_211' title='bbox 2935 1617 3151 1656; x_wconf 84' lang='lat' dir='ltr'><strong>causam</strong></span> <span class='ocrx_word' id='word_1_212' title='bbox 3207 1602 3419 1671; x_wconf 68' lang='lat' dir='ltr'><strong>querit,</strong></span> 
     </span>
    </p>
   </div>
   <div class='ocr_carea' id='block_1_31' title="bbox 1823 1690 3413 1763">
    <p class='ocr_par' dir='ltr' id='par_1_31' title="bbox 1823 1690 3413 1763">
     <span class='ocr_line' id='line_1_31' title="bbox 1823 1690 3413 1763; baseline -0.001 -14"><span class='ocrx_word' id='word_1_213' title='bbox 1823 1693 2142 1749; x_wconf 86' lang='lat' dir='ltr'><strong>duodecimo</strong></span> <span class='ocrx_word' id='word_1_214' title='bbox 2186 1694 2457 1748; x_wconf 88' lang='lat' dir='ltr'><strong>hominem</strong></span> <span class='ocrx_word' id='word_1_215' title='bbox 2503 1702 2904 1750; x_wconf 77' lang='lat' dir='ltr'><strong>sat-ramentum</strong></span> <span class='ocrx_word' id='word_1_216' title='bbox 2936 1693 3177 1763; x_wconf 80' lang='lat' dir='ltr'><strong>recipere</strong></span> <span class='ocrx_word' id='word_1_217' title='bbox 3222 1690 3413 1747; x_wconf 52' lang='lat' dir='ltr'><strong>noine»</strong></span> 
     </span>
    </p>
   </div>
   <div class='ocr_carea' id='block_1_32' title="bbox 1824 1784 3410 1850">
    <p class='ocr_par' dir='ltr' id='par_1_32' title="bbox 1824 1784 3410 1850">
     <span class='ocr_line' id='line_1_32' title="bbox 1824 1784 3410 1850; baseline -0.003 -11"><span class='ocrx_word' id='word_1_218' title='bbox 1824 1784 1914 1850; x_wconf 86' lang='lat' dir='ltr'><strong>rit,</strong></span> <span class='ocrx_word' id='word_1_219' title='bbox 1941 1793 2037 1838; x_wconf 90' lang='lat' dir='ltr'><strong>aut</strong></span> <span class='ocrx_word' id='word_1_220' title='bbox 2060 1784 2126 1839; x_wconf 89' lang='lat' dir='ltr'><strong>ad</strong></span> <span class='ocrx_word' id='word_1_221' title='bbox 2154 1798 2371 1841; x_wconf 89' lang='lat' dir='ltr'><strong>crucem</strong></span> <span class='ocrx_word' id='word_1_222' title='bbox 2394 1793 2487 1839; x_wconf 89' lang='lat' dir='ltr'><strong>aut</strong></span> <span class='ocrx_word' id='word_1_223' title='bbox 2506 1799 2629 1839; x_wconf 89' lang='lat' dir='ltr'><strong>cum</strong></span> <span class='ocrx_word' id='word_1_224' title='bbox 2651 1794 2805 1839; x_wconf 88' lang='lat' dir='ltr'><strong>scuto</strong></span> <span class='ocrx_word' id='word_1_225' title='bbox 2832 1792 2888 1839; x_wconf 91' lang='lat' dir='ltr'><strong>et</strong></span> <span class='ocrx_word' id='word_1_226' title='bbox 2908 1784 3049 1838; x_wconf 79' lang='lat' dir='ltr'><strong>fuste</strong></span> <span class='ocrx_word' id='word_1_227' title='bbox 3077 1790 3265 1839; x_wconf 87' lang='lat' dir='ltr'><strong>contra</strong></span> <span class='ocrx_word' id='word_1_228' title='bbox 3284 1797 3410 1837; x_wconf 85' lang='lat' dir='ltr'><strong>eum</strong></span> 
     </span>
    </p>
   </div>
   <div class='ocr_carea' id='block_1_33' title="bbox 142 1872 2091 1943">
    <p class='ocr_par' dir='ltr' id='par_1_33' title="bbox 142 1872 2091 1943">
     <span class='ocr_line' id='line_1_33' title="bbox 142 1872 2091 1943; baseline 0.003 -17"><span class='ocrx_word' id='word_1_229' title='bbox 142 1872 419 1929; x_wconf 82' lang='lat' dir='ltr'><strong>orationem</strong></span> <span class='ocrx_word' id='word_1_230' title='bbox 460 1888 563 1928; x_wconf 88' lang='lat' dir='ltr'><strong>sua</strong></span> <span class='ocrx_word' id='word_1_231' title='bbox 584 1874 658 1906; x_wconf 67' lang='grc' dir='ltr'><strong>τυ</strong></span> <span class='ocrx_word' id='word_1_232' title='bbox 683 1875 864 1930; x_wconf 85' lang='lat' dir='ltr'><strong>debita</strong></span> <span class='ocrx_word' id='word_1_233' title='bbox 894 1876 1312 1943; x_wconf 74' lang='lat' dir='ltr'><strong>condonentm,</strong></span> <span class='ocrx_word' id='word_1_234' title='bbox 1343 1877 1580 1933; x_wconf 78' lang='lat' dir='ltr'><strong>scientes</strong></span> <span class='ocrx_word' id='word_1_235' title='bbox 1605 1892 1725 1933; x_wconf 86' lang='lat' dir='ltr'><strong>cer-</strong></span> <span class='ocrx_word' id='word_1_236' title='bbox 1755 1880 1798 1940; x_wconf 89' lang='lat' dir='ltr'><strong>B</strong></span> <span class='ocrx_word' id='word_1_237' title='bbox 1827 1876 2091 1932; x_wconf 89' lang='lat' dir='ltr'><strong>decertet.</strong></span> 
     </span>
    </p>
   </div>
   <div class='ocr_carea' id='block_1_34' title="bbox 143 1966 1723 2043">
    <p class='ocr_par' dir='ltr' id='par_1_34' title="bbox 143 1966 1723 2043">
     <span class='ocr_line' id='line_1_34' title="bbox 143 1966 1723 2043; baseline 0.005 -24"><span class='ocrx_word' id='word_1_238' title='bbox 143 1966 351 2034; x_wconf 88' lang='lat' dir='ltr'><strong>tissime,</strong></span> <span class='ocrx_word' id='word_1_239' title='bbox 377 1967 524 2037; x_wconf 89' lang='lat' dir='ltr'><strong>quod</strong></span> <span class='ocrx_word' id='word_1_240' title='bbox 557 1968 651 2039; x_wconf 90' lang='lat' dir='ltr'><strong>qui</strong></span> <span class='ocrx_word' id='word_1_241' title='bbox 682 1968 809 2023; x_wconf 87' lang='lat' dir='ltr'><strong>talia</strong></span> <span class='ocrx_word' id='word_1_242' title='bbox 840 1977 1005 2042; x_wconf 82' lang='lat' dir='ltr'><strong>agunt</strong></span> <span class='ocrx_word' id='word_1_243' title='bbox 1049 1984 1276 2043; x_wconf 88' lang='lat' dir='ltr'><strong>regnum</strong></span> <span class='ocrx_word' id='word_1_244' title='bbox 1300 1969 1396 2026; x_wconf 89' lang='lat' dir='ltr'><strong>Dei</strong></span> <span class='ocrx_word' id='word_1_245' title='bbox 1428 1970 1505 2026; x_wconf 89' lang='lat' dir='ltr'><strong>illi</strong></span> <span class='ocrx_word' id='word_1_246' title='bbox 1531 1984 1723 2027; x_wconf 84' lang='lat' dir='ltr'><strong>consc-</strong></span> 
     </span>
    </p>
   </div>
   <div class='ocr_carea' id='block_1_35' title="bbox 142 2060 1723 2135">
    <p class='ocr_par' dir='ltr' id='par_1_35' title="bbox 142 2060 1723 2135">
     <span class='ocr_line' id='line_1_35' title="bbox 142 2060 1723 2135; baseline 0.007 -24"><span class='ocrx_word' id='word_1_247' title='bbox 142 2065 353 2125; x_wconf 68' lang='lat' dir='ltr'><strong>cuntnr;</strong></span> <span class='ocrx_word' id='word_1_248' title='bbox 375 2067 433 2115; x_wconf 89' lang='lat' dir='ltr'><strong>et</strong></span> <span class='ocrx_word' id='word_1_249' title='bbox 460 2060 572 2116; x_wconf 85' lang='lat' dir='ltr'><strong>hoc</strong></span> <span class='ocrx_word' id='word_1_250' title='bbox 600 2060 720 2116; x_wconf 89' lang='lat' dir='ltr'><strong>ideo</strong></span> <span class='ocrx_word' id='word_1_251' title='bbox 744 2060 816 2093; x_wconf 68' lang='grc'><strong>⁷⁸⁸</strong></span> <span class='ocrx_word' id='word_1_252' title='bbox 839 2062 1153 2133; x_wconf 85' lang='lat' dir='ltr'><strong>diligentius</strong></span> <span class='ocrx_word' id='word_1_253' title='bbox 1174 2063 1506 2135; x_wconf 84' lang='lat' dir='ltr'><strong>injungimus</strong></span> <span class='ocrx_word' id='word_1_254' title='bbox 1529 2072 1723 2122; x_wconf 73' lang='lat' dir='ltr'><strong>vestrm</strong></span> 
     </span>
    </p>
   </div>
   <div class='ocr_carea' id='block_1_36' title="bbox 144 2149 1725 2229">
    <p class='ocr_par' dir='ltr' id='par_1_36' title="bbox 144 2149 1725 2229">
     <span class='ocr_line' id='line_1_36' title="bbox 144 2149 1725 2229; baseline 0.008 -27"><span class='ocrx_word' id='word_1_255' title='bbox 144 2149 355 2216; x_wconf 76' lang='lat' dir='ltr'><strong>caritati,</strong></span> <span class='ocrx_word' id='word_1_256' title='bbox 404 2152 536 2222; x_wconf 89' lang='lat' dir='ltr'><strong>quia</strong></span> <span class='ocrx_word' id='word_1_257' title='bbox 591 2154 796 2209; x_wconf 88' lang='lat' dir='ltr'><strong>scimus</strong></span> <span class='ocrx_word' id='word_1_258' title='bbox 844 2157 1181 2225; x_wconf 86' lang='lat' dir='ltr'><strong>temporibus</strong></span> <span class='ocrx_word' id='word_1_259' title='bbox 1214 2157 1529 2214; x_wconf 89' lang='lat' dir='ltr'><strong>novissimis</strong></span> <span class='ocrx_word' id='word_1_260' title='bbox 1563 2173 1725 2229; x_wconf 87' lang='lat' dir='ltr'><strong>pseu-</strong></span> 
     </span>
    </p>
   </div>
   <div class='ocr_carea' id='block_1_37' title="bbox 144 2242 1721 2320">
    <p class='ocr_par' dir='ltr' id='par_1_37' title="bbox 144 2242 1721 2320">
     <span class='ocr_line' id='line_1_37' title="bbox 144 2242 1721 2320; baseline 0.004 -21"><span class='ocrx_word' id='word_1_261' title='bbox 144 2242 440 2302; x_wconf 84' lang='lat' dir='ltr'><strong>dodoctores</strong></span> <span class='ocrx_word' id='word_1_262' title='bbox 468 2246 549 2280; x_wconf 79' lang='grc'><strong>⁷¹⁸</strong></span> <span class='ocrx_word' id='word_1_263' title='bbox 579 2262 700 2303; x_wconf 89' lang='lat' dir='ltr'><strong>esse</strong></span> <span class='ocrx_word' id='word_1_264' title='bbox 738 2256 1018 2315; x_wconf 88' lang='lat' dir='ltr'><strong>venturos,</strong></span> <span class='ocrx_word' id='word_1_265' title='bbox 1050 2249 1192 2306; x_wconf 85' lang='lat' dir='ltr'><strong>sicut</strong></span> <span class='ocrx_word' id='word_1_266' title='bbox 1236 2250 1350 2320; x_wconf 89' lang='lat' dir='ltr'><strong>ipse</strong></span> <span class='ocrx_word' id='word_1_267' title='bbox 1375 2249 1644 2308; x_wconf 88' lang='lat' dir='ltr'><strong>Dominus</strong></span> <span class='ocrx_word' id='word_1_268' title='bbox 1667 2251 1721 2306; x_wconf 90' lang='lat' dir='ltr'><strong>in</strong></span> 
     </span>
    </p>
   </div>
   <div class='ocr_carea' id='block_1_38' title="bbox 146 2335 1722 2408">
    <p class='ocr_par' dir='ltr' id='par_1_38' title="bbox 146 2335 1722 2408">
     <span class='ocr_line' id='line_1_38' title="bbox 146 2335 1722 2408; baseline 0.005 -21"><span class='ocrx_word' id='word_1_269' title='bbox 146 2335 398 2404; x_wconf 76' lang='lat' dir='ltr'><strong>evangelio</strong></span> <span class='ocrx_word' id='word_1_270' title='bbox 445 2336 730 2407; x_wconf 67' lang='lat' dir='ltr'><strong>praedixit,</strong></span> <span class='ocrx_word' id='word_1_271' title='bbox 780 2347 837 2393; x_wconf 85' lang='lat' dir='ltr'><strong>et</strong></span> <span class='ocrx_word' id='word_1_272' title='bbox 888 2338 1167 2408; x_wconf 89' lang='lat' dir='ltr'><strong>apostolus</strong></span> <span class='ocrx_word' id='word_1_273' title='bbox 1207 2338 1409 2395; x_wconf 89' lang='lat' dir='ltr'><strong>Paulus</strong></span> <span class='ocrx_word' id='word_1_274' title='bbox 1443 2341 1513 2394; x_wconf 82' lang='lat' dir='ltr'><strong>ad</strong></span> <span class='ocrx_word' id='word_1_275' title='bbox 1540 2339 1722 2396; x_wconf 75' lang='lat' dir='ltr'><strong>Timo-</strong></span> 
     </span>
    </p>
   </div>
   <div class='ocr_carea' id='block_1_39' title="bbox 146 2422 1723 2503">
    <p class='ocr_par' dir='ltr' id='par_1_39' title="bbox 146 2422 1723 2503">
     <span class='ocr_line' id='line_1_39' title="bbox 146 2422 1723 2503; baseline 0.008 -26"><span class='ocrx_word' id='word_1_276' title='bbox 146 2422 305 2479; x_wconf 87' lang='lat' dir='ltr'><strong>theum</strong></span> <span class='ocrx_word' id='word_1_277' title='bbox 341 2436 612 2493; x_wconf 89' lang='lat' dir='ltr'><strong>testatur;</strong></span> <span class='ocrx_word' id='word_1_278' title='bbox 647 2437 700 2485; x_wconf 93' lang='lat' dir='ltr'><strong>et</strong></span> <span class='ocrx_word' id='word_1_279' title='bbox 736 2429 859 2485; x_wconf 91' lang='lat' dir='ltr'><strong>ideo</strong></span> <span class='ocrx_word' id='word_1_280' title='bbox 884 2429 1224 2487; x_wconf 80' lang='lat' dir='ltr'><strong>dilectissimi</strong></span> <span class='ocrx_word' id='word_1_281' title='bbox 1258 2439 1373 2488; x_wconf 91' lang='lat' dir='ltr'><strong>toto</strong></span> <span class='ocrx_word' id='word_1_282' title='bbox 1396 2431 1571 2487; x_wconf 82' lang='lat' dir='ltr'><strong>corde</strong></span> <span class='ocrx_word' id='word_1_283' title='bbox 1587 2447 1723 2503; x_wconf 64' lang='lat' dir='ltr'><strong>prae-</strong></span> 
     </span>
    </p>
   </div>
   <div class='ocr_carea' id='block_1_40' title="bbox 146 2519 1723 2595">
    <p class='ocr_par' dir='ltr' id='par_1_40' title="bbox 146 2519 1723 2595">
     <span class='ocr_line' id='line_1_40' title="bbox 146 2519 1723 2595; baseline 0.01 -28"><span class='ocrx_word' id='word_1_284' title='bbox 146 2528 368 2584; x_wconf 82' lang='lat' dir='ltr'><strong>paremus</strong></span> <span class='ocrx_word' id='word_1_285' title='bbox 414 2534 513 2583; x_wconf 73' lang='lat' dir='ltr'><strong>nos</strong></span> <span class='ocrx_word' id='word_1_286' title='bbox 576 2519 630 2574; x_wconf 91' lang='lat' dir='ltr'><strong>in</strong></span> <span class='ocrx_word' id='word_1_287' title='bbox 678 2520 904 2576; x_wconf 90' lang='lat' dir='ltr'><strong>scientia</strong></span> <span class='ocrx_word' id='word_1_288' title='bbox 953 2530 1010 2577; x_wconf 94' lang='lat' dir='ltr'><strong>et</strong></span> <span class='ocrx_word' id='word_1_289' title='bbox 1048 2522 1320 2589; x_wconf 81' lang='lat' dir='ltr'><strong>veritatis,</strong></span> <span class='ocrx_word' id='word_1_290' title='bbox 1362 2532 1420 2578; x_wconf 90' lang='lat' dir='ltr'><strong>ut</strong></span> <span class='ocrx_word' id='word_1_291' title='bbox 1451 2525 1723 2595; x_wconf 86' lang='lat' dir='ltr'><strong>possimus</strong></span> 
     </span>
    </p>
   </div>
   <div class='ocr_carea' id='block_1_41' title="bbox 149 2610 1723 2682">
    <p class='ocr_par' dir='ltr' id='par_1_41' title="bbox 149 2610 1723 2682">
     <span class='ocr_line' id='line_1_41' title="bbox 149 2610 1723 2682; baseline 0.008 -21"><span class='ocrx_word' id='word_1_292' title='bbox 149 2610 626 2666; x_wconf 84' lang='lat' dir='ltr'><strong>contradicentibus</strong></span> <span class='ocrx_word' id='word_1_293' title='bbox 654 2613 864 2668; x_wconf 82' lang='lat' dir='ltr'><strong>veritati</strong></span> <span class='ocrx_word' id='word_1_294' title='bbox 895 2614 1172 2682; x_wconf 85' lang='lat' dir='ltr'><strong>resistere,</strong></span> <span class='ocrx_word' id='word_1_295' title='bbox 1195 2623 1248 2671; x_wconf 90' lang='lat' dir='ltr'><strong>et</strong></span> <span class='ocrx_word' id='word_1_296' title='bbox 1275 2616 1456 2671; x_wconf 87' lang='lat' dir='ltr'><strong>divina</strong></span> <span class='ocrx_word' id='word_1_297' title='bbox 1484 2616 1723 2674; x_wconf 86' lang='lat' dir='ltr'><strong>donante</strong></span> 
     </span>
    </p>
   </div>
   <div class='ocr_carea' id='block_1_42' title="bbox 150 2699 1719 2770">
    <p class='ocr_par' dir='ltr' id='par_1_42' title="bbox 150 2699 1719 2770">
     <span class='ocr_line' id='line_1_42' title="bbox 150 2699 1719 2770; baseline 0.007 -19"><span class='ocrx_word' id='word_1_298' title='bbox 150 2699 297 2767; x_wconf 81' lang='lat' dir='ltr'><strong>gratia</strong></span> <span class='ocrx_word' id='word_1_299' title='bbox 325 2703 560 2757; x_wconf 84' lang='lat' dir='ltr'><strong>verbum</strong></span> <span class='ocrx_word' id='word_1_300' title='bbox 593 2702 687 2757; x_wconf 89' lang='lat' dir='ltr'><strong>Dei</strong></span> <span class='ocrx_word' id='word_1_301' title='bbox 721 2713 955 2770; x_wconf 90' lang='lat' dir='ltr'><strong>crescat,</strong></span> <span class='ocrx_word' id='word_1_302' title='bbox 1000 2714 1055 2760; x_wconf 88' lang='lat' dir='ltr'><strong>et</strong></span> <span class='ocrx_word' id='word_1_303' title='bbox 1090 2715 1384 2761; x_wconf 88' lang='lat' dir='ltr'><strong>concurrat</strong></span> <span class='ocrx_word' id='word_1_304' title='bbox 1405 2706 1477 2738; x_wconf 67' lang='lat'><strong>7&quot;</strong></span> <span class='ocrx_word' id='word_1_305' title='bbox 1501 2716 1555 2762; x_wconf 94' lang='lat' dir='ltr'><strong>et</strong></span> <span class='ocrx_word' id='word_1_306' title='bbox 1579 2707 1719 2762; x_wconf 80' lang='lat' dir='ltr'><strong>titill-</strong></span> 
     </span>
    </p>
   </div>
   <div class='ocr_carea' id='block_1_43' title="bbox 150 2789 1721 2865">
    <p class='ocr_par' dir='ltr' id='par_1_43' title="bbox 150 2789 1721 2865">
     <span class='ocr_line' id='line_1_43' title="bbox 150 2789 1721 2865; baseline 0.008 -25"><span class='ocrx_word' id='word_1_307' title='bbox 150 2789 389 2860; x_wconf 85' lang='lat' dir='ltr'><strong>tiplicctur</strong></span> <span class='ocrx_word' id='word_1_308' title='bbox 423 2795 481 2849; x_wconf 92' lang='lat' dir='ltr'><strong>in</strong></span> <span class='ocrx_word' id='word_1_309' title='bbox 509 2793 821 2865; x_wconf 84' lang='lat' dir='ltr'><strong>profectum</strong></span> <span class='ocrx_word' id='word_1_310' title='bbox 851 2797 903 2850; x_wconf 94' lang='lat' dir='ltr'><strong>in</strong></span> <span class='ocrx_word' id='word_1_311' title='bbox 936 2807 1123 2854; x_wconf 91' lang='lat' dir='ltr'><strong>sancta</strong></span> <span class='ocrx_word' id='word_1_312' title='bbox 1154 2797 1381 2854; x_wconf 76' lang='lat' dir='ltr'><strong>melesite</strong></span> <span class='ocrx_word' id='word_1_313' title='bbox 1408 2809 1461 2854; x_wconf 92' lang='lat' dir='ltr'><strong>et</strong></span> <span class='ocrx_word' id='word_1_314' title='bbox 1490 2799 1721 2854; x_wconf 90' lang='lat' dir='ltr'><strong>salutem</strong></span> 
     </span>
    </p>
   </div>
   <div class='ocr_carea' id='block_1_44' title="bbox 153 2885 1720 2964">
    <p class='ocr_par' dir='ltr' id='par_1_44' title="bbox 153 2885 1720 2964">
     <span class='ocr_line' id='line_1_44' title="bbox 153 2885 1720 2964; baseline 0.01 -30"><span class='ocrx_word' id='word_1_315' title='bbox 153 2885 423 2942; x_wconf 87' lang='lat' dir='ltr'><strong>animarum</strong></span> <span class='ocrx_word' id='word_1_316' title='bbox 472 2897 812 2954; x_wconf 80' lang='lat' dir='ltr'><strong>nostrarum,</strong></span> <span class='ocrx_word' id='word_1_317' title='bbox 847 2902 902 2946; x_wconf 90' lang='lat' dir='ltr'><strong>et</strong></span> <span class='ocrx_word' id='word_1_318' title='bbox 932 2890 1144 2948; x_wconf 89' lang='lat' dir='ltr'><strong>laudem</strong></span> <span class='ocrx_word' id='word_1_319' title='bbox 1194 2893 1247 2948; x_wconf 90' lang='lat' dir='ltr'><strong>in</strong></span> <span class='ocrx_word' id='word_1_320' title='bbox 1278 2892 1447 2964; x_wconf 82' lang='lat' dir='ltr'><strong>gloria</strong></span> <span class='ocrx_word' id='word_1_321' title='bbox 1484 2894 1720 2950; x_wconf 83' lang='lat' dir='ltr'><strong>nominis</strong></span> 
     </span>
    </p>
   </div>
   <div class='ocr_carea' id='block_1_45' title="bbox 152 2972 1719 3059">
    <p class='ocr_par' dir='ltr' id='par_1_45' title="bbox 152 2972 1719 3059">
     <span class='ocr_line' id='line_1_45' title="bbox 152 2972 1719 3059; baseline 0.01 -32"><span class='ocrx_word' id='word_1_322' title='bbox 152 2972 324 3031; x_wconf 84' lang='lat' dir='ltr'><strong>domini</strong></span> <span class='ocrx_word' id='word_1_323' title='bbox 365 2980 546 3035; x_wconf 86' lang='lat' dir='ltr'><strong>nostri</strong></span> <span class='ocrx_word' id='word_1_324' title='bbox 572 2980 700 3037; x_wconf 64' lang='lat' dir='ltr'><strong>Iesu</strong></span> <span class='ocrx_word' id='word_1_325' title='bbox 728 2982 950 3038; x_wconf 89' lang='lat' dir='ltr'><strong>Christi.</strong></span> <span class='ocrx_word' id='word_1_326' title='bbox 981 2984 1094 3038; x_wconf 84' lang='lat' dir='ltr'><strong>Pax</strong></span> <span class='ocrx_word' id='word_1_327' title='bbox 1118 2986 1560 3055; x_wconf 70' lang='lat' dir='ltr'><strong>praedicantibus,</strong></span> <span class='ocrx_word' id='word_1_328' title='bbox 1590 3002 1719 3059; x_wconf 89' lang='lat' dir='ltr'><strong>gra-</strong></span> 
     </span>
    </p>
   </div>
   <div class='ocr_carea' id='block_1_46' title="bbox 153 3064 1533 3144">
    <p class='ocr_par' dir='ltr' id='par_1_46' title="bbox 153 3064 1533 3144">
     <span class='ocr_line' id='line_1_46' title="bbox 153 3064 1533 3144; baseline 0.008 -24"><span class='ocrx_word' id='word_1_329' title='bbox 153 3064 212 3120; x_wconf 82' lang='lat' dir='ltr'><strong>tia</strong></span> <span class='ocrx_word' id='word_1_330' title='bbox 236 3068 631 3137; x_wconf 87' lang='lat' dir='ltr'><strong>obedientibus,</strong></span> <span class='ocrx_word' id='word_1_331' title='bbox 665 3071 891 3144; x_wconf 81' lang='lat' dir='ltr'><strong>gloriam</strong></span> <span class='ocrx_word' id='word_1_332' title='bbox 931 3076 1150 3131; x_wconf 91' lang='lat' dir='ltr'><strong>domino</strong></span> <span class='ocrx_word' id='word_1_333' title='bbox 1180 3075 1293 3131; x_wconf 89' lang='lat' dir='ltr'><strong>Deo</strong></span> <span class='ocrx_word' id='word_1_334' title='bbox 1324 3085 1533 3132; x_wconf 90' lang='lat' dir='ltr'><strong>nostro.</strong></span> 
     </span>
    </p>
   </div>
   <div class='ocr_carea' id='block_1_47' title="bbox 206 3159 1716 3243">
    <p class='ocr_par' dir='ltr' id='par_1_47' title="bbox 206 3159 1716 3243">
     <span class='ocr_line' id='line_1_47' title="bbox 206 3159 1716 3243; baseline 0.009 -29"><span class='ocrx_word' id='word_1_335' title='bbox 206 3159 251 3213; x_wconf 88' lang='lat'><strong>6.</strong></span> <span class='ocrx_word' id='word_1_336' title='bbox 291 3161 352 3218; x_wconf 82' lang='lat' dir='ltr'><strong>Ut</strong></span> <span class='ocrx_word' id='word_1_337' title='bbox 377 3164 447 3196; x_wconf 67' lang='lat'><strong>&quot;7</strong></span> <span class='ocrx_word' id='word_1_338' title='bbox 475 3164 634 3236; x_wconf 79' lang='grc'>(105)</span> <span class='ocrx_word' id='word_1_339' title='bbox 673 3166 853 3222; x_wconf 88' lang='lat' dir='ltr'><strong>nullus</strong></span> <span class='ocrx_word' id='word_1_340' title='bbox 887 3168 939 3222; x_wconf 91' lang='lat' dir='ltr'><strong>in</strong></span> <span class='ocrx_word' id='word_1_341' title='bbox 981 3168 1239 3239; x_wconf 87' lang='lat' dir='ltr'><strong>psalterio</strong></span> <span class='ocrx_word' id='word_1_342' title='bbox 1268 3170 1352 3225; x_wconf 91' lang='lat' dir='ltr'><strong>vel</strong></span> <span class='ocrx_word' id='word_1_343' title='bbox 1388 3168 1441 3225; x_wconf 90' lang='lat' dir='ltr'><strong>in</strong></span> <span class='ocrx_word' id='word_1_344' title='bbox 1480 3185 1716 3243; x_wconf 86' lang='lat' dir='ltr'><strong>evange-</strong></span> 
     </span>
    </p>
   </div>
   <div class='ocr_carea' id='block_1_48' title="bbox 1893 1964 3431 2041">
    <p class='ocr_par' dir='ltr' id='par_1_48' title="bbox 1893 1964 3431 2041">
     <span class='ocr_line' id='line_1_48' title="bbox 1893 1964 3431 2041; baseline 0 -19"><span class='ocrx_word' id='word_1_345' title='bbox 1893 1968 1966 2023; x_wconf 74' lang='grc'>15</span> <span class='ocrx_word' id='word_1_346' title='bbox 2000 1967 2169 2041; x_wconf 86' lang='grc'>(110).</span> <span class='ocrx_word' id='word_1_347' title='bbox 2204 1964 2260 2023; x_wconf 91' lang='lat' dir='ltr'><strong>Si</strong></span> <span class='ocrx_word' id='word_1_348' title='bbox 2288 1968 2410 2037; x_wconf 89' lang='lat' dir='ltr'><strong>quis</strong></span> <span class='ocrx_word' id='word_1_349' title='bbox 2438 1968 2505 2023; x_wconf 88' lang='lat' dir='ltr'><strong>ad</strong></span> <span class='ocrx_word' id='word_1_350' title='bbox 2534 1967 2753 2022; x_wconf 80' lang='lat' dir='ltr'><strong>mullum</strong></span> <span class='ocrx_word' id='word_1_351' title='bbox 2775 1966 2983 2040; x_wconf 78' lang='lat' dir='ltr'><strong>legibus</strong></span> <span class='ocrx_word' id='word_1_352' title='bbox 3007 1966 3267 2023; x_wconf 91' lang='lat' dir='ltr'><strong>baunitus</strong></span> <span class='ocrx_word' id='word_1_353' title='bbox 3296 1964 3431 2022; x_wconf 45' lang='lat' dir='ltr'><strong>fucr</strong></span> 
     </span>
    </p>
   </div>
   <div class='ocr_carea' id='block_1_49' title="bbox 1823 2059 3409 2127">
    <p class='ocr_par' dir='ltr' id='par_1_49' title="bbox 1823 2059 3409 2127">
     <span class='ocr_line' id='line_1_49' title="bbox 1823 2059 3409 2127; baseline -0.003 -11"><span class='ocrx_word' id='word_1_354' title='bbox 1823 2061 1921 2127; x_wconf 78' lang='lat' dir='ltr'><strong>rit,</strong></span> <span class='ocrx_word' id='word_1_355' title='bbox 1944 2061 1989 2116; x_wconf 84' lang='lat' dir='ltr'><strong>si</strong></span> <span class='ocrx_word' id='word_1_356' title='bbox 2026 2075 2149 2115; x_wconf 89' lang='lat' dir='ltr'><strong>eum</strong></span> <span class='ocrx_word' id='word_1_357' title='bbox 2177 2061 2369 2116; x_wconf 90' lang='lat' dir='ltr'><strong>sunuis</strong></span> <span class='ocrx_word' id='word_1_358' title='bbox 2407 2061 2480 2092; x_wconf 82' lang='grc'><strong>⁷¹⁸</strong></span> <span class='ocrx_word' id='word_1_359' title='bbox 2527 2076 2633 2116; x_wconf 82' lang='lat' dir='ltr'><strong>non</strong></span> <span class='ocrx_word' id='word_1_360' title='bbox 2668 2061 2982 2127; x_wconf 86' lang='lat' dir='ltr'><strong>detinuerit,</strong></span> <span class='ocrx_word' id='word_1_361' title='bbox 3017 2059 3118 2115; x_wconf 88' lang='lat' dir='ltr'><strong>sol.</strong></span> <span class='ocrx_word' id='word_1_362' title='bbox 3161 2059 3227 2116; x_wconf 87' lang='grc'>15</span> <span class='ocrx_word' id='word_1_363' title='bbox 3258 2075 3409 2115; x_wconf 85' lang='lat' dir='ltr'><strong>coni-</strong></span> 
     </span>
    </p>
   </div>
   <div class='ocr_carea' id='block_1_50' title="bbox 1821 2151 3412 2223">
    <p class='ocr_par' dir='ltr' id='par_1_50' title="bbox 1821 2151 3412 2223">
     <span class='ocr_line' id='line_1_50' title="bbox 1821 2151 3412 2223; baseline -0.001 -17"><span class='ocrx_word' id='word_1_364' title='bbox 1821 2162 2007 2223; x_wconf 88' lang='lat' dir='ltr'><strong>ponat.</strong></span> <span class='ocrx_word' id='word_1_365' title='bbox 2037 2151 2128 2208; x_wconf 89' lang='lat' dir='ltr'><strong>Sic</strong></span> <span class='ocrx_word' id='word_1_366' title='bbox 2156 2153 2224 2208; x_wconf 90' lang='lat' dir='ltr'><strong>ad</strong></span> <span class='ocrx_word' id='word_1_367' title='bbox 2244 2152 2539 2208; x_wconf 88' lang='lat' dir='ltr'><strong>secundum</strong></span> <span class='ocrx_word' id='word_1_368' title='bbox 2589 2160 2644 2208; x_wconf 91' lang='lat' dir='ltr'><strong>et</strong></span> <span class='ocrx_word' id='word_1_369' title='bbox 2697 2153 2942 2220; x_wconf 86' lang='lat' dir='ltr'><strong>tertium;</strong></span> <span class='ocrx_word' id='word_1_370' title='bbox 2992 2152 3036 2207; x_wconf 90' lang='lat' dir='ltr'><strong>si</strong></span> <span class='ocrx_word' id='word_1_371' title='bbox 3086 2161 3267 2207; x_wconf 90' lang='lat' dir='ltr'><strong>autem</strong></span> <span class='ocrx_word' id='word_1_372' title='bbox 3316 2162 3412 2206; x_wconf 85' lang='lat' dir='ltr'><strong>aut</strong></span> 
     </span>
    </p>
   </div>
   <div class='ocr_carea' id='block_1_51' title="bbox 1821 2242 3411 2314">
    <p class='ocr_par' dir='ltr' id='par_1_51' title="bbox 1821 2242 3411 2314">
     <span class='ocr_line' id='line_1_51' title="bbox 1821 2242 3411 2314; baseline 0 -19"><span class='ocrx_word' id='word_1_373' title='bbox 1821 2252 2076 2313; x_wconf 85' lang='lat' dir='ltr'><strong>quartum</strong></span> <span class='ocrx_word' id='word_1_374' title='bbox 2126 2244 2314 2299; x_wconf 87' lang='lat' dir='ltr'><strong>venire</strong></span> <span class='ocrx_word' id='word_1_375' title='bbox 2368 2243 2796 2313; x_wconf 88' lang='lat' dir='ltr'><strong>contempserit,</strong></span> <span class='ocrx_word' id='word_1_376' title='bbox 2856 2244 3128 2313; x_wconf 80' lang='lat' dir='ltr'><strong>possessio</strong></span> <span class='ocrx_word' id='word_1_377' title='bbox 3175 2243 3293 2314; x_wconf 86' lang='lat' dir='ltr'><strong>ejus</strong></span> <span class='ocrx_word' id='word_1_378' title='bbox 3354 2242 3411 2295; x_wconf 93' lang='lat' dir='ltr'><strong>in</strong></span> 
     </span>
    </p>
   </div>
   <div class='ocr_carea' id='block_1_52' title="bbox 1822 2324 3411 2407">
    <p class='ocr_par' dir='ltr' id='par_1_52' title="bbox 1822 2324 3411 2407">
     <span class='ocr_line' id='line_1_52' title="bbox 1822 2324 3411 2407; baseline -0.004 -14"><span class='ocrx_word' id='word_1_379' title='bbox 1822 2337 2060 2393; x_wconf 88' lang='lat' dir='ltr'><strong>haunum</strong></span> <span class='ocrx_word' id='word_1_380' title='bbox 2093 2338 2363 2403; x_wconf 87' lang='lat' dir='ltr'><strong>mittatur,</strong></span> <span class='ocrx_word' id='word_1_381' title='bbox 2386 2337 2560 2393; x_wconf 91' lang='lat' dir='ltr'><strong>donec</strong></span> <span class='ocrx_word' id='word_1_382' title='bbox 2584 2336 2763 2390; x_wconf 86' lang='lat' dir='ltr'><strong>veniat</strong></span> <span class='ocrx_word' id='word_1_383' title='bbox 2807 2324 2877 2390; x_wconf 31' lang='lat' dir='ltr'><strong>et‘</strong></span> <span class='ocrx_word' id='word_1_384' title='bbox 2901 2336 2968 2389; x_wconf 88' lang='lat' dir='ltr'><strong>de</strong></span> <span class='ocrx_word' id='word_1_385' title='bbox 3008 2350 3066 2391; x_wconf 89' lang='lat' dir='ltr'><strong>rc</strong></span> <span class='ocrx_word' id='word_1_386' title='bbox 3109 2351 3212 2407; x_wconf 84' lang='lat' dir='ltr'><strong>qua</strong></span> <span class='ocrx_word' id='word_1_387' title='bbox 3246 2334 3411 2389; x_wconf 81' lang='lat' dir='ltr'><strong>inter-</strong></span> 
     </span>
    </p>
   </div>
   <div class='ocr_carea' id='block_1_53' title="bbox 1822 2427 3415 2501">
    <p class='ocr_par' dir='ltr' id='par_1_53' title="bbox 1822 2427 3415 2501">
     <span class='ocr_line' id='line_1_53' title="bbox 1822 2427 3415 2501; baseline -0.003 -17"><span class='ocrx_word' id='word_1_388' title='bbox 1822 2431 2054 2501; x_wconf 87' lang='lat' dir='ltr'><strong>peliatus</strong></span> <span class='ocrx_word' id='word_1_389' title='bbox 2078 2429 2254 2485; x_wconf 80' lang='lat' dir='ltr'><strong>fuerat</strong></span> <span class='ocrx_word' id='word_1_390' title='bbox 2275 2430 2539 2501; x_wconf 86' lang='lat' dir='ltr'><strong>justitiam</strong></span> <span class='ocrx_word' id='word_1_391' title='bbox 2569 2427 2753 2486; x_wconf 81' lang='lat' dir='ltr'><strong>faciat.</strong></span> <span class='ocrx_word' id='word_1_392' title='bbox 2797 2427 2863 2483; x_wconf 86' lang='lat' dir='ltr'><strong>Si</strong></span> <span class='ocrx_word' id='word_1_393' title='bbox 2885 2427 3023 2482; x_wconf 91' lang='lat' dir='ltr'><strong>infra</strong></span> <span class='ocrx_word' id='word_1_394' title='bbox 3066 2443 3265 2481; x_wconf 87' lang='lat' dir='ltr'><strong>annum</strong></span> <span class='ocrx_word' id='word_1_395' title='bbox 3297 2442 3415 2482; x_wconf 82' lang='lat' dir='ltr'><strong>non</strong></span> 
     </span>
    </p>
   </div>
   <div class='ocr_carea' id='block_1_54' title="bbox 1822 2521 3412 2595">
    <p class='ocr_par' dir='ltr' id='par_1_54' title="bbox 1822 2521 3412 2595">
     <span class='ocr_line' id='line_1_54' title="bbox 1822 2521 3412 2595; baseline -0.004 -16"><span class='ocrx_word' id='word_1_396' title='bbox 1822 2526 2057 2591; x_wconf 89' lang='lat' dir='ltr'><strong>venerit,</strong></span> <span class='ocrx_word' id='word_1_397' title='bbox 2089 2525 2156 2581; x_wconf 91' lang='lat' dir='ltr'><strong>de</strong></span> <span class='ocrx_word' id='word_1_398' title='bbox 2182 2526 2343 2580; x_wconf 87' lang='lat' dir='ltr'><strong>rebus</strong></span> <span class='ocrx_word' id='word_1_399' title='bbox 2367 2523 2486 2594; x_wconf 86' lang='lat' dir='ltr'><strong>ejus</strong></span> <span class='ocrx_word' id='word_1_400' title='bbox 2511 2537 2633 2595; x_wconf 65' lang='lat' dir='ltr'><strong>quae</strong></span> <span class='ocrx_word' id='word_1_401' title='bbox 2672 2522 2725 2576; x_wconf 90' lang='lat' dir='ltr'><strong>in</strong></span> <span class='ocrx_word' id='word_1_402' title='bbox 2787 2521 3024 2577; x_wconf 88' lang='lat' dir='ltr'><strong>bannum</strong></span> <span class='ocrx_word' id='word_1_403' title='bbox 3077 2521 3241 2576; x_wconf 89' lang='lat' dir='ltr'><strong>misse</strong></span> <span class='ocrx_word' id='word_1_404' title='bbox 3283 2531 3412 2574; x_wconf 85' lang='lat' dir='ltr'><strong>sunt</strong></span> 
     </span>
    </p>
   </div>
   <div class='ocr_carea' id='block_1_55' title="bbox 1821 2610 3406 2686">
    <p class='ocr_par' dir='ltr' id='par_1_55' title="bbox 1821 2610 3406 2686">
     <span class='ocr_line' id='line_1_55' title="bbox 1821 2610 3406 2686; baseline -0.006 -15"><span class='ocrx_word' id='word_1_405' title='bbox 1821 2630 1917 2671; x_wconf 83' lang='lat' dir='ltr'><strong>rex</strong></span> <span class='ocrx_word' id='word_1_406' title='bbox 1955 2616 2338 2686; x_wconf 89' lang='lat' dir='ltr'><strong>interrogetur,</strong></span> <span class='ocrx_word' id='word_1_407' title='bbox 2378 2623 2433 2668; x_wconf 92' lang='lat' dir='ltr'><strong>et</strong></span> <span class='ocrx_word' id='word_1_408' title='bbox 2472 2612 2725 2683; x_wconf 79' lang='lat' dir='ltr'><strong>quicquid</strong></span> <span class='ocrx_word' id='word_1_409' title='bbox 2757 2612 2880 2666; x_wconf 79' lang='lat' dir='ltr'><strong>inde</strong></span> <span class='ocrx_word' id='word_1_410' title='bbox 2918 2611 3242 2679; x_wconf 72' lang='lat' dir='ltr'><strong>iudicaverit</strong></span> <span class='ocrx_word' id='word_1_411' title='bbox 3291 2610 3406 2665; x_wconf 83' lang='lat' dir='ltr'><strong>fiat.</strong></span> 
     </span>
    </p>
   </div>
   <div class='ocr_carea' id='block_1_56' title="bbox 1822 2704 3412 2777">
    <p class='ocr_par' dir='ltr' id='par_1_56' title="bbox 1822 2704 3412 2777">
     <span class='ocr_line' id='line_1_56' title="bbox 1822 2704 3412 2777; baseline -0.003 -16"><span class='ocrx_word' id='word_1_412' title='bbox 1822 2705 2003 2761; x_wconf 87' lang='lat' dir='ltr'><strong>Prima</strong></span> <span class='ocrx_word' id='word_1_413' title='bbox 2040 2706 2339 2761; x_wconf 84' lang='lat' dir='ltr'><strong>admonitio</strong></span> <span class='ocrx_word' id='word_1_414' title='bbox 2368 2720 2530 2777; x_wconf 88' lang='lat' dir='ltr'><strong>super</strong></span> <span class='ocrx_word' id='word_1_415' title='bbox 2553 2712 2740 2760; x_wconf 89' lang='lat' dir='ltr'><strong>noctes</strong></span> <span class='ocrx_word' id='word_1_416' title='bbox 2762 2705 2816 2770; x_wconf 87' lang='lat'><strong>7,</strong></span> <span class='ocrx_word' id='word_1_417' title='bbox 2854 2704 3090 2759; x_wconf 88' lang='lat' dir='ltr'><strong>secunda</strong></span> <span class='ocrx_word' id='word_1_418' title='bbox 3121 2719 3283 2774; x_wconf 84' lang='lat' dir='ltr'><strong>super</strong></span> <span class='ocrx_word' id='word_1_419' title='bbox 3313 2720 3412 2757; x_wconf 82' lang='lat' dir='ltr'><strong>no-</strong></span> 
     </span>
    </p>
   </div>
   <div class='ocr_carea' id='block_1_57' title="bbox 1824 2799 3417 2872">
    <p class='ocr_par' dir='ltr' id='par_1_57' title="bbox 1824 2799 3417 2872">
     <span class='ocr_line' id='line_1_57' title="bbox 1824 2799 3417 2872; baseline -0.003 -17"><span class='ocrx_word' id='word_1_420' title='bbox 1824 2808 1934 2856; x_wconf 88' lang='lat' dir='ltr'><strong>ctes</strong></span> <span class='ocrx_word' id='word_1_421' title='bbox 1967 2800 2054 2866; x_wconf 77' lang='grc'>11,</span> <span class='ocrx_word' id='word_1_422' title='bbox 2087 2800 2247 2855; x_wconf 86' lang='lat' dir='ltr'><strong>tertia</strong></span> <span class='ocrx_word' id='word_1_423' title='bbox 2276 2816 2440 2872; x_wconf 87' lang='lat' dir='ltr'><strong>super</strong></span> <span class='ocrx_word' id='word_1_424' title='bbox 2470 2808 2655 2855; x_wconf 92' lang='lat' dir='ltr'><strong>noctes</strong></span> <span class='ocrx_word' id='word_1_425' title='bbox 2687 2799 2775 2862; x_wconf 71' lang='lat'><strong>2|,</strong></span> <span class='ocrx_word' id='word_1_426' title='bbox 2803 2810 2998 2870; x_wconf 89' lang='lat' dir='ltr'><strong>quarta</strong></span> <span class='ocrx_word' id='word_1_427' title='bbox 3027 2815 3191 2870; x_wconf 88' lang='lat' dir='ltr'><strong>super</strong></span> <span class='ocrx_word' id='word_1_428' title='bbox 3221 2809 3417 2855; x_wconf 79' lang='lat' dir='ltr'><strong>noctes</strong></span> 
     </span>
    </p>
   </div>
   <div class='ocr_carea' id='block_1_58' title="bbox 1820 2882 3411 2959">
    <p class='ocr_par' dir='ltr' id='par_1_58' title="bbox 1820 2882 3411 2959">
     <span class='ocr_line' id='line_1_58' title="bbox 1820 2882 3411 2959; baseline -0.001 -12"><span class='ocrx_word' id='word_1_429' title='bbox 1820 2893 1910 2947; x_wconf 72' lang='grc'><strong>42.</strong></span> <span class='ocrx_word' id='word_1_430' title='bbox 1945 2892 2207 2948; x_wconf 90' lang='lat' dir='ltr'><strong>Similiter</strong></span> <span class='ocrx_word' id='word_1_431' title='bbox 2225 2893 2369 2948; x_wconf 89' lang='lat' dir='ltr'><strong>etde</strong></span> <span class='ocrx_word' id='word_1_432' title='bbox 2406 2882 2672 2948; x_wconf 83' lang='lat' dir='ltr'><strong>beneficio</strong></span> <span class='ocrx_word' id='word_1_433' title='bbox 2727 2894 2984 2959; x_wconf 84' lang='lat' dir='ltr'><strong>hominis,</strong></span> <span class='ocrx_word' id='word_1_434' title='bbox 3038 2895 3083 2949; x_wconf 90' lang='lat' dir='ltr'><strong>si</strong></span> <span class='ocrx_word' id='word_1_435' title='bbox 3135 2892 3279 2949; x_wconf 89' lang='lat' dir='ltr'><strong>forse</strong></span> <span class='ocrx_word' id='word_1_436' title='bbox 3321 2910 3411 2949; x_wconf 87' lang='lat' dir='ltr'><strong>res</strong></span> 
     </span>
    </p>
   </div>
   <div class='ocr_carea' id='block_1_59' title="bbox 1819 2984 3479 3058">
    <p class='ocr_par' dir='ltr' id='par_1_59' title="bbox 1819 2984 3479 3058">
     <span class='ocr_line' id='line_1_59' title="bbox 1819 2984 3479 3058; baseline 0.001 -21"><span class='ocrx_word' id='word_1_437' title='bbox 1819 2986 2069 3058; x_wconf 82' lang='lat' dir='ltr'><strong>proprias</strong></span> <span class='ocrx_word' id='word_1_438' title='bbox 2096 3000 2205 3040; x_wconf 88' lang='lat' dir='ltr'><strong>non</strong></span> <span class='ocrx_word' id='word_1_439' title='bbox 2234 2984 2504 3050; x_wconf 81' lang='lat' dir='ltr'><strong>habuerit,</strong></span> <span class='ocrx_word' id='word_1_440' title='bbox 2539 2984 2787 3039; x_wconf 87' lang='lat' dir='ltr'><strong>mittatur</strong></span> <span class='ocrx_word' id='word_1_441' title='bbox 2811 2985 2864 3039; x_wconf 90' lang='lat' dir='ltr'><strong>in</strong></span> <span class='ocrx_word' id='word_1_442' title='bbox 2904 2984 3142 3039; x_wconf 88' lang='lat' dir='ltr'><strong>bannutn</strong></span> <span class='ocrx_word' id='word_1_443' title='bbox 3166 3024 3181 3049; x_wconf 91' lang='lat'><strong>,</strong></span> <span class='ocrx_word' id='word_1_444' title='bbox 3239 3000 3411 3054; x_wconf 88' lang='lat' dir='ltr'><strong>usque</strong></span> <span class='ocrx_word' id='word_1_445' title='bbox 3470 3017 3479 3027; x_wconf 67' lang='grc' dir='ltr'><em>α</em></span> 
     </span>
    </p>
   </div>
   <div class='ocr_carea' id='block_1_60' title="bbox 1820 3060 3409 3147">
    <p class='ocr_par' dir='ltr' id='par_1_60' title="bbox 1820 3060 3409 3147">
     <span class='ocr_line' id='line_1_60' title="bbox 1820 3060 3409 3147; baseline -0.003 -16"><span class='ocrx_word' id='word_1_446' title='bbox 1820 3077 1946 3132; x_wconf 85' lang='lat' dir='ltr'><strong>dum</strong></span> <span class='ocrx_word' id='word_1_447' title='bbox 1999 3091 2095 3132; x_wconf 89' lang='lat' dir='ltr'><strong>rex</strong></span> <span class='ocrx_word' id='word_1_448' title='bbox 2149 3076 2534 3147; x_wconf 87' lang='lat' dir='ltr'><strong>interrogetur.</strong></span> <span class='ocrx_word' id='word_1_449' title='bbox 2592 3074 2653 3130; x_wconf 86' lang='lat' dir='ltr'><strong>Si</strong></span> <span class='ocrx_word' id='word_1_450' title='bbox 2699 3083 2890 3129; x_wconf 88' lang='lat' dir='ltr'><strong>auctor</strong></span> <span class='ocrx_word' id='word_1_451' title='bbox 2946 3060 3156 3128; x_wconf 86' lang='lat' dir='ltr'><strong>venerit</strong></span> <span class='ocrx_word' id='word_1_452' title='bbox 3207 3082 3260 3127; x_wconf 90' lang='lat' dir='ltr'><strong>et</strong></span> <span class='ocrx_word' id='word_1_453' title='bbox 3295 3089 3409 3128; x_wconf 79' lang='lat' dir='ltr'><strong>rem</strong></span> 
     </span>
    </p>
   </div>
   <div class='ocr_carea' id='block_1_61' title="bbox 1821 3165 3415 3249">
    <p class='ocr_par' dir='ltr' id='par_1_61' title="bbox 1821 3165 3415 3249">
     <span class='ocr_line' id='line_1_61' title="bbox 1821 3165 3415 3249; baseline -0.003 -25"><span class='ocrx_word' id='word_1_454' title='bbox 1821 3169 2156 3227; x_wconf 89' lang='lat' dir='ltr'><strong>intertiatam</strong></span> <span class='ocrx_word' id='word_1_455' title='bbox 2207 3168 2451 3241; x_wconf 87' lang='lat' dir='ltr'><strong>recipere</strong></span> <span class='ocrx_word' id='word_1_456' title='bbox 2497 3167 2757 3235; x_wconf 88' lang='lat' dir='ltr'><strong>noluerit,</strong></span> <span class='ocrx_word' id='word_1_457' title='bbox 2811 3168 2869 3223; x_wconf 86' lang='lat' dir='ltr'><strong>in</strong></span> <span class='ocrx_word' id='word_1_458' title='bbox 2915 3182 3108 3249; x_wconf 84' lang='lat' dir='ltr'><strong>campo</strong></span> <span class='ocrx_word' id='word_1_459' title='bbox 3136 3165 3221 3222; x_wconf 85' lang='lat' dir='ltr'><strong>vel</strong></span> <span class='ocrx_word' id='word_1_460' title='bbox 3247 3181 3415 3222; x_wconf 87' lang='lat' dir='ltr'><strong>cruce</strong></span> 
     </span>
    </p>
   </div>
   <div class='ocr_carea' id='block_1_62' title="bbox 153 3233 2179 3333">
    <p class='ocr_par' dir='ltr' id='par_1_62' title="bbox 153 3233 2179 3333">
     <span class='ocr_line' id='line_1_62' title="bbox 153 3233 2179 3333; baseline 0.007 -31"><span class='ocrx_word' id='word_1_461' title='bbox 153 3247 260 3307; x_wconf 85' lang='lat' dir='ltr'><strong>lium</strong></span> <span class='ocrx_word' id='word_1_462' title='bbox 286 3254 363 3312; x_wconf 88' lang='lat' dir='ltr'><strong>vel</strong></span> <span class='ocrx_word' id='word_1_463' title='bbox 395 3256 449 3312; x_wconf 90' lang='lat' dir='ltr'><strong>in</strong></span> <span class='ocrx_word' id='word_1_464' title='bbox 480 3257 612 3312; x_wconf 89' lang='lat' dir='ltr'><strong>aliis</strong></span> <span class='ocrx_word' id='word_1_465' title='bbox 642 3258 805 3314; x_wconf 91' lang='lat' dir='ltr'><strong>rebus</strong></span> <span class='ocrx_word' id='word_1_466' title='bbox 844 3260 1040 3317; x_wconf 91' lang='lat' dir='ltr'><strong>sortire</strong></span> <span class='ocrx_word' id='word_1_467' title='bbox 1070 3270 1442 3333; x_wconf 74' lang='lat' dir='ltr'><strong>prmsuiumat,</strong></span> <span class='ocrx_word' id='word_1_468' title='bbox 1485 3277 1587 3318; x_wconf 92' lang='lat' dir='ltr'><strong>nec</strong></span> <span class='ocrx_word' id='word_1_469' title='bbox 1623 3233 1719 3318; x_wconf 67' lang='lat' dir='ltr'><strong>di-</strong></span> <span class='ocrx_word' id='word_1_470' title='bbox 1746 3233 1790 3297; x_wconf 65' lang='grc' dir='ltr'>ο</span> <span class='ocrx_word' id='word_1_471' title='bbox 1824 3259 2179 3320; x_wconf 82' lang='lat' dir='ltr'><strong>contendant.</strong></span> 
     </span>
    </p>
   </div>
   <div class='ocr_carea' id='block_1_63' title="bbox 153 3343 1043 3418">
    <p class='ocr_par' dir='ltr' id='par_1_63' title="bbox 153 3343 1043 3418">
     <span class='ocr_line' id='line_1_63' title="bbox 153 3343 1043 3418; baseline 0.013 -24"><span class='ocrx_word' id='word_1_472' title='bbox 153 3343 425 3405; x_wconf 84' lang='lat' dir='ltr'><strong>vinationes</strong></span> <span class='ocrx_word' id='word_1_473' title='bbox 480 3349 705 3418; x_wconf 75' lang='lat' dir='ltr'><strong>aliquas</strong></span> <span class='ocrx_word' id='word_1_474' title='bbox 732 3350 1043 3407; x_wconf 84' lang='lat' dir='ltr'><strong>observare.</strong></span> 
     </span>
    </p>
   </div>
   <div class='ocr_carea' id='block_1_64' title="bbox 208 3436 1722 3513">
    <p class='ocr_par' dir='ltr' id='par_1_64' title="bbox 208 3436 1722 3513">
     <span class='ocr_line' id='line_1_64' title="bbox 208 3436 1722 3513; baseline 0.008 -22"><span class='ocrx_word' id='word_1_475' title='bbox 208 3436 253 3491; x_wconf 69' lang='grc' dir='ltr'>τί</span> <span class='ocrx_word' id='word_1_476' title='bbox 289 3438 527 3497; x_wconf 91' lang='lat' dir='ltr'><strong>Omnino</strong></span> <span class='ocrx_word' id='word_1_477' title='bbox 556 3441 705 3512; x_wconf 74' lang='grc'>(104)</span> <span class='ocrx_word' id='word_1_478' title='bbox 736 3442 1130 3513; x_wconf 87' lang='lat' dir='ltr'><strong>prohibendum</strong></span> <span class='ocrx_word' id='word_1_479' title='bbox 1157 3452 1241 3499; x_wconf 90' lang='lat' dir='ltr'><strong>est</strong></span> <span class='ocrx_word' id='word_1_480' title='bbox 1264 3445 1517 3501; x_wconf 83' lang='lat' dir='ltr'><strong>omnibus</strong></span> <span class='ocrx_word' id='word_1_481' title='bbox 1540 3445 1722 3503; x_wconf 85' lang='lat' dir='ltr'><strong>ebrie-</strong></span> 
     </span>
    </p>
   </div>
   <div class='ocr_carea' id='block_1_65' title="bbox 155 3528 1722 3606">
    <p class='ocr_par' dir='ltr' id='par_1_65' title="bbox 155 3528 1722 3606">
     <span class='ocr_line' id='line_1_65' title="bbox 155 3528 1722 3606; baseline 0.008 -27"><span class='ocrx_word' id='word_1_482' title='bbox 155 3528 257 3584; x_wconf 86' lang='lat' dir='ltr'><strong>tatis</strong></span> <span class='ocrx_word' id='word_1_483' title='bbox 283 3531 502 3600; x_wconf 80' lang='lat' dir='ltr'><strong>malum,</strong></span> <span class='ocrx_word' id='word_1_484' title='bbox 555 3540 611 3588; x_wconf 92' lang='lat' dir='ltr'><strong>et</strong></span> <span class='ocrx_word' id='word_1_485' title='bbox 649 3534 741 3604; x_wconf 88' lang='lat' dir='ltr'><strong>qui</strong></span> <span class='ocrx_word' id='word_1_486' title='bbox 782 3534 884 3589; x_wconf 87' lang='lat' dir='ltr'><strong>ista</strong></span> <span class='ocrx_word' id='word_1_487' title='bbox 925 3534 1327 3605; x_wconf 81' lang='lat' dir='ltr'><strong>coniurationes</strong></span> <span class='ocrx_word' id='word_1_488' title='bbox 1376 3536 1584 3591; x_wconf 89' lang='lat' dir='ltr'><strong>faciunt</strong></span> <span class='ocrx_word' id='word_1_489' title='bbox 1624 3552 1722 3606; x_wconf 89' lang='lat' dir='ltr'><strong>per</strong></span> 
     </span>
    </p>
   </div>
   <div class='ocr_carea' id='block_1_66' title="bbox 156 3622 1718 3698">
    <p class='ocr_par' dir='ltr' id='par_1_66' title="bbox 156 3622 1718 3698">
     <span class='ocr_line' id='line_1_66' title="bbox 156 3622 1718 3698; baseline 0.006 -23"><span class='ocrx_word' id='word_1_490' title='bbox 156 3629 367 3678; x_wconf 73' lang='lat' dir='ltr'><strong>sanetum</strong></span> <span class='ocrx_word' id='word_1_491' title='bbox 391 3622 738 3694; x_wconf 84' lang='lat' dir='ltr'><strong>Stephanum</strong></span> <span class='ocrx_word' id='word_1_492' title='bbox 780 3637 873 3680; x_wconf 90' lang='lat' dir='ltr'><strong>aut</strong></span> <span class='ocrx_word' id='word_1_493' title='bbox 914 3641 1012 3696; x_wconf 86' lang='lat' dir='ltr'><strong>per</strong></span> <span class='ocrx_word' id='word_1_494' title='bbox 1050 3643 1157 3683; x_wconf 88' lang='lat' dir='ltr'><strong>nos</strong></span> <span class='ocrx_word' id='word_1_495' title='bbox 1179 3637 1272 3682; x_wconf 91' lang='lat' dir='ltr'><strong>aut</strong></span> <span class='ocrx_word' id='word_1_496' title='bbox 1305 3642 1401 3698; x_wconf 84' lang='lat' dir='ltr'><strong>per</strong></span> <span class='ocrx_word' id='word_1_497' title='bbox 1431 3628 1569 3684; x_wconf 83' lang='lat' dir='ltr'><strong>lilios</strong></span> <span class='ocrx_word' id='word_1_498' title='bbox 1620 3644 1718 3685; x_wconf 85' lang='lat' dir='ltr'><strong>no-</strong></span> 
     </span>
    </p>
   </div>
   <div class='ocr_carea' id='block_1_67' title="bbox 156 3717 1719 3792">
    <p class='ocr_par' dir='ltr' id='par_1_67' title="bbox 156 3717 1719 3792">
     <span class='ocr_line' id='line_1_67' title="bbox 156 3717 1719 3792; baseline 0.008 -28"><span class='ocrx_word' id='word_1_499' title='bbox 156 3720 273 3769; x_wconf 79' lang='lat' dir='ltr'><strong>stros</strong></span> <span class='ocrx_word' id='word_1_500' title='bbox 297 3717 654 3786; x_wconf 81' lang='lat' dir='ltr'><strong>prohibemus</strong></span> <span class='ocrx_word' id='word_1_501' title='bbox 700 3725 756 3772; x_wconf 91' lang='lat' dir='ltr'><strong>et</strong></span> <span class='ocrx_word' id='word_1_502' title='bbox 782 3721 1127 3789; x_wconf 59' lang='lat' dir='ltr'><strong>praecipimus</strong></span> <span class='ocrx_word' id='word_1_503' title='bbox 1153 3720 1248 3787; x_wconf 76' lang='grc'><strong>⁷⁸⁸,</strong></span> <span class='ocrx_word' id='word_1_504' title='bbox 1277 3730 1337 3777; x_wconf 92' lang='lat' dir='ltr'><strong>ut</strong></span> <span class='ocrx_word' id='word_1_505' title='bbox 1362 3721 1599 3792; x_wconf 89' lang='lat' dir='ltr'><strong>episcopi</strong></span> <span class='ocrx_word' id='word_1_506' title='bbox 1635 3721 1719 3777; x_wconf 89' lang='lat' dir='ltr'><strong>vel</strong></span> 
     </span>
    </p>
   </div>
   <div class='ocr_carea' id='block_1_68' title="bbox 157 3801 1609 3880">
    <p class='ocr_par' dir='ltr' id='par_1_68' title="bbox 157 3801 1609 3880">
     <span class='ocr_line' id='line_1_68' title="bbox 157 3801 1609 3880; baseline 0.008 -25"><span class='ocrx_word' id='word_1_507' title='bbox 157 3801 348 3862; x_wconf 82' lang='lat' dir='ltr'><strong>abbates</strong></span> <span class='ocrx_word' id='word_1_508' title='bbox 376 3823 482 3865; x_wconf 89' lang='lat' dir='ltr'><strong>non</strong></span> <span class='ocrx_word' id='word_1_509' title='bbox 517 3806 716 3863; x_wconf 83' lang='lat' dir='ltr'><strong>vadant</strong></span> <span class='ocrx_word' id='word_1_510' title='bbox 743 3809 814 3841; x_wconf 71' lang='grc' dir='ltr'><strong>ἠ’</strong></span> <span class='ocrx_word' id='word_1_511' title='bbox 838 3824 936 3880; x_wconf 92' lang='lat' dir='ltr'><strong>per</strong></span> <span class='ocrx_word' id='word_1_512' title='bbox 962 3820 1124 3867; x_wconf 78' lang='lat' dir='ltr'><strong>&#39;caSas</strong></span> <span class='ocrx_word' id='word_1_513' title='bbox 1149 3811 1221 3843; x_wconf 82' lang='grc'><strong>⁷³⁸</strong></span> <span class='ocrx_word' id='word_1_514' title='bbox 1251 3811 1609 3867; x_wconf 88' lang='lat' dir='ltr'><strong>miscendum.</strong></span> 
     </span>
    </p>
   </div>
   <div class='ocr_carea' id='block_1_69' title="bbox 211 3891 1719 3971">
    <p class='ocr_par' dir='ltr' id='par_1_69' title="bbox 211 3891 1719 3971">
     <span class='ocr_line' id='line_1_69' title="bbox 211 3891 1719 3971; baseline 0.007 -25"><span class='ocrx_word' id='word_1_515' title='bbox 211 3891 425 3967; x_wconf 80' lang='lat' dir='ltr'><strong>8(l05).</strong></span> <span class='ocrx_word' id='word_1_516' title='bbox 459 3897 545 3952; x_wconf 90' lang='lat' dir='ltr'><strong>De</strong></span> <span class='ocrx_word' id='word_1_517' title='bbox 591 3912 659 3953; x_wconf 91' lang='lat' dir='ltr'><strong>eo</strong></span> <span class='ocrx_word' id='word_1_518' title='bbox 695 3898 839 3967; x_wconf 87' lang='lat' dir='ltr'><strong>quod</strong></span> <span class='ocrx_word' id='word_1_519' title='bbox 888 3899 1036 3954; x_wconf 86' lang='lat' dir='ltr'><strong>missi</strong></span> <span class='ocrx_word' id='word_1_520' title='bbox 1081 3899 1253 3955; x_wconf 89' lang='lat' dir='ltr'><strong>nostri</strong></span> <span class='ocrx_word' id='word_1_521' title='bbox 1302 3900 1574 3971; x_wconf 88' lang='lat' dir='ltr'><strong>provideri</strong></span> <span class='ocrx_word' id='word_1_522' title='bbox 1626 3901 1719 3956; x_wconf 75' lang='lat' dir='ltr'><strong>de-</strong></span> 
     </span>
    </p>
   </div>
   <div class='ocr_carea' id='block_1_70' title="bbox 160 3977 1718 4061">
    <p class='ocr_par' dir='ltr' id='par_1_70' title="bbox 160 3977 1718 4061">
     <span class='ocr_line' id='line_1_70' title="bbox 160 3977 1718 4061; baseline 0.007 -29"><span class='ocrx_word' id='word_1_523' title='bbox 160 3977 283 4048; x_wconf 89' lang='lat' dir='ltr'><strong>bent,</strong></span> <span class='ocrx_word' id='word_1_524' title='bbox 310 4001 373 4040; x_wconf 91' lang='lat' dir='ltr'><strong>ne</strong></span> <span class='ocrx_word' id='word_1_525' title='bbox 406 3987 555 4043; x_wconf 89' lang='lat' dir='ltr'><strong>forte</strong></span> <span class='ocrx_word' id='word_1_526' title='bbox 589 3986 819 4057; x_wconf 87' lang='lat' dir='ltr'><strong>alicujus</strong></span> <span class='ocrx_word' id='word_1_527' title='bbox 863 3987 1069 4044; x_wconf 89' lang='lat' dir='ltr'><strong>clamor</strong></span> <span class='ocrx_word' id='word_1_528' title='bbox 1103 4005 1268 4061; x_wconf 89' lang='lat' dir='ltr'><strong>super</strong></span> <span class='ocrx_word' id='word_1_529' title='bbox 1290 3990 1603 4061; x_wconf 91' lang='lat' dir='ltr'><strong>episcopum</strong></span> <span class='ocrx_word' id='word_1_530' title='bbox 1631 3989 1718 4045; x_wconf 88' lang='lat' dir='ltr'><strong>vel</strong></span> 
     </span>
    </p>
   </div>
   <div class='ocr_carea' id='block_1_71' title="bbox 162 4072 1721 4155">
    <p class='ocr_par' dir='ltr' id='par_1_71' title="bbox 162 4072 1721 4155">
     <span class='ocr_line' id='line_1_71' title="bbox 162 4072 1721 4155; baseline 0.012 -32"><span class='ocrx_word' id='word_1_531' title='bbox 162 4072 378 4132; x_wconf 81' lang='lat' dir='ltr'><strong>abbatem</strong></span> <span class='ocrx_word' id='word_1_532' title='bbox 396 4080 479 4134; x_wconf 92' lang='lat' dir='ltr'><strong>vel</strong></span> <span class='ocrx_word' id='word_1_533' title='bbox 511 4079 842 4136; x_wconf 86' lang='lat' dir='ltr'><strong>abbatissam</strong></span> <span class='ocrx_word' id='word_1_534' title='bbox 858 4081 940 4136; x_wconf 90' lang='lat' dir='ltr'><strong>vel</strong></span> <span class='ocrx_word' id='word_1_535' title='bbox 964 4084 1215 4139; x_wconf 87' lang='lat' dir='ltr'><strong>comitem</strong></span> <span class='ocrx_word' id='word_1_536' title='bbox 1240 4098 1333 4139; x_wconf 90' lang='lat' dir='ltr'><strong>seu</strong></span> <span class='ocrx_word' id='word_1_537' title='bbox 1356 4099 1520 4155; x_wconf 87' lang='lat' dir='ltr'><strong>super</strong></span> <span class='ocrx_word' id='word_1_538' title='bbox 1532 4083 1721 4154; x_wconf 79' lang='lat' dir='ltr'><strong>quale-</strong></span> 
     </span>
    </p>
   </div>
   <div class='ocr_carea' id='block_1_72' title="bbox 161 4172 1351 4243">
    <p class='ocr_par' dir='ltr' id='par_1_72' title="bbox 161 4172 1351 4243">
     <span class='ocr_line' id='line_1_72' title="bbox 161 4172 1351 4243; baseline 0.013 -27"><span class='ocrx_word' id='word_1_539' title='bbox 161 4178 358 4237; x_wconf 84' lang='lat' dir='ltr'><strong>cumque</strong></span> <span class='ocrx_word' id='word_1_540' title='bbox 381 4172 617 4243; x_wconf 88' lang='lat' dir='ltr'><strong>gradum</strong></span> <span class='ocrx_word' id='word_1_541' title='bbox 645 4173 737 4239; x_wconf 90' lang='lat' dir='ltr'><strong>sit,</strong></span> <span class='ocrx_word' id='word_1_542' title='bbox 766 4182 823 4229; x_wconf 90' lang='lat' dir='ltr'><strong>et</strong></span> <span class='ocrx_word' id='word_1_543' title='bbox 855 4175 1011 4230; x_wconf 88' lang='lat' dir='ltr'><strong>nobis</strong></span> <span class='ocrx_word' id='word_1_544' title='bbox 1038 4178 1351 4232; x_wconf 78' lang='lat' dir='ltr'><strong>renuntiare</strong></span> 
     </span>
    </p>
   </div>
   <div class='ocr_carea' id='block_1_73' title="bbox 212 4257 1720 4340">
    <p class='ocr_par' dir='ltr' id='par_1_73' title="bbox 212 4257 1720 4340">
     <span class='ocr_line' id='line_1_73' title="bbox 212 4257 1720 4340; baseline 0.006 -26"><span class='ocrx_word' id='word_1_545' title='bbox 212 4257 241 4314; x_wconf 91' lang='lat'><strong>9</strong></span> <span class='ocrx_word' id='word_1_546' title='bbox 273 4261 432 4334; x_wconf 79' lang='lat' dir='ltr'><strong>(l0ti).</strong></span> <span class='ocrx_word' id='word_1_547' title='bbox 468 4265 548 4320; x_wconf 87' lang='lat' dir='ltr'><strong>De</strong></span> <span class='ocrx_word' id='word_1_548' title='bbox 576 4268 920 4322; x_wconf 85' lang='lat' dir='ltr'><strong>monasteriis</strong></span> <span class='ocrx_word' id='word_1_549' title='bbox 968 4276 1024 4322; x_wconf 91' lang='lat' dir='ltr'><strong>et</strong></span> <span class='ocrx_word' id='word_1_550' title='bbox 1065 4268 1410 4325; x_wconf 85' lang='lat' dir='ltr'><strong>senodochiis</strong></span> <span class='ocrx_word' id='word_1_551' title='bbox 1461 4283 1583 4338; x_wconf 67' lang='lat' dir='ltr'><strong>quo:</strong></span> <span class='ocrx_word' id='word_1_552' title='bbox 1619 4283 1720 4340; x_wconf 81' lang='lat' dir='ltr'><strong>per</strong></span> 
     </span>
    </p>
   </div>
   <div class='ocr_carea' id='block_1_74' title="bbox 163 4344 1713 4428">
    <p class='ocr_par' dir='ltr' id='par_1_74' title="bbox 163 4344 1713 4428">
     <span class='ocr_line' id='line_1_74' title="bbox 163 4344 1713 4428; baseline 0.01 -31"><span class='ocrx_word' id='word_1_553' title='bbox 163 4344 378 4407; x_wconf 85' lang='lat' dir='ltr'><strong>diversos</strong></span> <span class='ocrx_word' id='word_1_554' title='bbox 420 4355 659 4410; x_wconf 90' lang='lat' dir='ltr'><strong>comites</strong></span> <span class='ocrx_word' id='word_1_555' title='bbox 697 4369 817 4411; x_wconf 88' lang='lat' dir='ltr'><strong>esse</strong></span> <span class='ocrx_word' id='word_1_556' title='bbox 862 4358 1138 4422; x_wconf 88' lang='lat' dir='ltr'><strong>videntur,</strong></span> <span class='ocrx_word' id='word_1_557' title='bbox 1182 4367 1241 4412; x_wconf 95' lang='lat' dir='ltr'><strong>ut</strong></span> <span class='ocrx_word' id='word_1_558' title='bbox 1280 4358 1555 4428; x_wconf 86' lang='lat' dir='ltr'><strong>regulares</strong></span> <span class='ocrx_word' id='word_1_559' title='bbox 1587 4360 1713 4423; x_wconf 89' lang='lat' dir='ltr'><strong>sint,</strong></span> 
     </span>
    </p>
   </div>
   <div class='ocr_carea' id='block_1_75' title="bbox 161 4441 1717 4519">
    <p class='ocr_par' dir='ltr' id='par_1_75' title="bbox 161 4441 1717 4519">
     <span class='ocr_line' id='line_1_75' title="bbox 161 4441 1717 4519; baseline 0.006 -25"><span class='ocrx_word' id='word_1_560' title='bbox 161 4445 206 4489; x_wconf 76' lang='lat' dir='ltr'><strong>et</strong></span> <span class='ocrx_word' id='word_1_561' title='bbox 227 4441 546 4514; x_wconf 81' lang='lat' dir='ltr'><strong>quicumque</strong></span> <span class='ocrx_word' id='word_1_562' title='bbox 596 4459 688 4502; x_wconf 85' lang='lat' dir='ltr'><strong>eas</strong></span> <span class='ocrx_word' id='word_1_563' title='bbox 737 4447 939 4502; x_wconf 89' lang='lat' dir='ltr'><strong>habere</strong></span> <span class='ocrx_word' id='word_1_564' title='bbox 968 4448 1217 4514; x_wconf 86' lang='lat' dir='ltr'><strong>voluerit,</strong></span> <span class='ocrx_word' id='word_1_565' title='bbox 1264 4463 1360 4519; x_wconf 90' lang='lat' dir='ltr'><strong>per</strong></span> <span class='ocrx_word' id='word_1_566' title='bbox 1397 4449 1717 4504; x_wconf 80' lang='lat' dir='ltr'><strong>beneﬁcium</strong></span> 
     </span>
    </p>
   </div>
   <div class='ocr_carea' id='block_1_76' title="bbox 161 4526 739 4608">
    <p class='ocr_par' dir='ltr' id='par_1_76' title="bbox 161 4526 739 4608">
     <span class='ocr_line' id='line_1_76' title="bbox 161 4526 739 4608; baseline 0.022 -28"><span class='ocrx_word' id='word_1_567' title='bbox 161 4526 314 4587; x_wconf 87' lang='lat' dir='ltr'><strong>domui</strong></span> <span class='ocrx_word' id='word_1_568' title='bbox 352 4538 498 4608; x_wconf 81' lang='lat' dir='ltr'><strong>regis</strong></span> <span class='ocrx_word' id='word_1_569' title='bbox 527 4537 739 4593; x_wconf 86' lang='lat' dir='ltr'><strong>habeat.</strong></span> 
     </span>
    </p>
   </div>
   <div class='ocr_carea' id='block_1_77' title="bbox 224 4624 1719 4704">
    <p class='ocr_par' dir='ltr' id='par_1_77' title="bbox 224 4624 1719 4704">
     <span class='ocr_line' id='line_1_77' title="bbox 224 4624 1719 4704; baseline 0.008 -25"><span class='ocrx_word' id='word_1_570' title='bbox 224 4624 298 4704; x_wconf 61' lang='grc' dir='ltr'><strong>ιθ.</strong></span> <span class='ocrx_word' id='word_1_571' title='bbox 325 4625 396 4683; x_wconf 88' lang='lat' dir='ltr'><strong>De</strong></span> <span class='ocrx_word' id='word_1_572' title='bbox 422 4629 755 4684; x_wconf 88' lang='lat' dir='ltr'><strong>aidionibus.</strong></span> <span class='ocrx_word' id='word_1_573' title='bbox 779 4629 1035 4686; x_wconf 78' lang='lat' dir='ltr'><strong>Aldiones</strong></span> <span class='ocrx_word' id='word_1_574' title='bbox 1066 4631 1338 4701; x_wconf 89' lang='lat' dir='ltr'><strong>publicum</strong></span> <span class='ocrx_word' id='word_1_575' title='bbox 1382 4634 1719 4704; x_wconf 88' lang='lat' dir='ltr'><strong>pertinentes</strong></span> 
     </span>
    </p>
   </div>
   <div class='ocr_carea' id='block_1_78' title="bbox 162 4710 1714 4796">
    <p class='ocr_par' dir='ltr' id='par_1_78' title="bbox 162 4710 1714 4796">
     <span class='ocr_line' id='line_1_78' title="bbox 162 4710 1714 4796; baseline 0.014 -33"><span class='ocrx_word' id='word_1_576' title='bbox 162 4710 372 4776; x_wconf 79' lang='lat' dir='ltr'><strong>aldiones</strong></span> <span class='ocrx_word' id='word_1_577' title='bbox 399 4720 758 4779; x_wconf 81' lang='lat' dir='ltr'><strong>velaldianes</strong></span> <span class='ocrx_word' id='word_1_578' title='bbox 783 4739 847 4779; x_wconf 90' lang='lat' dir='ltr'><strong>ea</strong></span> <span class='ocrx_word' id='word_1_579' title='bbox 869 4724 985 4796; x_wconf 84' lang='lat' dir='ltr'><strong>lege</strong></span> <span class='ocrx_word' id='word_1_580' title='bbox 1008 4726 1193 4780; x_wconf 86' lang='lat' dir='ltr'><strong>vivant</strong></span> <span class='ocrx_word' id='word_1_581' title='bbox 1226 4726 1280 4781; x_wconf 92' lang='lat' dir='ltr'><strong>in</strong></span> <span class='ocrx_word' id='word_1_582' title='bbox 1305 4726 1455 4782; x_wconf 87' lang='lat' dir='ltr'><strong>Italia</strong></span> <span class='ocrx_word' id='word_1_583' title='bbox 1491 4728 1546 4783; x_wconf 92' lang='lat' dir='ltr'><strong>in</strong></span> <span class='ocrx_word' id='word_1_584' title='bbox 1597 4744 1714 4784; x_wconf 87' lang='lat' dir='ltr'><strong>ser-</strong></span> 
     </span>
    </p>
   </div>
   <div class='ocr_carea' id='block_1_79' title="bbox 1895 3352 3415 3428">
    <p class='ocr_par' dir='ltr' id='par_1_79' title="bbox 1895 3352 3415 3428">
     <span class='ocr_line' id='line_1_79' title="bbox 1895 3352 3415 3428; baseline -0.002 -17"><span class='ocrx_word' id='word_1_585' title='bbox 1895 3355 1963 3411; x_wconf 75' lang='grc'>14</span> <span class='ocrx_word' id='word_1_586' title='bbox 1994 3354 2162 3428; x_wconf 88' lang='grc'>(111).</span> <span class='ocrx_word' id='word_1_587' title='bbox 2186 3353 2288 3421; x_wconf 83' lang='lat' dir='ltr'><strong>Qui</strong></span> <span class='ocrx_word' id='word_1_588' title='bbox 2317 3354 2455 3411; x_wconf 78' lang='lat' dir='ltr'><strong>filios</strong></span> <span class='ocrx_word' id='word_1_589' title='bbox 2496 3370 2602 3411; x_wconf 91' lang='lat' dir='ltr'><strong>non</strong></span> <span class='ocrx_word' id='word_1_590' title='bbox 2631 3354 2921 3421; x_wconf 89' lang='lat' dir='ltr'><strong>habuerit,</strong></span> <span class='ocrx_word' id='word_1_591' title='bbox 2950 3362 3006 3409; x_wconf 93' lang='lat' dir='ltr'><strong>et</strong></span> <span class='ocrx_word' id='word_1_592' title='bbox 3026 3352 3189 3408; x_wconf 90' lang='lat' dir='ltr'><strong>alium</strong></span> <span class='ocrx_word' id='word_1_593' title='bbox 3220 3367 3415 3423; x_wconf 88' lang='lat' dir='ltr'><strong>quem-</strong></span> 
     </span>
    </p>
   </div>
   <div class='ocr_carea' id='block_1_80' title="bbox 1823 3446 3411 3515">
    <p class='ocr_par' dir='ltr' id='par_1_80' title="bbox 1823 3446 3411 3515">
     <span class='ocr_line' id='line_1_80' title="bbox 1823 3446 3411 3515; baseline -0.001 -14"><span class='ocrx_word' id='word_1_594' title='bbox 1823 3447 1953 3503; x_wconf 85' lang='lat' dir='ltr'><strong>libet</strong></span> <span class='ocrx_word' id='word_1_595' title='bbox 1974 3448 2228 3502; x_wconf 89' lang='lat' dir='ltr'><strong>hercdcm</strong></span> <span class='ocrx_word' id='word_1_596' title='bbox 2257 3446 2358 3502; x_wconf 89' lang='lat' dir='ltr'><strong>sibi</strong></span> <span class='ocrx_word' id='word_1_597' title='bbox 2388 3446 2568 3500; x_wconf 81' lang='lat' dir='ltr'><strong>facere</strong></span> <span class='ocrx_word' id='word_1_598' title='bbox 2596 3446 2827 3502; x_wconf 89' lang='lat' dir='ltr'><strong>voluerit</strong></span> <span class='ocrx_word' id='word_1_599' title='bbox 2847 3446 2919 3476; x_wconf 79' lang='grc'><strong>⁷³⁸</strong></span> <span class='ocrx_word' id='word_1_600' title='bbox 2966 3460 3150 3500; x_wconf 90' lang='lat' dir='ltr'><strong>coram</strong></span> <span class='ocrx_word' id='word_1_601' title='bbox 3201 3460 3325 3515; x_wconf 85' lang='lat' dir='ltr'><strong>rege</strong></span> <span class='ocrx_word' id='word_1_602' title='bbox 3354 3454 3411 3499; x_wconf 90' lang='lat' dir='ltr'><strong>et</strong></span> 
     </span>
    </p>
   </div>
   <div class='ocr_carea' id='block_1_81' title="bbox 1822 3534 3407 3603">
    <p class='ocr_par' dir='ltr' id='par_1_81' title="bbox 1822 3534 3407 3603">
     <span class='ocr_line' id='line_1_81' title="bbox 1822 3534 3407 3603; baseline -0.004 -10"><span class='ocrx_word' id='word_1_603' title='bbox 1822 3553 2007 3594; x_wconf 89' lang='lat' dir='ltr'><strong>coram</strong></span> <span class='ocrx_word' id='word_1_604' title='bbox 2033 3537 2230 3592; x_wconf 90' lang='lat' dir='ltr'><strong>comite</strong></span> <span class='ocrx_word' id='word_1_605' title='bbox 2260 3546 2314 3591; x_wconf 90' lang='lat' dir='ltr'><strong>et</strong></span> <span class='ocrx_word' id='word_1_606' title='bbox 2366 3537 2603 3592; x_wconf 86' lang='lat' dir='ltr'><strong>scavinis</strong></span> <span class='ocrx_word' id='word_1_607' title='bbox 2640 3536 2721 3592; x_wconf 90' lang='lat' dir='ltr'><strong>vel</strong></span> <span class='ocrx_word' id='word_1_608' title='bbox 2769 3535 2951 3591; x_wconf 85' lang='lat' dir='ltr'><strong>missis</strong></span> <span class='ocrx_word' id='word_1_609' title='bbox 2980 3534 3267 3591; x_wconf 92' lang='lat' dir='ltr'><strong>dominicis</strong></span> <span class='ocrx_word' id='word_1_610' title='bbox 3313 3534 3407 3603; x_wconf 90' lang='lat' dir='ltr'><strong>qui</strong></span> 
     </span>
    </p>
   </div>
   <div class='ocr_carea' id='block_1_82' title="bbox 1825 3623 3404 3697">
    <p class='ocr_par' dir='ltr' id='par_1_82' title="bbox 1825 3623 3404 3697">
     <span class='ocr_line' id='line_1_82' title="bbox 1825 3623 3404 3697; baseline -0.003 -16"><span class='ocrx_word' id='word_1_611' title='bbox 1825 3634 1955 3681; x_wconf 90' lang='lat' dir='ltr'><strong>tunc</strong></span> <span class='ocrx_word' id='word_1_612' title='bbox 1977 3627 2043 3680; x_wconf 90' lang='lat' dir='ltr'><strong>ad</strong></span> <span class='ocrx_word' id='word_1_613' title='bbox 2066 3626 2309 3697; x_wconf 91' lang='lat' dir='ltr'><strong>justitias</strong></span> <span class='ocrx_word' id='word_1_614' title='bbox 2339 3625 2615 3682; x_wconf 87' lang='lat' dir='ltr'><strong>faciendas</strong></span> <span class='ocrx_word' id='word_1_615' title='bbox 2640 3625 2693 3680; x_wconf 92' lang='lat' dir='ltr'><strong>in</strong></span> <span class='ocrx_word' id='word_1_616' title='bbox 2724 3625 2814 3680; x_wconf 86' lang='lat' dir='ltr'><strong>illa</strong></span> <span class='ocrx_word' id='word_1_617' title='bbox 2841 3623 3120 3695; x_wconf 85' lang='lat' dir='ltr'><strong>provincia</strong></span> <span class='ocrx_word' id='word_1_618' title='bbox 3145 3624 3404 3690; x_wconf 87' lang='lat' dir='ltr'><strong>ordinati,</strong></span> 
     </span>
    </p>
   </div>
   <div class='ocr_carea' id='block_1_83' title="bbox 1824 3709 2339 3771">
    <p class='ocr_par' dir='ltr' id='par_1_83' title="bbox 1824 3709 2339 3771">
     <span class='ocr_line' id='line_1_83' title="bbox 1824 3709 2339 3771; baseline -0.006 0"><span class='ocrx_word' id='word_1_619' title='bbox 1824 3709 2114 3771; x_wconf 82' lang='lat' dir='ltr'><strong>traditione</strong></span> <span class='ocrx_word' id='word_1_620' title='bbox 2148 3714 2339 3770; x_wconf 82' lang='lat' dir='ltr'><strong>faciat.</strong></span> 
     </span>
    </p>
   </div>
   <div class='ocr_carea' id='block_1_84' title="bbox 1895 3804 3404 3878">
    <p class='ocr_par' dir='ltr' id='par_1_84' title="bbox 1895 3804 3404 3878">
     <span class='ocr_line' id='line_1_84' title="bbox 1895 3804 3404 3878; baseline -0.003 -17"><span class='ocrx_word' id='word_1_621' title='bbox 1895 3806 1963 3861; x_wconf 83' lang='grc'>15</span> <span class='ocrx_word' id='word_1_622' title='bbox 1991 3806 2160 3878; x_wconf 74' lang='grc'>(112).</span> <span class='ocrx_word' id='word_1_623' title='bbox 2218 3805 2394 3862; x_wconf 83' lang='lat' dir='ltr'><strong>Homo</strong></span> <span class='ocrx_word' id='word_1_624' title='bbox 2442 3805 2724 3861; x_wconf 86' lang='lat' dir='ltr'><strong>dinarialis</strong></span> <span class='ocrx_word' id='word_1_625' title='bbox 2763 3820 2877 3860; x_wconf 90' lang='lat' dir='ltr'><strong>non.</strong></span> <span class='ocrx_word' id='word_1_626' title='bbox 2919 3812 3080 3860; x_wconf 89' lang='lat' dir='ltr'><strong>antea</strong></span> <span class='ocrx_word' id='word_1_627' title='bbox 3134 3804 3188 3860; x_wconf 91' lang='lat' dir='ltr'><strong>in</strong></span> <span class='ocrx_word' id='word_1_628' title='bbox 3247 3819 3404 3859; x_wconf 89' lang='lat' dir='ltr'><strong>suam</strong></span> 
     </span>
    </p>
   </div>
   <div class='ocr_carea' id='block_1_85' title="bbox 1820 3898 3408 3972">
    <p class='ocr_par' dir='ltr' id='par_1_85' title="bbox 1820 3898 3408 3972">
     <span class='ocr_line' id='line_1_85' title="bbox 1820 3898 3408 3972; baseline -0.004 -18"><span class='ocrx_word' id='word_1_629' title='bbox 1820 3900 2151 3972; x_wconf 86' lang='lat' dir='ltr'><strong>agnitionem</strong></span> <span class='ocrx_word' id='word_1_630' title='bbox 2176 3900 2415 3971; x_wconf 85' lang='lat' dir='ltr'><strong>potuerit</strong></span> <span class='ocrx_word' id='word_1_631' title='bbox 2441 3914 2604 3969; x_wconf 89' lang='lat' dir='ltr'><strong>quam</strong></span> <span class='ocrx_word' id='word_1_632' title='bbox 2633 3914 2802 3969; x_wconf 83' lang='lat' dir='ltr'><strong>usque</strong></span> <span class='ocrx_word' id='word_1_633' title='bbox 2829 3899 2881 3954; x_wconf 93' lang='lat' dir='ltr'><strong>in</strong></span> <span class='ocrx_word' id='word_1_634' title='bbox 2920 3898 3134 3952; x_wconf 85' lang='lat' dir='ltr'><strong>tertiam</strong></span> <span class='ocrx_word' id='word_1_635' title='bbox 3175 3909 3408 3967; x_wconf 88' lang='lat' dir='ltr'><strong>genera-</strong></span> 
     </span>
    </p>
   </div>
   <div class='ocr_carea' id='block_1_86' title="bbox 1823 3986 3407 4063">
    <p class='ocr_par' dir='ltr' id='par_1_86' title="bbox 1823 3986 3407 4063">
     <span class='ocr_line' id='line_1_86' title="bbox 1823 3986 3407 4063; baseline -0.005 -15"><span class='ocrx_word' id='word_1_636' title='bbox 1823 3993 2026 4048; x_wconf 89' lang='lat' dir='ltr'><strong>tionem</strong></span> <span class='ocrx_word' id='word_1_637' title='bbox 2084 3991 2388 4063; x_wconf 87' lang='lat' dir='ltr'><strong>perveniat.</strong></span> <span class='ocrx_word' id='word_1_638' title='bbox 2443 3991 2618 4047; x_wconf 87' lang='lat' dir='ltr'><strong>llomo</strong></span> <span class='ocrx_word' id='word_1_639' title='bbox 2668 3988 2819 4063; x_wconf 79' lang='lat' dir='ltr'><strong>(H3)</strong></span> <span class='ocrx_word' id='word_1_640' title='bbox 2865 3987 3187 4045; x_wconf 89' lang='lat' dir='ltr'><strong>cartularius</strong></span> <span class='ocrx_word' id='word_1_641' title='bbox 3213 3986 3407 4042; x_wconf 88' lang='lat' dir='ltr'><strong>simili-</strong></span> 
     </span>
    </p>
   </div>
   <div class='ocr_carea' id='block_1_87' title="bbox 1822 4095 1924 4142">
    <p class='ocr_par' dir='ltr' id='par_1_87' title="bbox 1822 4095 1924 4142">
     <span class='ocr_line' id='line_1_87' title="bbox 1822 4095 1924 4142; baseline -0.02 0"><span class='ocrx_word' id='word_1_642' title='bbox 1822 4095 1924 4142; x_wconf 88' lang='lat' dir='ltr'><strong>ter.</strong></span> 
     </span>
    </p>
   </div>
   <div class='ocr_carea' id='block_1_88' title="bbox 1820 4168 3405 4249">
    <p class='ocr_par' dir='ltr' id='par_1_88' title="bbox 1820 4168 3405 4249">
     <span class='ocr_line' id='line_1_88' title="bbox 1820 4168 3405 4249; baseline -0.006 -16"><span class='ocrx_word' id='word_1_643' title='bbox 1820 4202 1835 4215; x_wconf 64' lang='grc' dir='ltr'><em>κ</em></span> <span class='ocrx_word' id='word_1_644' title='bbox 1893 4177 1983 4234; x_wconf 86' lang='grc'><strong>16.</strong></span> <span class='ocrx_word' id='word_1_645' title='bbox 2008 4175 2368 4249; x_wconf 70' lang='lat' dir='ltr'><strong>Omnis(ll4)</strong></span> <span class='ocrx_word' id='word_1_646' title='bbox 2398 4176 2468 4208; x_wconf 72' lang='lat'><strong>&quot;7</strong></span> <span class='ocrx_word' id='word_1_647' title='bbox 2502 4181 2902 4232; x_wconf 86' lang='lat' dir='ltr'><strong>sacramentum</strong></span> <span class='ocrx_word' id='word_1_648' title='bbox 2954 4172 3007 4228; x_wconf 94' lang='lat' dir='ltr'><strong>in</strong></span> <span class='ocrx_word' id='word_1_649' title='bbox 3048 4168 3261 4227; x_wconf 73' lang='lat' dir='ltr'><strong>melesia</strong></span> <span class='ocrx_word' id='word_1_650' title='bbox 3310 4176 3405 4224; x_wconf 87' lang='lat' dir='ltr'><strong>aut</strong></span> 
     </span>
    </p>
   </div>
   <div class='ocr_carea' id='block_1_89' title="bbox 1822 4261 3397 4341">
    <p class='ocr_par' dir='ltr' id='par_1_89' title="bbox 1822 4261 3397 4341">
     <span class='ocr_line' id='line_1_89' title="bbox 1822 4261 3397 4341; baseline -0.008 -15"><span class='ocrx_word' id='word_1_651' title='bbox 1822 4285 1986 4341; x_wconf 87' lang='lat' dir='ltr'><strong>super</strong></span> <span class='ocrx_word' id='word_1_652' title='bbox 2020 4269 2276 4340; x_wconf 82' lang='lat' dir='ltr'><strong>reliquias</strong></span> <span class='ocrx_word' id='word_1_653' title='bbox 2293 4267 2527 4337; x_wconf 76' lang='lat' dir='ltr'><strong>juretur,</strong></span> <span class='ocrx_word' id='word_1_654' title='bbox 2553 4276 2608 4323; x_wconf 91' lang='lat' dir='ltr'><strong>et</strong></span> <span class='ocrx_word' id='word_1_655' title='bbox 2636 4266 2778 4337; x_wconf 90' lang='lat' dir='ltr'><strong>quod</strong></span> <span class='ocrx_word' id='word_1_656' title='bbox 2803 4267 2854 4321; x_wconf 92' lang='lat' dir='ltr'><strong>in</strong></span> <span class='ocrx_word' id='word_1_657' title='bbox 2877 4263 3087 4320; x_wconf 66' lang='lat' dir='ltr'><strong>ecclesia</strong></span> <span class='ocrx_word' id='word_1_658' title='bbox 3106 4261 3397 4335; x_wconf 85' lang='lat' dir='ltr'><strong>jurandum</strong></span> 
     </span>
    </p>
   </div>
   <div class='ocr_carea' id='block_1_90' title="bbox 1819 4357 3513 4431">
    <p class='ocr_par' dir='ltr' id='par_1_90' title="bbox 1819 4357 3513 4431">
     <span class='ocr_line' id='line_1_90' title="bbox 1819 4357 3513 4431; baseline -0.006 -12"><span class='ocrx_word' id='word_1_659' title='bbox 1819 4374 1925 4429; x_wconf 91' lang='lat' dir='ltr'><strong>est,</strong></span> <span class='ocrx_word' id='word_1_660' title='bbox 1963 4362 2049 4419; x_wconf 88' lang='lat' dir='ltr'><strong>vel</strong></span> <span class='ocrx_word' id='word_1_661' title='bbox 2075 4379 2195 4419; x_wconf 92' lang='lat' dir='ltr'><strong>cum</strong></span> <span class='ocrx_word' id='word_1_662' title='bbox 2223 4378 2316 4417; x_wconf 89' lang='lat' dir='ltr'><strong>sex</strong></span> <span class='ocrx_word' id='word_1_663' title='bbox 2337 4370 2430 4416; x_wconf 88' lang='lat' dir='ltr'><strong>aut</strong></span> <span class='ocrx_word' id='word_1_664' title='bbox 2459 4378 2580 4417; x_wconf 90' lang='lat' dir='ltr'><strong>cum</strong></span> <span class='ocrx_word' id='word_1_665' title='bbox 2607 4362 2697 4427; x_wconf 73' lang='grc'><strong>12,</strong></span> <span class='ocrx_word' id='word_1_666' title='bbox 2724 4360 2802 4416; x_wconf 90' lang='lat' dir='ltr'><strong>sic</strong></span> <span class='ocrx_word' id='word_1_667' title='bbox 2828 4372 2949 4413; x_wconf 88' lang='lat' dir='ltr'><strong>esse</strong></span> <span class='ocrx_word' id='word_1_668' title='bbox 2975 4357 3191 4421; x_wconf 90' lang='lat' dir='ltr'><strong>debent,</strong></span> <span class='ocrx_word' id='word_1_669' title='bbox 3220 4358 3409 4425; x_wconf 88' lang='lat' dir='ltr'><strong>quales</strong></span> <span class='ocrx_word' id='word_1_670' title='bbox 3506 4424 3513 4431; x_wconf 20' lang='grc' dir='ltr'><em>κ</em></span> 
     </span>
    </p>
   </div>
   <div class='ocr_carea' id='block_1_91' title="bbox 1821 4448 3405 4525">
    <p class='ocr_par' dir='ltr' id='par_1_91' title="bbox 1821 4448 3405 4525">
     <span class='ocr_line' id='line_1_91' title="bbox 1821 4448 3405 4525; baseline -0.005 -15"><span class='ocrx_word' id='word_1_671' title='bbox 1821 4466 1877 4510; x_wconf 91' lang='lat' dir='ltr'><strong>et</strong></span> <span class='ocrx_word' id='word_1_672' title='bbox 1913 4456 2151 4524; x_wconf 87' lang='lat' dir='ltr'><strong>potuerit</strong></span> <span class='ocrx_word' id='word_1_673' title='bbox 2174 4453 2384 4525; x_wconf 84' lang='lat' dir='ltr'><strong>legibus</strong></span> <span class='ocrx_word' id='word_1_674' title='bbox 2418 4455 2679 4519; x_wconf 85' lang='lat' dir='ltr'><strong>invenire,</strong></span> <span class='ocrx_word' id='word_1_675' title='bbox 2728 4462 2783 4508; x_wconf 91' lang='lat' dir='ltr'><strong>et</strong></span> <span class='ocrx_word' id='word_1_676' title='bbox 2829 4452 2907 4507; x_wconf 89' lang='lat' dir='ltr'><strong>sic</strong></span> <span class='ocrx_word' id='word_1_677' title='bbox 2955 4450 3126 4520; x_wconf 88' lang='lat' dir='ltr'><strong>juret,</strong></span> <span class='ocrx_word' id='word_1_678' title='bbox 3173 4449 3216 4505; x_wconf 91' lang='lat' dir='ltr'><strong>si</strong></span> <span class='ocrx_word' id='word_1_679' title='bbox 3257 4448 3405 4503; x_wconf 90' lang='lat' dir='ltr'><strong>illum</strong></span> 
     </span>
    </p>
   </div>
   <div class='ocr_carea' id='block_1_92' title="bbox 1824 4543 3404 4617">
    <p class='ocr_par' dir='ltr' id='par_1_92' title="bbox 1824 4543 3404 4617">
     <span class='ocr_line' id='line_1_92' title="bbox 1824 4543 3404 4617; baseline -0.004 -16"><span class='ocrx_word' id='word_1_680' title='bbox 1824 4547 1966 4601; x_wconf 87' lang='lat' dir='ltr'><strong>Deus</strong></span> <span class='ocrx_word' id='word_1_681' title='bbox 1994 4547 2207 4617; x_wconf 83' lang='lat' dir='ltr'><strong>adjuvet</strong></span> <span class='ocrx_word' id='word_1_682' title='bbox 2236 4555 2292 4601; x_wconf 92' lang='lat' dir='ltr'><strong>et</strong></span> <span class='ocrx_word' id='word_1_683' title='bbox 2326 4544 2398 4600; x_wconf 86' lang='lat' dir='ltr'><strong>illi</strong></span> <span class='ocrx_word' id='word_1_684' title='bbox 2422 4547 2593 4602; x_wconf 89' lang='lat' dir='ltr'><strong>sancti</strong></span> <span class='ocrx_word' id='word_1_685' title='bbox 2624 4560 2852 4616; x_wconf 90' lang='lat' dir='ltr'><strong>quorum</strong></span> <span class='ocrx_word' id='word_1_686' title='bbox 2884 4545 2987 4600; x_wconf 90' lang='lat' dir='ltr'><strong>iste</strong></span> <span class='ocrx_word' id='word_1_687' title='bbox 3019 4543 3242 4613; x_wconf 90' lang='lat' dir='ltr'><strong>reliquie</strong></span> <span class='ocrx_word' id='word_1_688' title='bbox 3257 4549 3404 4606; x_wconf 87' lang='lat' dir='ltr'><strong>sunt,</strong></span> 
     </span>
    </p>
   </div>
   <div class='ocr_carea' id='block_1_93' title="bbox 1827 4639 2384 4695">
    <p class='ocr_par' dir='ltr' id='par_1_93' title="bbox 1827 4639 2384 4695">
     <span class='ocr_line' id='line_1_93' title="bbox 1827 4639 2384 4695; baseline -0.004 -1"><span class='ocrx_word' id='word_1_689' title='bbox 1827 4649 1885 4694; x_wconf 93' lang='lat' dir='ltr'><strong>ut</strong></span> <span class='ocrx_word' id='word_1_690' title='bbox 1913 4641 2198 4695; x_wconf 89' lang='lat' dir='ltr'><strong>veritatem</strong></span> <span class='ocrx_word' id='word_1_691' title='bbox 2221 4639 2384 4694; x_wconf 87' lang='lat' dir='ltr'><strong>dicat.</strong></span> 
     </span>
    </p>
   </div>
   <div class='ocr_carea' id='block_1_94' title="bbox 1892 4725 3396 4803">
    <p class='ocr_par' dir='ltr' id='par_1_94' title="bbox 1892 4725 3396 4803">
     <span class='ocr_line' id='line_1_94' title="bbox 1892 4725 3396 4803; baseline -0.005 -18"><span class='ocrx_word' id='word_1_692' title='bbox 1892 4729 1959 4785; x_wconf 85' lang='grc'>16</span> <span class='ocrx_word' id='word_1_693' title='bbox 1991 4728 2157 4803; x_wconf 62' lang='grc'>(115).</span> <span class='ocrx_word' id='word_1_694' title='bbox 2181 4726 2238 4784; x_wconf 90' lang='lat' dir='ltr'><strong>Si</strong></span> <span class='ocrx_word' id='word_1_695' title='bbox 2263 4744 2348 4784; x_wconf 89' lang='lat' dir='ltr'><strong>res</strong></span> <span class='ocrx_word' id='word_1_696' title='bbox 2377 4729 2646 4785; x_wconf 90' lang='lat' dir='ltr'><strong>intertiata</strong></span> <span class='ocrx_word' id='word_1_697' title='bbox 2670 4727 2811 4784; x_wconf 91' lang='lat' dir='ltr'><strong>furto</strong></span> <span class='ocrx_word' id='word_1_698' title='bbox 2836 4727 3011 4784; x_wconf 90' lang='lat' dir='ltr'><strong>ablata</strong></span> <span class='ocrx_word' id='word_1_699' title='bbox 3040 4725 3396 4793; x_wconf 82' lang='lat' dir='ltr'><strong>fuerit,liceat</strong></span> 
     </span>
    </p>
   </div>
   <div class='ocr_carea' id='block_1_95' title="bbox 1403 4839 2083 4899">
    <p class='ocr_par' dir='ltr' id='par_1_95' title="bbox 1403 4839 2083 4899">
     <span class='ocr_line' id='line_1_95' title="bbox 1403 4839 2083 4899; baseline 0.001 -4"><span class='ocrx_word' id='word_1_700' title='bbox 1403 4839 1637 4895; x_wconf 71' lang='lat' dir='ltr'><strong>VARUE</strong></span> <span class='ocrx_word' id='word_1_701' title='bbox 1679 4840 2083 4899; x_wconf 83' lang='lat' dir='ltr'><strong>LECTIONES.</strong></span> 
     </span>
    </p>
   </div>
   <div class='ocr_carea' id='block_1_96' title="bbox 218 4941 325 4976">
    <p class='ocr_par' dir='ltr' id='par_1_96' title="bbox 218 4941 325 4976">
     <span class='ocr_line' id='line_1_96' title="bbox 218 4941 325 4976; baseline 0.037 -4"><span class='ocrx_word' id='word_1_702' title='bbox 218 4941 281 4976; x_wconf 70' lang='grc'>710</span> <span class='ocrx_word' id='word_1_703' title='bbox 310 4944 325 4976; x_wconf 68' lang='grc' dir='ltr'><strong>ξ</strong></span> 
     </span>
    </p>
   </div>
   <div class='ocr_carea' id='block_1_97' title="bbox 164 4963 1050 5087">
    <p class='ocr_par' dir='ltr' id='par_1_97' title="bbox 164 4963 1050 5087">
     <span class='ocr_line' id='line_1_97' title="bbox 223 4963 987 5015; baseline 0.01 -19"><span class='ocrx_word' id='word_1_704' title='bbox 305 4963 468 5015; x_wconf 77' lang='lat' dir='ltr'><strong>justia</strong></span> <span class='ocrx_word' id='word_1_705' title='bbox 494 4963 838 5005; x_wconf 87' lang='lat' dir='ltr'><strong>ammoncnte</strong></span> <span class='ocrx_word' id='word_1_706' title='bbox 872 4963 987 5004; x_wconf 83' lang='lat' dir='ltr'><strong>cod.</strong></span> 
     </span>
     <span class='ocr_line' id='line_1_98' title="bbox 164 5007 1050 5087; baseline 0.011 -22"><span class='ocrx_word' id='word_1_707' title='bbox 164 5007 387 5087; x_wconf 59' lang='lat' dir='ltr'><strong>doctores</strong></span> <span class='ocrx_word' id='word_1_708' title='bbox 413 5034 464 5073; x_wconf 88' lang='lat' dir='ltr'><strong>c.</strong></span> <span class='ocrx_word' id='word_1_709' title='bbox 540 5019 612 5051; x_wconf 75' lang='grc'><strong>¹¹⁶</strong></span> <span class='ocrx_word' id='word_1_710' title='bbox 636 5020 745 5087; x_wconf 82' lang='lat' dir='ltr'><strong>lege</strong></span> <span class='ocrx_word' id='word_1_711' title='bbox 776 5030 1050 5076; x_wconf 82' lang='lat' dir='ltr'><strong>excurrat.</strong></span> 
     </span>
    </p>
   </div>
   <div class='ocr_carea' id='block_1_98' title="bbox 332 4948 3403 5027">
    <p class='ocr_par' dir='ltr' id='par_1_98' title="bbox 332 4948 3403 5027">
     <span class='ocr_line' id='line_1_99' title="bbox 332 4948 3403 5027; baseline 0.005 -29"><span class='ocrx_word' id='word_1_712' title='bbox 332 4948 468 5001; x_wconf 91' lang='lat' dir='ltr'><strong>ustia</strong></span> <span class='ocrx_word' id='word_1_713' title='bbox 494 4958 838 5027; x_wconf 68' lang='lat' dir='ltr'><strong>ammentante</strong></span> <span class='ocrx_word' id='word_1_714' title='bbox 872 4951 987 5004; x_wconf 86' lang='lat' dir='ltr'><strong>cod.</strong></span> <span class='ocrx_word' id='word_1_715' title='bbox 1065 4950 1340 5027; x_wconf 74' lang='lat' dir='ltr'><strong>&quot;“_del_ii_to</strong></span> <span class='ocrx_word' id='word_1_716' title='bbox 1371 4967 1421 5007; x_wconf 92' lang='lat' dir='ltr'><strong>c.</strong></span> <span class='ocrx_word' id='word_1_717' title='bbox 1496 4954 1567 5027; x_wconf 53' lang='lat' dir='ltr'><strong>T&quot;</strong></span> <span class='ocrx_word' id='word_1_718' title='bbox 1595 4970 1746 5027; x_wconf 78' lang='lat' dir='ltr'><strong>suam</strong></span> <span class='ocrx_word' id='word_1_719' title='bbox 1790 4971 1840 5011; x_wconf 90' lang='lat' dir='ltr'><strong>c.</strong></span> <span class='ocrx_word' id='word_1_720' title='bbox 1916 4957 1987 4988; x_wconf 74' lang='grc'>⁷³³</span> <span class='ocrx_word' id='word_1_721' title='bbox 2015 4957 2156 5010; x_wconf 80' lang='lat' dir='ltr'><strong>deest</strong></span> <span class='ocrx_word' id='word_1_722' title='bbox 2189 4958 2244 5012; x_wconf 81' lang='lat' dir='ltr'><strong>in</strong></span> <span class='ocrx_word' id='word_1_723' title='bbox 2269 4973 2319 5013; x_wconf 93' lang='lat' dir='ltr'><strong>c.</strong></span> <span class='ocrx_word' id='word_1_724' title='bbox 2394 4958 2465 4990; x_wconf 63' lang='grc' dir='ltr'><strong>ἠδ</strong></span> <span class='ocrx_word' id='word_1_725' title='bbox 2510 4957 2612 5013; x_wconf 86' lang='lat' dir='ltr'><strong>deo</strong></span> <span class='ocrx_word' id='word_1_726' title='bbox 2655 4956 2729 5012; x_wconf 76' lang='lat' dir='ltr'><strong>illi</strong></span> <span class='ocrx_word' id='word_1_727' title='bbox 2795 4973 2844 5012; x_wconf 91' lang='lat' dir='ltr'><strong>c.</strong></span> <span class='ocrx_word' id='word_1_728' title='bbox 2920 4958 2992 4991; x_wconf 77' lang='grc'><strong>⁷⁸⁸</strong></span> <span class='ocrx_word' id='word_1_729' title='bbox 3044 4971 3141 5027; x_wconf 88' lang='lat' dir='ltr'><strong>per</strong></span> <span class='ocrx_word' id='word_1_730' title='bbox 3174 4957 3403 5026; x_wconf 83' lang='lat' dir='ltr'><strong>seupdo-</strong></span> 
     </span>
    </p>
   </div>
   <div class='ocr_carea' id='block_1_99' title="bbox 1138 5021 3414 5097">
    <p class='ocr_par' dir='ltr' id='par_1_99' title="bbox 1138 5021 3414 5097">
     <span class='ocr_line' id='line_1_100' title="bbox 1138 5021 3414 5097; baseline 0 -19"><span class='ocrx_word' id='word_1_731' title='bbox 1138 5023 1207 5055; x_wconf 85' lang='grc'><strong>⁷¹⁷</strong></span> <span class='ocrx_word' id='word_1_732' title='bbox 1242 5021 1310 5078; x_wconf 87' lang='lat' dir='ltr'><strong>Ut</strong></span> <span class='ocrx_word' id='word_1_733' title='bbox 1347 5031 1405 5097; x_wconf 87' lang='lat' dir='ltr'><strong>ut</strong></span> <span class='ocrx_word' id='word_1_734' title='bbox 1434 5025 1551 5097; x_wconf 66' lang='lat' dir='ltr'><strong>cod.</strong></span> <span class='ocrx_word' id='word_1_735' title='bbox 1627 5025 1697 5097; x_wconf 60' lang='grc' dir='ltr'>Ψ</span> <span class='ocrx_word' id='word_1_736' title='bbox 1736 5027 2064 5097; x_wconf 82' lang='lat' dir='ltr'><strong>percipimus</strong></span> <span class='ocrx_word' id='word_1_737' title='bbox 2108 5030 2225 5081; x_wconf 79' lang='lat' dir='ltr'><strong>eod.</strong></span> <span class='ocrx_word' id='word_1_738' title='bbox 2301 5028 2373 5059; x_wconf 66' lang='lat'><strong>“9</strong></span> <span class='ocrx_word' id='word_1_739' title='bbox 2420 5028 2578 5083; x_wconf 85' lang='lat' dir='ltr'><strong>vadat</strong></span> <span class='ocrx_word' id='word_1_740' title='bbox 2607 5045 2656 5083; x_wconf 91' lang='lat' dir='ltr'><strong>c.</strong></span> <span class='ocrx_word' id='word_1_741' title='bbox 2736 5029 2807 5061; x_wconf 82' lang='grc'><strong>⁷²⁰</strong></span> <span class='ocrx_word' id='word_1_742' title='bbox 2845 5045 2997 5084; x_wconf 87' lang='lat' dir='ltr'><strong>cassa</strong></span> <span class='ocrx_word' id='word_1_743' title='bbox 3042 5021 3093 5083; x_wconf 65' lang='grc' dir='ltr'><strong>ἒξ.</strong></span> <span class='ocrx_word' id='word_1_744' title='bbox 3171 5021 3414 5097; x_wconf 15' lang='grc' dir='ltr'><strong>⁷²¹νᾶιιιειςι</strong></span> 
     </span>
    </p>
   </div>
   <div class='ocr_carea' id='block_1_100' title="bbox 167 5080 3412 5157">
    <p class='ocr_par' dir='ltr' id='par_1_100' title="bbox 167 5080 3412 5157">
     <span class='ocr_line' id='line_1_101' title="bbox 167 5080 3412 5157; baseline 0.007 -28"><span class='ocrx_word' id='word_1_745' title='bbox 167 5080 410 5157; x_wconf 80' lang='lat' dir='ltr'><strong>tiscalines</strong></span> <span class='ocrx_word' id='word_1_746' title='bbox 455 5091 650 5145; x_wconf 84' lang='lat' dir='ltr'><strong>velidis</strong></span> <span class='ocrx_word' id='word_1_747' title='bbox 678 5080 793 5144; x_wconf 72' lang='lat' dir='ltr'><strong>Eod.</strong></span> <span class='ocrx_word' id='word_1_748' title='bbox 871 5094 940 5123; x_wconf 83' lang='grc'><strong>⁷²²</strong></span> <span class='ocrx_word' id='word_1_749' title='bbox 966 5092 1243 5147; x_wconf 85' lang='lat' dir='ltr'><strong>ﬁiussures</strong></span> <span class='ocrx_word' id='word_1_750' title='bbox 1274 5094 1390 5147; x_wconf 88' lang='lat' dir='ltr'><strong>cod.</strong></span> <span class='ocrx_word' id='word_1_751' title='bbox 1465 5095 1535 5127; x_wconf 82' lang='grc'>⁷³³</span> <span class='ocrx_word' id='word_1_752' title='bbox 1568 5080 1748 5149; x_wconf 71' lang='lat' dir='ltr'><strong>debito</strong></span> <span class='ocrx_word' id='word_1_753' title='bbox 1769 5080 1905 5151; x_wconf 53' lang='lat' dir='ltr'><strong>cod:</strong></span> <span class='ocrx_word' id='word_1_754' title='bbox 1961 5098 2034 5129; x_wconf 74' lang='lat'><strong>7“</strong></span> <span class='ocrx_word' id='word_1_755' title='bbox 2064 5080 2354 5156; x_wconf 86' lang='lat' dir='ltr'><strong>clcsonistc</strong></span> <span class='ocrx_word' id='word_1_756' title='bbox 2378 5080 2518 5154; x_wconf 41' lang='lat' dir='ltr'><strong>eod.—</strong></span> <span class='ocrx_word' id='word_1_757' title='bbox 2544 5080 2654 5134; x_wconf 10' lang='lat'><strong>7‘7&quot;&quot;</strong></span> <span class='ocrx_word' id='word_1_758' title='bbox 2684 5080 2997 5157; x_wconf 15' lang='lat' dir='ltr'><strong>sultis—eoid:</strong></span> <span class='ocrx_word' id='word_1_759' title='bbox 3051 5080 3128 5131; x_wconf 23' lang='grc'><strong>⁷⁷³⁸</strong></span> <span class='ocrx_word' id='word_1_760' title='bbox 3168 5080 3412 5152; x_wconf 69' lang='lat' dir='ltr'><strong>volueris</strong></span> 
     </span>
    </p>
   </div>
   <div class='ocr_carea' id='block_1_101' title="bbox 165 5153 2166 5237">
    <p class='ocr_par' dir='ltr' id='par_1_101' title="bbox 165 5153 2166 5237">
     <span class='ocr_line' id='line_1_102' title="bbox 165 5153 2166 5237; baseline 0.01 -33"><span class='ocrx_word' id='word_1_761' title='bbox 165 5153 262 5207; x_wconf 78' lang='lat' dir='ltr'><strong>cod.</strong></span> <span class='ocrx_word' id='word_1_762' title='bbox 330 5159 398 5195; x_wconf 78' lang='grc'><strong>⁷⁸⁷</strong></span> <span class='ocrx_word' id='word_1_763' title='bbox 425 5162 567 5216; x_wconf 88' lang='lat' dir='ltr'><strong>mnis</strong></span> <span class='ocrx_word' id='word_1_764' title='bbox 585 5163 702 5215; x_wconf 85' lang='lat' dir='ltr'><strong>cod.</strong></span> <span class='ocrx_word' id='word_1_765' title='bbox 737 5162 895 5217; x_wconf 83' lang='lat' dir='ltr'><strong>rubra</strong></span> <span class='ocrx_word' id='word_1_766' title='bbox 912 5162 1086 5218; x_wconf 80' lang='lat' dir='ltr'><strong>littera</strong></span> <span class='ocrx_word' id='word_1_767' title='bbox 1110 5165 1302 5219; x_wconf 75' lang='lat' dir='ltr'><strong>omissa</strong></span> <span class='ocrx_word' id='word_1_768' title='bbox 1317 5180 1338 5230; x_wconf 89' lang='lat'><strong><em>;</em></strong></span> <span class='ocrx_word' id='word_1_769' title='bbox 1362 5180 1551 5219; x_wconf 83' lang='lat' dir='ltr'><strong>novum</strong></span> <span class='ocrx_word' id='word_1_770' title='bbox 1577 5167 1737 5236; x_wconf 82' lang='lat' dir='ltr'><strong>igitur</strong></span> <span class='ocrx_word' id='word_1_771' title='bbox 1758 5178 1913 5237; x_wconf 81' lang='lat' dir='ltr'><strong>caput</strong></span> <span class='ocrx_word' id='word_1_772' title='bbox 1940 5169 2166 5225; x_wconf 84' lang='lat' dir='ltr'><strong>orditur.</strong></span> 
     </span>
    </p>
   </div>
   <div class='ocr_carea' id='block_1_102' title="bbox 1665 5277 1897 5337">
    <p class='ocr_par' dir='ltr' id='par_1_102' title="bbox 1665 5277 1897 5337">
     <span class='ocr_line' id='line_1_103' title="bbox 1665 5277 1897 5337; baseline 0.017 -4"><span class='ocrx_word' id='word_1_773' title='bbox 1665 5277 1897 5337; x_wconf 69' lang='grc' dir='ltr'><strong>ΝΟΤᾸΞ.</strong></span> 
     </span>
    </p>
   </div>
   <div class='ocr_carea' id='block_1_103' title="bbox 225 5378 788 5448">
    <p class='ocr_par' dir='ltr' id='par_1_103' title="bbox 225 5378 788 5448">
     <span class='ocr_line' id='line_1_104' title="bbox 225 5378 788 5448; baseline -0.014 0"><span class='ocrx_word' id='word_1_774' title='bbox 225 5378 361 5448; x_wconf 74' lang='grc'>(103)</span> <span class='ocrx_word' id='word_1_775' title='bbox 396 5385 519 5442; x_wconf 83' lang='grc'><strong>789.</strong></span> <span class='ocrx_word' id='word_1_776' title='bbox 558 5385 694 5442; x_wconf 83' lang='lat' dir='ltr'><strong>Gen.</strong></span> <span class='ocrx_word' id='word_1_777' title='bbox 734 5387 788 5441; x_wconf 75' lang='grc'><strong>4.</strong></span> 
     </span>
    </p>
   </div>
   <div class='ocr_carea' id='block_1_104' title="bbox 226 5451 807 5515">
    <p class='ocr_par' dir='ltr' id='par_1_104' title="bbox 226 5451 807 5515">
     <span class='ocr_line' id='line_1_105' title="bbox 226 5451 807 5515; baseline -0.009 0"><span class='ocrx_word' id='word_1_778' title='bbox 226 5451 361 5515; x_wconf 65' lang='grc'>(101)</span> <span class='ocrx_word' id='word_1_779' title='bbox 399 5455 517 5512; x_wconf 76' lang='lat'><strong>789.</strong></span> <span class='ocrx_word' id='word_1_780' title='bbox 559 5456 693 5512; x_wconf 87' lang='lat' dir='ltr'><strong>Gen.</strong></span> <span class='ocrx_word' id='word_1_781' title='bbox 724 5459 807 5512; x_wconf 88' lang='grc'><strong>10.</strong></span> 
     </span>
    </p>
   </div>
   <div class='ocr_carea' id='block_1_105' title="bbox 226 5522 822 5584">
    <p class='ocr_par' dir='ltr' id='par_1_105' title="bbox 226 5522 822 5584">
     <span class='ocr_line' id='line_1_106' title="bbox 226 5522 822 5584; baseline 0 -2"><span class='ocrx_word' id='word_1_782' title='bbox 226 5522 365 5584; x_wconf 79' lang='grc'>(105)</span> <span class='ocrx_word' id='word_1_783' title='bbox 404 5526 522 5581; x_wconf 88' lang='lat'><strong>789.</strong></span> <span class='ocrx_word' id='word_1_784' title='bbox 563 5527 701 5584; x_wconf 82' lang='lat' dir='ltr'><strong>Gen.</strong></span> <span class='ocrx_word' id='word_1_785' title='bbox 737 5529 822 5582; x_wconf 89' lang='grc'><strong>11.</strong></span> 
     </span>
    </p>
   </div>
   <div class='ocr_carea' id='block_1_106' title="bbox 252 5591 757 5669">
    <p class='ocr_par' dir='ltr' id='par_1_106' title="bbox 252 5591 757 5669">
     <span class='ocr_line' id='line_1_107' title="bbox 252 5591 757 5669; baseline 0 0"><span class='ocrx_word' id='word_1_786' title='bbox 252 5591 364 5669; x_wconf 61' lang='grc'>199)</span> <span class='ocrx_word' id='word_1_787' title='bbox 398 5597 616 5669; x_wconf 59' lang='grc' dir='ltr'><strong>785--6ο</strong></span> <span class='ocrx_word' id='word_1_788' title='bbox 659 5598 757 5669; x_wconf 79' lang='lat' dir='ltr'><strong>Ls-</strong></span> 
     </span>
    </p>
   </div>
   <div class='ocr_carea' id='block_1_107' title="bbox 252 5661 740 5725">
    <p class='ocr_par' dir='ltr' id='par_1_107' title="bbox 252 5661 740 5725">
     <span class='ocr_line' id='line_1_108' title="bbox 252 5661 740 5725; baseline 0.029 -14"><span class='ocrx_word' id='word_1_789' title='bbox 252 5661 364 5725; x_wconf 80' lang='grc' dir='ltr'>1οἸ)</span> <span class='ocrx_word' id='word_1_790' title='bbox 391 5666 507 5723; x_wconf 81' lang='grc'><strong>80⁸5.</strong></span> <span class='ocrx_word' id='word_1_791' title='bbox 540 5667 664 5725; x_wconf 79' lang='lat' dir='ltr'><strong>Rib.</strong></span> <span class='ocrx_word' id='word_1_792' title='bbox 689 5661 740 5725; x_wconf 63' lang='grc'><strong>1”.</strong></span> 
     </span>
    </p>
   </div>
   <div class='ocr_carea' id='block_1_108' title="bbox 230 5730 596 5794">
    <p class='ocr_par' dir='ltr' id='par_1_108' title="bbox 230 5730 596 5794">
     <span class='ocr_line' id='line_1_109' title="bbox 230 5730 596 5794; baseline -0.005 -1"><span class='ocrx_word' id='word_1_793' title='bbox 230 5730 364 5794; x_wconf 64' lang='grc'>(108)</span> <span class='ocrx_word' id='word_1_794' title='bbox 391 5737 517 5794; x_wconf 85' lang='lat' dir='ltr'><strong>Ibid.</strong></span> <span class='ocrx_word' id='word_1_795' title='bbox 541 5738 596 5792; x_wconf 71' lang='grc'><strong>2.</strong></span> 
     </span>
    </p>
   </div>
   <div class='ocr_carea' id='block_1_109' title="bbox 232 5800 601 5877">
    <p class='ocr_par' dir='ltr' id='par_1_109' title="bbox 232 5800 601 5877">
     <span class='ocr_line' id='line_1_110' title="bbox 232 5800 601 5877; baseline -0.011 -8"><span class='ocrx_word' id='word_1_796' title='bbox 232 5800 365 5877; x_wconf 68' lang='grc' dir='ltr'>(ωθ)</span> <span class='ocrx_word' id='word_1_797' title='bbox 395 5806 521 5867; x_wconf 87' lang='lat' dir='ltr'><strong>tbid.</strong></span> <span class='ocrx_word' id='word_1_798' title='bbox 544 5809 601 5865; x_wconf 72' lang='grc' dir='ltr'><strong>δ.</strong></span> 
     </span>
    </p>
   </div>
   <div class='ocr_carea' id='block_1_110' title="bbox 1898 5391 2285 5462">
    <p class='ocr_par' dir='ltr' id='par_1_110' title="bbox 1898 5391 2285 5462">
     <span class='ocr_line' id='line_1_111' title="bbox 1898 5391 2285 5462; baseline 0.008 -16"><span class='ocrx_word' id='word_1_799' title='bbox 1898 5391 2046 5462; x_wconf 86' lang='lat' dir='ltr'><strong>(HO)</strong></span> <span class='ocrx_word' id='word_1_800' title='bbox 2075 5393 2205 5450; x_wconf 87' lang='lat' dir='ltr'><strong>ibid.</strong></span> <span class='ocrx_word' id='word_1_801' title='bbox 2231 5396 2285 5449; x_wconf 91' lang='lat'><strong>7.</strong></span> 
     </span>
    </p>
   </div>
   <div class='ocr_carea' id='block_1_111' title="bbox 1896 5464 2289 5533">
    <p class='ocr_par' dir='ltr' id='par_1_111' title="bbox 1896 5464 2289 5533">
     <span class='ocr_line' id='line_1_112' title="bbox 1896 5464 2289 5533; baseline 0.015 -17"><span class='ocrx_word' id='word_1_802' title='bbox 1896 5464 2042 5533; x_wconf 81' lang='lat' dir='ltr'><strong>(lli)</strong></span> <span class='ocrx_word' id='word_1_803' title='bbox 2073 5466 2203 5520; x_wconf 84' lang='lat' dir='ltr'><strong>Ibid.</strong></span> <span class='ocrx_word' id='word_1_804' title='bbox 2235 5468 2289 5522; x_wconf 89' lang='lat'><strong>9.</strong></span> 
     </span>
    </p>
   </div>
   <div class='ocr_carea' id='block_1_112' title="bbox 1896 5535 2328 5603">
    <p class='ocr_par' dir='ltr' id='par_1_112' title="bbox 1896 5535 2328 5603">
     <span class='ocr_line' id='line_1_113' title="bbox 1896 5535 2328 5603; baseline 0.012 -15"><span class='ocrx_word' id='word_1_805' title='bbox 1896 5535 2042 5603; x_wconf 71' lang='lat' dir='ltr'><strong>(HE!)</strong></span> <span class='ocrx_word' id='word_1_806' title='bbox 2077 5535 2209 5590; x_wconf 83' lang='lat' dir='ltr'><strong>Ibid.</strong></span> <span class='ocrx_word' id='word_1_807' title='bbox 2241 5538 2328 5593; x_wconf 88' lang='grc'><strong>10.</strong></span> 
     </span>
    </p>
   </div>
   <div class='ocr_carea' id='block_1_113' title="bbox 1896 5605 2321 5675">
    <p class='ocr_par' dir='ltr' id='par_1_113' title="bbox 1896 5605 2321 5675">
     <span class='ocr_line' id='line_1_114' title="bbox 1896 5605 2321 5675; baseline 0.009 -15"><span class='ocrx_word' id='word_1_808' title='bbox 1896 5606 2044 5675; x_wconf 74' lang='grc' dir='ltr'>(ιιδ)</span> <span class='ocrx_word' id='word_1_809' title='bbox 2077 5605 2207 5661; x_wconf 89' lang='lat' dir='ltr'><strong>Ibid.</strong></span> <span class='ocrx_word' id='word_1_810' title='bbox 2236 5609 2321 5663; x_wconf 84' lang='lat' dir='ltr'><strong>ll.</strong></span> 
     </span>
    </p>
   </div>
   <div class='ocr_carea' id='block_1_114' title="bbox 1893 5675 2332 5744">
    <p class='ocr_par' dir='ltr' id='par_1_114' title="bbox 1893 5675 2332 5744">
     <span class='ocr_line' id='line_1_115' title="bbox 1893 5675 2332 5744; baseline 0.014 -16"><span class='ocrx_word' id='word_1_811' title='bbox 1893 5675 2042 5744; x_wconf 66' lang='lat' dir='ltr'><strong>(iis)</strong></span> <span class='ocrx_word' id='word_1_812' title='bbox 2073 5675 2207 5733; x_wconf 87' lang='lat' dir='ltr'><strong>Ibid.</strong></span> <span class='ocrx_word' id='word_1_813' title='bbox 2246 5680 2332 5733; x_wconf 75' lang='lat' dir='ltr'><strong>te.</strong></span> 
     </span>
    </p>
   </div>
   <div class='ocr_carea' id='block_1_115' title="bbox 1893 5745 2329 5817">
    <p class='ocr_par' dir='ltr' id='par_1_115' title="bbox 1893 5745 2329 5817">
     <span class='ocr_line' id='line_1_116' title="bbox 1893 5745 2329 5817; baseline 0.007 -16"><span class='ocrx_word' id='word_1_814' title='bbox 1893 5745 2039 5817; x_wconf 75' lang='grc'>(115)</span> <span class='ocrx_word' id='word_1_815' title='bbox 2073 5746 2205 5804; x_wconf 80' lang='lat' dir='ltr'><strong>Ibid.</strong></span> <span class='ocrx_word' id='word_1_816' title='bbox 2239 5750 2329 5805; x_wconf 77' lang='lat' dir='ltr'><strong>i3.</strong></span> 
     </span>
    </p>
   </div>
  </div>
