3876 5326
515 339 613 396 651

1230 341 1520 398 ΔΡΡΕΝΙ).
1558 340 1650 397 AD
1689 339 1863 398 δίΕΩ.
1909 340 1972 395 X.
2013 369 2081 380 —

2210 334 2550 400 'NUMENTA
2589 330 3065 390 DIPLOHATICA.

3677 324 3771 380 65!

518 458 568 512 ci
616 470 782 528 super
810 471 970 527 quem
1000 472 1089 516 res
1120 459 1392 519 intertiata
1425 457 1629 524 fuerit,
1671 468 2015 515 sacramento
2041 470 2100 513 se
2130 461 2174 520 Α
2205 453 2529 510 monachum
2584 461 2645 508 et
2691 451 2857 506 alium
2907 447 3244 520 capellanum
3307 443 3607 515 dirigamus
3647 443 3766 499 intra

518 562 783 603 excusare
812 548 877 603 de
907 547 1072 616 furto,
1103 558 1161 604 ut
1192 566 1291 607 nec
1313 566 1411 616 sue
1434 551 1728 608 voluntatis
1748 559 1838 605 aut
1869 565 2100 606 consen-

518 640 687 695 tiente
713 640 903 696 fuisset
930 643 1075 711 quod
1097 642 1337 705 ablatum
1393 652 1519 709 est,
1570 652 1665 699 aut
1718 652 1927 699 tantum
1981 642 2099 699 sine

519 730 717 789 damno
749 732 1016 787 restituat.

593 821 855 893 lT(ll6).
882 822 958 877 De
993 823 1212 879 homine
1250 824 1342 894 qui
1389 825 1799 894 comprehendit
1855 838 2096 889 servum,

519 920 574 968 et
597 913 759 985 jussit
783 928 904 967 eum
941 914 1193 970 occidere
1216 915 1466 980 dominus
1488 932 1620 972 suus
1659 916 1793 971 duos
1837 914 2097 979 infantes,

518 1013 573 1060 et
602 1020 766 1065 unum
790 1004 880 1081 qui
913 1002 1102 1067 habuit
1125 1005 1158 1061 9
1183 1022 1372 1072 annos,
1401 1007 1565 1061 alium
1618 1006 1717 1079 qui.
1755 1006 1945 1071 habuit
1995 1004 2097 1070 ll;

519 1095 585 1151 ad
611 1104 915 1152 extremum
945 1096 1092 1151 illum
1123 1113 1338 1153 servum
1370 1107 1657 1170 postquam
1685 1098 1938 1153 dominus
1970 1113 2101 1153 suus

518 1184 638 1241 illos
666 1201 860 1255 pueros
888 1187 1110 1254 occidit,
1139 1188 1193 1242 in
1217 1188 1427 1246 foveam
1463 1190 1732 1259 quandam
1780 1189 2006 1260 projeci,
2047 1197 2102 1245 et

515 1274 810 1346 iudicatum
842 1287 946 1340 est,
980 1288 1038 1332 ut
1065 1279 1212 1334 illum
1243 1281 1333 1351 qui
1363 1297 1552 1336 novem
1589 1296 1759 1336 annos
1785 1282 1973 1340 habuit
2001 1281 2099 1336 tri-

520 1364 643 1439 plici
674 1366 976 1421 udrichildo
997 1380 1306 1441 componat,
1333 1370 1495 1425 alium
1522 1387 1649 1427 vero
1686 1371 1779 1442 qui
1828 1373 1888 1427 ll
1931 1387 2102 1429 annos

521 1456 710 1510 habuit
750 1458 1056 1535 dupliciter,
1121 1475 1335 1532 servum
1390 1463 1721 1534 triplicitcr,
1765 1474 1818 1519 et
1862 1464 2101 1519 bannunt

521 1559 768 1605 nostrum
797 1552 864 1604 ad
894 1553 1098 1608 omnia.

590 1638 658 1695 18
685 1641 732 1711 (1
752 1640 853 1718 l7),
889 1641 956 1698 Ut
979 1642 1103 1699 laici
1132 1660 1241 1701 non
1263 1645 1370 1701 sint
1393 1646 1671 1718 pratpositi
1711 1649 2102 1711 "tonachomm

516 1730 658 1792 infra
688 1735 1040 1802 monasteria,
1072 1751 1171 1792 nec
1193 1738 1561 1796 archidiaconi
1589 1749 1714 1796 sunt
1745 1740 1890 1795 laici.
2028 1724 2033 1733 ’

2206 560 2431 617 regnum
2491 552 2735 598 nostrum
2801 538 3145 612 prmvidendo
3188 535 3276 592 vel
3325 533 3651 604 inquirendo
3688 548 3771 603 per

2203 633 2531 691 monasteria
2559 633 2798 687 virorum
2832 629 2915 685 vel
2958 627 3258 699 puellarum
3298 638 3420 695 quae
3449 621 3573 677 sub-
3602 631 3768 676 sancta

2201 729 2387 802 regula
2413 730 2597 784 vivere
2627 727 2846 790 debent,
2875 721 3146 807 quomodo
3174 729 3261 776 est
3284 733 3475 774 eorum
3506 716 3767 781 habitatio,

2202 831 2294 879 aut
2313 821 2459 892 quali
2481 834 2694 890 semper
2717 819 2826 873 vita
2849 816 2932 874 vel
2958 811 3296 871 conversatio
3318 809 3564 870 illorttm,
3586 817 3641 861 et
3658 822 3771 876 quo-

2203 914 2364 970 modo
2388 925 2831 981 unumquemque
2860 905 3253 963 monasterium
3289 902 3355 959 de
3386 899 3556 956 rebus
3598 896 3772 954 habere

2203 1008 2416 1063 videtur
2442 1005 2587 1061 unde
2609 1004 2793 1063 vivere
2816 999 3004 1073 possit.

2270 1120 2342 1175 22
2365 1117 2534 1190 (121).
2560 1116 2634 1171 De
2659 1114 2876 1170 feminis
2894 1127 3035 1184 qum,
3061 1106 3333 1166 defunctis
3359 1106 3521 1170 viris,
3547 1103 3631 1158 lex
3651 1101 3777 1156 Lan-

2202 1207 2567 1278 gobardorum
2589 1205 2847 1277 prohibet
2862 1210 2990 1258 ante
3004 1201 3075 1234 τ²⁹
3090 1199 3217 1255 anni
3241 1198 3482 1269 spatium
3499 1202 3694 1250 vestem
3716 1191 3778 1223 ’τ’

2206 1296 2484 1367 religionis
2534 1304 2749 1350 mutare
2806 1294 3097 1361 velumque
3145 1290 3214 1322 ⁷³⁸
3249 1289 3574 1358 suscipere,
3630 1285 3774 1355 petie-

2207 1400 2334 1446 runt
2362 1398 2604 1445 nostram
2630 1388 2905 1445 licentiam
2935 1395 2993 1440 ut
3019 1400 3143 1440 cum
3169 1383 3395 1438 eismox
3421 1380 3606 1436 divina
3624 1379 3772 1448 pietas

2208 1482 2577 1552 inspiraverit,
2629 1495 2723 1536 eas
2780 1480 3062 1535 indemnes
3114 1475 3301 1530 liceret
3342 1472 3640 1541 Suscipere.
3684 1468 3773 1535 Nos

2207 1585 2388 1631 autem
2412 1573 2842 1638 considerantes,
2868 1570 2993 1642 quia
3021 1567 3297 1637 prmterito
3315 1565 3386 1599 ⁷⁴²
3415 1577 3519 1634 pro
3562 1561 3670 1632 ipsa
3706 1560 3773 1612 di-

2209 1667 2413 1722 latione
2434 1664 2616 1720 multte
2636 1663 2801 1719 etiam
2826 1671 2979 1731 raptu
3005 1660 3077 1692 ⁷⁸⁸
3104 1659 3244 1714 intra
3284 1655 3521 1712 eundern
3563 1652 3771 1721 spatium

2211 1758 2280 1813 ad
2307 1757 2470 1812 aliam
2498 1764 2707 1826 partem
2732 1754 3005 1808 distractae
3050 1748 3287 1811 fuerunt,
3330 1747 3459 1801 ideo
3505 1751 3563 1799 et
3609 1756 3769 1797 eorum

592 1822 657 1879 l9
681 1824 732 1920 (1
743 1825 848 1920 l8).
877 1827 955 1882 De
974 1828 1101 1920 hoc,
1130 1839 1189 1885 ut
1217 1832 1259 1886 si
1285 1830 1455 1888 fames
1491 1835 1767 1900 evenerit,
1795 1834 1976 1891 clades
2014 1843 2099 1892 aut

2212 1822 2627 1920 petitionemm
2647 1845 2772 1916 quia
2794 1843 2998 1915 justam
3022 1840 3334 1898 censuimus
3358 1834 3710 1905 suscepimus,
3726 1839 3771 1886 et

517 1912 844 1985 inequalitas
873 1918 1016 1975 aeris
1044 1920 1137 1986 ⁷⁸⁸,
1170 1921 1253 1977 vel
1289 1921 1392 1977 alia
1425 1924 1837 1996 qualiscumque
1886 1925 2107 1983 tribula—

515 2006 615 2073 tio,
646 2022 752 2070 non
783 2018 1132 2078 exspectetur
1179 2014 1416 2077 edictum
1455 2027 1725 2083 nostrum,
1777 2018 1873 2073 sed
1920 2019 2106 2074 statim

520 2098 842 2168 deprecetur
872 2101 971 2157 Dei
1013 2104 1415 2173 misericordia;
1452 2116 1506 2163 et
1545 2108 1598 2163 in
1658 2109 1910 2179 praesenti
1963 2124 2108 2166 anno

519 2192 588 2245 de
616 2189 776 2251 famis
802 2193 1003 2264 inopia,
1032 2206 1091 2250 ut
1118 2212 1246 2256 suos
1275 2199 1507 2270 quisque
1532 2199 1786 2270 adjuvet,
1829 2212 1989 2274 prout
2015 2220 2107 2274 po.

516 2289 657 2348 tero.
686 2292 741 2339 et
771 2292 832 2340 ut
852 2291 1005 2341 suam
1037 2303 1272 2345 anonam
1318 2306 1424 2345 non
1468 2290 1633 2347 nimis
1662 2306 1791 2348 care
1817 2292 2025 2360 vendit,
2054 2304 2109 2351 et

514 2387 585 2427 ne
612 2373 743 2431 foris
764 2375 1061 2447 imperium
1081 2390 1327 2445 nostrum
1356 2384 1623 2439 vendatur
1666 2382 1869 2456 aliquid
1911 2385 2105 2450 alimo-

516 2480 642 2521 mas.

583 2557 656 2621 20
686 2558 857 2632 (119).
912 2563 989 2619 De
1041 2573 1317 2621 armatura
1367 2566 1420 2629 in
1472 2567 1650 2633 hoste,
1678 2568 1817 2627 sicut
1856 2576 2015 2624 antea
2050 2570 2104 2626 in

515 2650 625 2709 alio
648 2654 885 2729 capitulo
907 2657 1405 2715 commendavimus
1433 2660 1505 2715 ita
1543 2670 1812 2726 servetur,
1858 2670 1916 2716 et
1958 2662 2106 2718 insu-

516 2756 616 2816 per
638 2745 816 2800 omnis
841 2746 1004 2802 homo
1028 2748 1118 2817 qui
1148 2749 1214 2803 12
1244 2749 1406 2805 habet
1433 2765 1653 2806 mansos
1671 2751 1864 2806 brunia
1884 2752 2102 2818 habeat,

516 2833 615 2902 qui
636 2849 767 2893 vero
793 2835 1041 2892 bruniam
1070 2838 1236 2895 habet
1260 2849 1315 2895 et
1348 2855 1473 2895 eam
1517 2855 1702 2896 secum
1742 2857 1860 2906 non.
1900 2841 2101 2909 tulerit,

514 2938 677 2981 omne
702 2924 1022 2983 beneﬁcium
1054 2937 1111 2984 et
1135 2930 1387 2986 bruniam
1419 2933 1631 3002 perdat.

586 3015 649 3080 2l
681 3016 851 3090 (121)).
885 3019 1050 3076 Stetit
1078 3021 1236 3077 nobis
1320 3032 1379 3078 ut
1420 3023 1616 3080 missos
1670 3032 1886 3085 nostros
1937 3040 2102 3085 unum

2210 1939 2292 1994 eis
2318 1938 2393 1994 ita
2424 1936 2543 1993 ﬁeri
2572 1933 2942 1995 concedimus.

2283 2052 2355 2106 9.5
2378 2051 2550 2123 (122).
2584 2050 2661 2106 De
2690 2047 2984 2104 homicidio
3014 2047 3157 2101 unde
3178 2046 3263 2099 lex
3307 2056 3410 2114 pro
3454 2036 3769 2109 simplicitate

2211 2145 2529 2215 probatione
2587 2144 2749 2198 trium
2809 2140 3026 2195 testium
3074 2136 3270 2207 querit;
3319 2143 3374 2189 et
3415 2140 3583 2188 testes
3604 2129 3772 2184 habere

2212 2250 2319 2290 non
2372 2235 2630 2305 potuerit,
2668 2231 3045 2293 concedimus,
3077 2236 3145 2282 ut
3178 2242 3301 2282 cum
3348 2223 3417 2278 12
3467 2218 3769 2293 juratoribus

2202 2326 2370 2395 juret,
2391 2336 2447 2381 et
2472 2326 2539 2381 ab
2559 2325 2747 2381 eadem
2772 2321 3172 2394 simplicitatem
3198 2316 3501 2393 absolutus,
3524 2311 3766 2385 proprium

2208 2432 2317 2472 non
2347 2416 2617 2471 admittat.

2281 2525 2351 2580 24
2377 2524 2547 2597 (123).
2582 2525 2658 2580 De
2680 2524 2849 2580 cartis
2868 2500 2988 2594 (piae
3010 2536 3039 2576 a
3067 2516 3386 2592 quibusdam
3418 2526 3659 2587 pcrsonm
3686 2507 3766 2565 {al-

2210 2633 2290 2674 ste
2310 2616 2668 2690 appellantur,
2704 2614 3111 2679 constituimus,
3136 2620 3195 2667 ut
3234 2611 3280 2666 si
3324 2608 3574 2671 notarius
3611 2617 3769 2672 super-

2210 2709 2375 2764 fuerit
2402 2708 2473 2739 ⁷³⁸
2505 2716 2559 2763 et
2590 2714 2774 2773 teSIes,
2805 2705 2905 2774 ipsi
2935 2719 3055 2769 eam
3085 2716 3271 2757 veram
3321 2708 3379 2755 et
3432 2698 3672 2761 idoneam
3702 2692 3767 2745 [τις

2209 2801 2388 2862 ciant;
2443 2807 2499 2854 et
2536 2798 2591 2853 si
2631 2804 2800 2852 testes
2848 2794 3047 2850 mortui
3103 2791 3171 2846 10
3218 2788 3447 2852 fuerint,
3474 2796 3530 2841 et
3558 2780 3767 2841 notarius

2206 2889 2556 2962 superfuerit,
2589 2903 2713 2944 cum
2735 2888 2801 2942 12
2815 2885 3154 2961 juratoribus
3171 2881 3242 2914 ⁷³⁸
3267 2894 3451 2936 veram
3478 2886 3533 2934 et
3553 2876 3765 2933 idoneam

2210 2985 2391 3040 faciat.

425 4248 443 4264 λ
510 4231 599 4297 lus
632 4230 971 4287 Rhuodullus
997 4232 1069 4286 illi
1103 4232 1170 4287 de
1207 4240 1385 4291 vestra
1436 4233 2006 4299 lidclitatenuntiavit,
2048 4242 2107 4289 et

888 3196 1141 3262 KAROLI
1178 3192 1221 3255 ll
1257 3199 1601 3257 CAPITULA
1640 3199 1731 3256 AD
1766 3199 2087 3260 FRANCOS
2125 3199 2214 3264 ET
2250 3197 2650 3269 AQUITANOS
2688 3196 2901 3261 MlSSA,
2933 3194 3021 3251 DE
3058 3187 3447 3251 CARISIACO.

1888 3362 2010 3434 (An.
2037 3362 2162 3419 856.
2194 3360 2308 3416 Jul.
2338 3360 2433 3430 η..

590 3516 864 3575 Simonidi
888 3518 1492 3589 Balnziiqueeditiones
1519 3535 1623 3591 ope
1648 3520 1853 3578 codicis
1878 3518 1934 3591 2)
1963 3520 2092 3576 bibl.
2126 3519 2288 3590 regia.-
2314 3517 2637 3573 l’arisiensis
2663 3534 2720 3573 n.
2752 3514 2891 3571 4638
2918 3513 3351 3585 rccognovimus.

519 3691 651 3769 17(ξέ
673 3711 790 3769 qua:
816 3706 1104 3769 _s_equuntur
1131 3697 1362 3769 capitula
1394 3698 1531 3753 misit
1556 3698 1780 3753 domnus
1805 3714 1895 3752 rex.
1920 3696 2097 3752 Kara.
2128 3680 2187 3753 Cr
2273 3694 2331 3750 2.
2365 3694 2432 3750 Et
2452 3693 2671 3749 mandat
2701 3691 2853 3747 vobis
2882 3699 3069 3748 noster
3107 3688 3309 3753 senior,
3365 3685 3494 3756 quia
3542 3684 3699 3757 placet
3719 3680 3763 3736 ei

587 3764 784 3849 lus—ad;
803 3764 1041 3850 Francos
1067 3778 1116 3851 et
1137 3764 1426 3857 Agnitnnps
1464 3769 1649 3857 qgi‘tnb
1668 3786 1735 3857 ευ
1767 3770 2099 3857 distinerent,

2210 3786 2353 3857 quod
2379 3785 2456 3841 illi
2485 3798 2616 3841 suus
2643 3781 2944 3839 avunculus
2966 3782 3236 3837 devestra
3272 3778 3533 3834 ﬁdelitate
3565 3784 3616 3832 et
3649 3775 3760 3828 bona

585 3837 2109 3979 ZZlLi;L"&?.Z-’f£3§fiiiisﬁtiéiwv353.}.1‘1‘1"2‘..J."’iidﬁf
2511 3872 2780 3979 merit
2796 3889 2811 3939 ς
2837 3881 2893 3927 ει
3542 3869 3757 3979 res:

2208 3968 2413 4022 tionem
2436 3964 2756 4021 transmittit
2781 3978 2899 4028 nos,
2929 3963 3071 4017 sicut
3101 3960 3363 4031 prccastis
3389 4000 3404 4024 ,
3448 3959 3519 4015 ad
3551 3972 3670 4020 vos;
3715 3961 3757 4008 et

587 3977 797 4050 lardum
828 3978 1085 4050 uilitatem,
1119 3977 1430 4050 Rodulfutn,
1483 3978 1823 4046 Richuinum,
1871 3980 2106 4049 Adalga-

2210 4059 2431 4115 mandat
2451 4056 2628 4121 vobis,
2657 4056 2783 4125 quia
2813 4054 2856 4110 si
2886 4053 3085 4124 aliquis
3112 4052 3181 4107 de
3210 4053 3365 4107 vobis
3416 4065 3474 4106 se
3516 4048 3753 4105 reclamat,

586 4047 748 4112 rium,
778 4057 823 4100 et
846 4045 1247 4119 Berengarium.

587 4138 642 4203 1.
672 4138 894 4198 Mandat
912 4142 1065 4197 vobis
1093 4154 1278 4197 noster
1308 4142 1511 4207 senior,
1545 4142 1673 4213 quia
1704 4158 1835 4198 suus
1866 4158 2099 4199 avuncn~

2210 4149 2354 4220 quod
2376 4144 2756 4216 injustealicui
2779 4144 2847 4199 de
2873 4144 3027 4199 vobis
3048 4142 3199 4209 fecit,
3222 4150 3279 4197 et
3303 4142 3369 4196 ad
3399 4148 3597 4201 rectam
3620 4134 3754 4191 ratio-

2209 4254 2334 4294 nem
2357 4246 2413 4293 et
2432 4237 2638 4307 justum
2663 4234 2929 4306 iudicium
2959 4234 3145 4288 venire
3173 4248 3281 4286 non
3327 4231 3536 4301 potuit,
3575 4234 3656 4282 aut
3676 4235 3752 4293 per

2208 4327 2439 4385 insidias
2454 4327 2667 4398 aliquas
2692 4335 2785 4381 ant
2811 4326 2925 4397 ipse
2954 4325 3137 4381 senior
3187 4332 3376 4377 noster
3399 4362 3414 4386 ,
3463 4329 3555 4375 aut
3594 4312 3751 4383 aliquis

2206 4421 2273 4480 ad
2301 4420 2483 4485 illum,
2499 4419 2737 4488 aliquem
2758 4418 2823 4473 de
2847 4417 3007 4472 vobis.
3029 4412 3491 4486 comprehendere
3512 4409 3579 4443 ⁷³⁵
3598 4402 3750 4463 voluit.

2205 4522 2261 4568 et
2289 4519 2510 4582 propter
2535 4512 2638 4566 hoc
2667 4511 2733 4564 ad
2789 4517 3003 4579 tempus
3037 4507 3233 4577 aliquis
3276 4506 3342 4560 de
3366 4504 3521 4559 vobis
3552 4499 3613 4554 ab
3639 4493 3748 4582 illius

2204 4581 2494 4674 praesentia
2525 4609 2580 4656 et
2611 4601 2676 4656 ab
2699 4600 2841 4655 illius
2872 4598 3105 4654 servitio.
3121 4612 3181 4653 se
3223 4593 3494 4651 subtraxit
3529 4590 3593 4623 "°
3613 4604 3626 4652 ;
3650 4581 3746 4674 (Ιυίξ

2203 4668 2382 4747 omnis
2403 4691 2731 4762 quicumque
2756 4690 2824 4744 de
2848 4689 3003 4744 vobis
3041 4688 3110 4742 ad
3152 4695 3354 4741 rectam
3405 4683 3650 4737 rationem
3692 4668 3745 4762 all

2205 4782 2354 4836 illum
2380 4759 2436 4836 et
2464 4789 2590 4835 ante
2620 4759 2747 4837 suos
2799 4778 2986 4834 ﬁdeles
3035 4777 3222 4833 venire
3271 4774 3538 4839 voluerit,
3582 4770 3667 4824 hoc
3706 4759 3741 4815 ei

2204 4874 2471 4929 concedit.
2499 4873 2564 4928 Et
2589 4873 2632 4927 si
2651 4872 2797 4941 juste
2835 4880 2889 4927 et
2926 4869 3319 4925 rationabiliter
3362 4868 3623 4922 inventum
3652 4858 3739 4911 lue-

2131 4981 2176 5040 ι)
2205 4965 2297 5030 rit,
2326 4964 2471 5035 quod
2520 4972 2724 5022 rectam
2770 4962 3033 5019 rationem
3092 4968 3285 5020 contra
3335 4972 3461 5015 eum
3502 4944 3738 5023 aliquisde

1800 5094 2033 5148 VARI/Ii
2071 5094 2480 5151 LECTlONES.

1061 5211 1132 5232 ne
1162 5209 1295 5232 4---.
1334 5207 1392 5232 nl
1488 5207 1558 5232 van
1588 5216 1737 5232 ων..-
1774 5196 1830 5232 I‘n
1978 5206 2043 5232 ut
2073 5207 2171 5232 -.-ιι

514 4325 671 4398 quad.
685 4339 783 4381 vos
809 4324 880 4355 ⁷³⁸
911 4324 1058 4382 illum
1089 4327 1374 4396 precastis,
1400 4334 1467 4382 ut.
1491 4326 1567 4381 ad
1581 4342 1830 4387 vossuos
1860 4327 2107 4383 denomiq

513 4426 678 4477 natos
703 4416 891 4481 ﬁdeles
914 4417 968 4472 in
993 4427 1096 4473 sua
1117 4418 1368 4479 mercede
1391 4419 1800 4486 transmitteret,
1828 4429 1884 4475 et
1905 4436 2002 4476 vos
2024 4421 2099 4475 illi

510 4523 611 4578 per
638 4508 760 4566 illos
786 4518 1024 4571 vestram
1053 4510 1432 4571 necessitatem
1476 4520 1531 4566 et
1578 4510 1910 4567 voluntatem
1952 4526 2099 4566 man-

511 4598 645 4655 dare
667 4600 961 4666 volebatis;
986 4600 1105 4656 etsi
1130 4600 1333 4670 aliquid
1372 4600 1573 4657 factum
1625 4601 1912 4659 habebatis
1955 4599 2097 4670 quod

512 4691 813 4746 necessitas
835 4689 1030 4753 (uisset,
1047 4692 1360 4758 emendare,
1393 4692 1694 4751 voluntarie
1738 4706 1836 4764 per.
1884 4690 2098 4750 illorum

508 4781 799 4838 consilium
827 4783 1223 4847 emendabatis,
1247 4792 1301 4837 et
1327 4784 1469 4852 quod
1498 4783 1651 4837 vobis
1680 4782 1968 4837 consilium
1998 4782 2092 4836 do-

509 4874 762 4928 naverint
810 4874 876 4929 ad
919 4875 1088 4930 nostri
1138 4875 1370 4930 senioris
1423 4873 1733 4929 ﬁdelitatem
1778 4882 1833 4928 ct
1857 4882 2097 4928 vestram

512 4966 894 5034 salvatiODEm,
918 4967 1221 5022 voluntarie
1242 4966 1516 5022 faceretis.

2844 5215 3085 5232 ...............
3122 5201 3227 5232 ιν..-
3284 5201 3345 5232 m
3440 5200 3514 5232 ut
3536 5199 3650 5232 λοοιι
3677 5190 3733 5232 Rl.

2181 5223 2267 5232 ...ιο
2314 5222 2429 5232 ...υ-ι
2466 5207 2557 5232 -..Δ
2653 5207 2722 5232 ’121
2756 5221 2785 5232 κ
