3960 6320
206 386 310 443 633

1210 394 1634 453 FRANCORUM
1676 394 1917 453 REGUM
1949 397 2428 455 CAPITULARIA.

3345 404 3447 463 δδι

205 499 353 554 vobis
367 497 637 567 babuerit,
666 513 790 556 cum
838 501 1063 558 consilio
1115 505 1351 560 ﬁdelium
1401 523 1620 563 suorum
1668 507 1771 563 hoc
1800 518 1843 572 Α
1877 508 2018 565 illius
2065 512 2374 582 persona.in
2428 512 2529 567 ista
2558 501 2718 567 causa
2750 502 3040 580 commisit,
3072 526 3127 569 et
3151 531 3304 571 suum
3328 531 3421 572 ser

200 587 503 643 voluntarie
522 590 849 646 eniendabit.
902 591 969 646 Et
1009 594 1052 648 si
1100 596 1371 650 inventum
1415 596 1596 664 fuerit,
1627 597 1770 668 quod

1872 599 2086 666 vitium,
2116 602 2259 671 quod
2286 601 2361 656 illi
2407 611 2463 657 et
2486 610 2612 658 ante
2633 603 2762 659 fecit
2794 612 2847 659 et
2871 604 3047 661 adhuc
3076 605 3186 661 Deo
3211 607 3434 677 juvante

201 675 346 731 illam
377 692 596 734 causam
618 681 760 736 unde
786 680 982 753 aliquis
1020 684 1086 740 de
1129 686 1283 742 vobis
1328 690 1650 758 conquirere
1677 704 1772 745 vo-
1870 690 2054 757 faciet,
2079 691 2258 747 debite
2278 700 2335 747 et
2355 692 2748 748 rationabiliter
2775 694 2889 748 vult
2918 693 2994 748 illi
3044 675 3238 750 mereri
3259 694 3351 750 m.
3382 695 3442 751 Si

198 769 379 837 luerit,
412 788 510 841 per
533 774 796 829 rationem
825 774 1036 842 fecerit,
1072 779 1233 844 volet,
1277 789 1336 835 ut
1384 782 1524 837 sicut
1562 799 1658 853 per
1684 798 1771 839 ra-

200 860 398 915 tionem
427 861 578 931 fecit,
612 864 683 918 ita
713 863 851 920 facta
873 880 969 936 per
996 868 1257 925 rationem
1278 882 1613 940 permaneat.

264 950 318 1005 5.
342 951 562 1008 Mandat
603 956 775 1021 vobis,
812 958 930 1012 utsi
956 958 1153 1028 aliquis
1176 961 1242 1016 de
1267 963 1417 1016 vobis
1448 971 1647 1019 rectam
1679 978 1766 1020 ra-

198 1043 397 1099 tionem
424 1046 490 1099 ad
522 1046 669 1102 illum
695 1057 749 1105 et
796 1060 923 1106 ante
971 1067 1098 1107 suos
1147 1053 1330 1108 ﬁdeles
1360 1057 1677 1124 precaverit,
1709 1067 1765 1113 et

195 1136 317 1192 inde
346 1137 403 1192 in
432 1147 632 1194 rectam
663 1142 924 1198 rationem
950 1145 1177 1210 venerit,
1214 1153 1269 1200 et
1285 1143 1429 1215 juste
1453 1155 1506 1202 et
1535 1148 1765 1204 rationa-

192 1226 660 1284 biliterinventum
682 1230 843 1287 fuerit
862 1234 1009 1303 quod
1028 1242 1256 1304 rectam;
1271 1236 1536 1291 rationem
1561 1238 1761 1306 aliquid

193 1318 257 1374 de
279 1319 435 1376 vobis
457 1335 564 1377 non
589 1322 807 1390 habeat,
832 1334 887 1380 et
915 1326 1025 1397 ipsa
1056 1336 1200 1382 recta
1229 1330 1366 1385 ratio
1391 1329 1539 1384 illum
1569 1332 1760 1386 convi-

192 1411 345 1475 ccrit,
401 1413 525 1482 quia
560 1413 608 1468 si
652 1430 712 1471 se
768 1418 1164 1475 concrediderit
1206 1430 1260 1475 et
1289 1422 1674 1487 bumiliaverit,
1706 1432 1762 1480 et

189 1502 478 1557 eruendam
504 1503 757 1572 voluerit,
789 1514 843 1561 et
889 1508 941 1562 in
992 1508 1105 1578 ipsa
1146 1513 1522 1571 emendatione
1546 1529 1761 1584 perma-

190 1605 315 1646 nere
336 1592 585 1659 voluerit,
614 1596 738 1664 quia
763 1597 902 1652 sicut
927 1614 1049 1653 cum
1082 1600 1195 1656 suis
1240 1603 1488 1659 ﬁdelibus
1515 1605 1757 1660 rationa-

187 1681 367 1738 biliter
391 1683 662 1741 invenerit
680 1696 739 1742 ut
774 1690 1149 1746 rationabilem
1201 1693 1635 1750 misericordiam
1680 1695 1759 1751 fac

187 1770 312 1838 ciat,
343 1773 643 1831 voluntarie
670 1787 891 1848 paratus
920 1789 1003 1836 est
1033 1780 1234 1837 facere.

251 1864 305 1920 4.
330 1864 548 1927 Mandat
569 1869 746 1933 vobis,
795 1872 922 1948 quia
966 1872 1012 1927 si
1060 1873 1253 1949 aliquis
1283 1884 1368 1931 est
1395 1877 1459 1931 de
1487 1878 1639 1933 vobis
1664 1879 1753 1948 qui

182 1968 289 2011 non
314 1969 374 2010 se
392 1958 616 2014 conﬁdit
631 1960 683 2013 in
701 1975 798 2015 sua
820 1964 1167 2031 conscientia,
1189 1976 1247 2020 ut
1267 1976 1466 2023 rectam
1489 1971 1752 2025 rationem

179 2063 408 2118 precare
432 2062 529 2107 aut
553 2069 658 2110 non
688 2055 977 2112 valeataut
1002 2074 1105 2113 non
1135 2060 1348 2123 audeat,
1412 2070 1467 2117 et
1514 2078 1573 2117 sc
1604 2079 1754 2123 reco-

176 2143 390 2210 gnoscit
412 2153 466 2198 et
492 2147 741 2214 poenitet,
770 2155 825 2205 et
849 2149 1275 2207 misericordiam
1323 2152 1467 2210 illius
1495 2164 1548 2208 et
1579 2156 1753 2210 indul—

172 2231 407 2301 gentiam
428 2235 662 2303 petierit,
694 2238 819 2307 quia
845 2238 1015 2305 illum,
1053 2248 1260 2297 tantum
1297 2253 1354 2297 ut
1386 2243 1568 2299 inante
1611 2245 1753 2301 sicut

171 2323 333 2379 debet
358 2339 415 2381 se
440 2338 648 2393 caveat,
680 2330 984 2387 voluntarie
1012 2333 1303 2404 unicuique
1343 2336 1434 2407 qui
1465 2338 1544 2394 sic
1583 2354 1641 2395 sc
1668 2354 1752 2396 re-

163 2418 463 2486 cognoscit,
492 2420 921 2477 misericordiam
945 2432 998 2478 et
1026 2423 1417 2495 indiligentiam
1457 2429 1641 2484 donat.

238 2504 295 2561 5.
325 2505 539 2563 Mandat
571 2510 747 2578 vobis,
782 2523 841 2567 ut
866 2529 932 2568 ne
976 2514 1171 2585 aliquis
1198 2519 1262 2572 de
1288 2516 1376 2571 illo
1424 2518 1607 2575 inante
1650 2520 1749 2575 du-

160 2594 324 2661 bitet,
352 2599 473 2670 quia
506 2601 674 2670 ipsam
706 2612 906 2658 rectam
937 2606 1225 2675 rationem,
1253 2609 1342 2679 qui
1362 2608 1505 2663 illam
1529 2610 1744 2679 quaerit,

160 2700 383 2758 semper
409 2690 483 2745 illi
515 2691 627 2746 vult
656 2708 999 2765 conservare,
1039 2707 1088 2752 et
1122 2697 1266 2752 illam
1316 2690 1743 2757 miscricordiam

155 2793 325 2848 quam
354 2784 507 2837 modo
537 2784 611 2838 illi
637 2788 908 2854 concedit,
937 2790 1189 2846 Similiter
1209 2791 1354 2847 Illam
1382 2808 1598 2864 semper
1627 2795 1745 2851 vult

153 2880 507 2938 conservare,
540 2874 588 2928 si
617 2874 704 2928 ille
735 2876 896 2931 aliam
946 2878 1142 2933 iterum
1194 2879 1351 2935 talem
1396 2880 1465 2914 ὐ
1523 2897 1742 2936 causam

156 2972 267 3013 non
305 2963 661 3031 commiserit,
688 2981 785 3035 pro
816 2981 922 3037 qua
945 2983 1043 3039 per
1072 2978 1274 3027 rectam
1336 2968 1601 3027 rationem
1649 2971 1741 3041 ju-

151 3060 303 3107 stum
322 3053 580 3121 judicium
612 3058 807 3115 debeat
820 3061 1118 3118 sustinere.

217 3145 279 3200 6.
305 3146 713 3216 Mandatvobis,
744 3153 869 3222 quia
895 3153 939 3207 si
972 3153 1167 3223 aliquis
1212 3153 1278 3210 d‘e
1321 3156 1471 3216 vobis
1507 3158 1629 3214 talis
1654 3166 1739 3215 est

1869 790 2047 836 autem
2078 782 2273 851 aliquis
2305 782 2379 837 illi
2406 790 2500 837 aut
2521 783 2679 838 alicui
2707 782 2903 853 injuste
2930 782 3170 850 abstulit,
3207 784 3292 839 lex
3315 784 3440 850 hoc,

1866 870 2009 924 sicut
2028 873 2362 927 consuetudo
2389 883 2445 928 et
2467 884 2677 929 rectum
2706 882 2808 938 est,
2834 875 3155 945 paciﬁcabit.

1936 960 1988 1015 8.
2018 960 2084 1015 Et
2109 962 2313 1026 sciatis,
2342 963 2467 1039 quia
2494 964 2677 1018 senior
2702 973 2910 1030 noster,
2935 964 3075 1019 sicut
3093 963 3319 1020 subinde
3347 977 3444 1021 vo-

1862 1050 1987 1116 luit,
2016 1051 2127 1108 Deo
2156 1054 2381 1123 gratias,
2410 1069 2558 1109 nunc
2578 1054 2644 1109 ad
2675 1055 2872 1109 bonum
2896 1053 3145 1109 etl'ectnm
3163 1054 3435 1124 perduxit,

1863 1150 1914 1196 ct
1944 1142 2155 1213 rogavit
2205 1142 2391 1198 ﬁdeles
2420 1158 2572 1209 suos,
2599 1154 2659 1197 ut
2677 1144 2795 1199 sine
2821 1144 2927 1199 ulla
2958 1145 3101 1199 mala
3130 1145 3440 1215 suspicione

1864 1232 1929 1287 de
1956 1230 2098 1288 illius
2127 1234 2403 1288 iracundia
2432 1244 2523 1289 aut
2552 1235 2720 1309 animi
2745 1236 3103 1291 commotione
3133 1236 3437 1291 communi;

1865 1329 1947 1376 ter
1967 1332 2207 1392 quaerant
2229 1331 2285 1379 et
2315 1323 2611 1390 inveniant,
2636 1333 2799 1395 atque
2835 1324 3147 1380 describant
3170 1326 3270 1381 hoc
3294 1325 3437 1395 quod

1863 1414 1952 1471 ille
2005 1416 2299 1473 secundum
2351 1434 2508 1472 suum
2557 1418 2913 1473 ministerium
2948 1418 3128 1475 facere
3155 1420 3336 1485 debet,
3381 1426 3439 1474 et

1860 1521 1980 1576 quas
2006 1506 2184 1562 facere
2214 1507 2360 1562 illum
2390 1524 2496 1563 non
2520 1510 2870 1564 condeceant.
2903 1508 2969 1565 Et
2991 1510 3315 1580 ubicumque
3356 1510 3438 1564 in-

1860 1608 2080 1654 ventum
2112 1598 2294 1667 fuerit,
2322 1601 2465 1669 quod
2503 1601 2630 1656 fecit
2663 1603 2805 1671 quod
2846 1602 3028 1658 facere
3077 1618 3187 1657 non
3226 1601 3434 1668 debuit,

1858 1699 2084 1760 paratus
2106 1699 2211 1756 est,
2234 1700 2294 1745 ut
2320 1706 2442 1746 cum
2463 1692 2557 1746 Dei
2584 1690 2851 1760 adjutorio
2873 1700 2926 1747 et
2955 1693 3190 1747 ﬁdelium
3215 1707 3434 1747 suorum

1859 1781 2084 1836 consilio
2104 1781 2227 1846 hoc,
2255 1797 2415 1851 quam
2437 1782 2599 1837 citius
2620 1772 2741 1836 cum
2762 1783 2973 1837 ratione
2998 1788 3057 1837 et‘
3082 1782 3435 1852 possibilitate

1792 1855 2150 1926 Bemendare
2171 1873 2425 1942 pomerit,
2453 1873 2703 1927 emendet
2730 1881 2787 1927 et
2841 1873 3026 1927 inante
3070 1872 3326 1942 corrigat,
3379 1879 3436 1926 et

1854 1969 2099 2017 correcta
2122 1962 2424 2027 custodiat;
2456 1970 2511 2017 et
2537 1963 2679 2031 qttod
2729 1962 2908 2016 facere
2958 1962 3144 2016 debuit
3178 1962 3321 2031 quod
3362 1961 3433 2015 ad

1853 2051 2079 2107 salutem
2102 2061 2157 2106 et
2177 2053 2516 2108 honestatem
2542 2052 2685 2106 illius
2713 2051 2987 2121 pertinuit,
3020 2060 3075 2105 et
3101 2050 3301 2121 aliquid
3331 2049 3432 2104 mi-

1846 2142 1955 2197 'nns
1979 2143 2128 2209 fecit,
2157 2145 2258 2198 hoc
2287 2160 2410 2198 cum
2438 2144 2531 2198 Dei
2559 2143 2827 2216 adiutorio
2854 2151 2911 2197 et
2940 2142 3176 2196 ﬁdelium
3210 2152 3429 2196 suorum

1851 2233 2077 2289 consilio
2106 2242 2160 2289 et
2184 2234 2406 2302 auxilio,
2456 2235 2635 2291 facere
2664 2250 2826 2305 quam
2853 2233 3016 2290 citius
3047 2249 3167 2291 cum
3220 2233 3432 2289 ratione

1850 2336 1903 2382 et
1925 2328 2282 2397 possibilitate
2310 2328 2569 2398 potuerit,
2603 2326 2788 2382 faciat.

1920 2404 2068 2473 9.'Et
2096 2417 2349 2473 similiter
2372 2417 2507 2481 vult,
2538 2427 2597 2471 ut
2618 2431 2717 2472 nos
2751 2431 3056 2487 quaaramus
3098 2426 3154 2472 et
3189 2416 3433 2471 inveniaé

1848 2524 1967 2564 mus
1990 2518 2044 2564 et
2068 2509 2439 2564 describamus
2467 2508 2594 2578 quid
2624 2516 2678 2562 et
2707 2507 2941 2577 qualiter
2974 2507 3131 2560 nobis
3184 2504 3428 2559 ﬁdelibus

1847 2604 1959 2658 suis
1980 2603 2033 2656 in
2062 2616 2387 2673 unoquoque
2404 2601 2595 2656 ordine
2621 2609 2806 2654 contra
2834 2598 2983 2652 illum
3014 2597 3304 2652 conveniat
3346 2594 3431 2648 fa-

1846 2707 1988 2757 cere,
2018 2701 2073 2747 et
2097 2693 2227 2762 quid
2255 2708 2359 2747 non
2383 2690 2665 2747 conveniat
2685 2689 2893 2755 facere;
2917 2697 2977 2743 ut
2995 2689 3083 2743 illa
3128 2702 3250 2758 quae
3296 2702 3428 2742 con-

1844 2783 2070 2838 veniunt
2098 2782 2378 2850 Faciamus,
2404 2792 2458 2837 et
2488 2782 2578 2837 illa
2603 2797 2720 2851 quae
2746 2797 2851 2836 non
2880 2781 3209 2836 conveniunt
3232 2793 3427 2835 cavea-

1845 2889 1983 2936 mus,
2019 2881 2074 2928 et
2102 2872 2428 2941 ubicumque
2473 2872 2527 2926 in
2556 2880 2701 2925 retro
2733 2870 2912 2940 aliqua
2940 2870 3013 2902 7“
3053 2884 3085 2923 a
3129 2868 3284 2923 nobis
3312 2868 3427 2922 suis

1842 2964 2094 3020 ﬁdelibus
2125 2965 2177 3019 in
2205 2979 2546 3034 quocumque
2588 2964 2782 3036 ordine
2811 2964 2951 3018 facta
3000 2970 3126 3018 sunt
3167 2976 3287 3031 quae
3314 2975 3424 3015 non

1843 3055 2197 3121 condeceant,
2228 3069 2355 3110 cum
2380 3054 2475 3109 Dei
2506 3064 2562 3108 et
2591 3054 2733 3110 illius
2767 3054 2966 3108 auxilio
2988 3062 3043 3109 et
3064 3062 3249 3107 nostro
3271 3067 3418 3107 com-

1844 3145 1991 3199 muni
2016 3145 2263 3209 consilio,
2286 3159 2454 3214 quam
2484 3144 2649 3200 citius
2666 3159 2786 3199 cum
2814 3144 3022 3198 ratione
3065 3151 3123 3197 et
3150 3140 3423 3211 possibili-

147 3235 240 3303 qui
288 3237 453 3304 dicat,
487 3240 614 3307 quia
648 3203 1089 3311 projpaupcrtate
1115 3251 1169 3297 et
1213 3245 1558 3311 necessitate,
1608 3250 1736 3318 quia

1846 3246 1955 3292 tate
1996 3237 2286 3292 emendare
2339 3237 2694 3307 potuerimus,
2741 3236 3098 3291 emcndemus
3136 3234 3424 3290 etinante

152 3326 360 3383 multos
384 3329 501 3384 dies
529 3330 583 3384 in
612 3330 755 3386 illius
782 3333 1004 3388 servitio
1032 3333 1182 3388 misit
1202 3344 1257 3389 et
1278 3336 1460 3390 omnia
1492 3353 1613 3407 quae
1643 3339 1737 3393 lia-

154 3416 274 3473 buit
325 3421 613 3491 dispendit,
668 3423 736 3479 ad
770 3425 929 3480 talem
965 3428 1420 3497 conjunctionem,
1449 3441 1508 3484 ut
1536 3432 1736 3502 aliquid

151 3505 467 3578 impetraret
489 3514 632 3583 quod
655 3528 749 3583 per
776 3516 1052 3570 servitium
1084 3516 1376 3587 impetrare
1409 3536 1515 3575 non
1539 3524 1730 3590 potuit,

154 3611 208 3653 se
230 3601 668 3675 conjunxit,quia
691 3607 735 3662 si
764 3608 865 3663 hoc
881 3618 1063 3664 nostro
1078 3612 1277 3666 seniori
1302 3621 1429 3666 ante
1457 3628 1583 3668 suos
1601 3616 1732 3672 ﬁde-

159 3687 232 3746 les
265 3694 638 3753 demonstrare
674 3700 924 3769 potuerit,
954 3711 1007 3755 et
1033 3703 1133 3756 hoc
1154 3703 1198 3756 si
1228 3718 1412 3758 verum
1444 3704 1719 3761 inventum

162 3778 316 3838 fuerit
339 3790 481 3857 quod
509 3790 740 3845 senioris
768 3794 933 3845 nostri
966 3791 1122 3862 culpa
1153 3792 1338 3858 fuerit,
1362 3798 1502 3865 quod
1528 3810 1622 3865 per
1642 3812 1734 3851 ne-

161 3875 454 3932 cessitatem
494 3878 688 3949 aliquis
718 3881 783 3935 de
820 3881 972 3937 vobis
994 3884 1390 3940 rationabiliter
1415 3886 1481 3941 de
1508 3887 1732 3942 servitio

161 3960 293 4021 illius
320 3984 379 4024 se
409 3970 502 4024 tali
534 3971 694 4026 modo
741 3973 1092 4040 subtraxerit,
1136 3975 1262 4045 quia
1308 3976 1490 4031 senior
1544 3986 1734 4033 noster

161 4054 251 4111 hnc
300 4062 601 4117 voluntarie
629 4065 989 4135 recognoscit,
1016 4076 1225 4137 etcum
1255 4068 1484 4123 consilio
1523 4070 1588 4124 de
1618 4070 1730 4125 suis

162 4144 393 4205 ﬁdelibus
419 4152 541 4217 hoc,
566 4167 729 4223 quam
759 4154 920 4210 citius
946 4162 1000 4209 et
1046 4155 1421 4212 rationabilius
1468 4160 1727 4229 potuerit,

158 4243 464 4297 emendabit.

218 4328 267 4383 7.
293 4331 513 4388 Mandat
543 4334 718 4401 vobis,
744 4337 870 4406 quia
900 4337 944 4392 si
990 4337 1186 4407 aliquis
1234 4339 1300 4394 de
1326 4341 1478 4397 vobis
1505 4342 1724 4410 dixerit,

158 4422 283 4489 quod
306 4424 407 4479 hoc
430 4426 575 4495 quod
606 4425 732 4482 fecit
771 4444 876 4483 non
909 4443 1008 4498 pro
1031 4444 1129 4484 sua
1182 4430 1498 4486 inﬁdelitate
1548 4450 1723 4505 neque

158 4526 243 4581 pro
261 4528 357 4568 sua
383 4515 864 4573 desinltonorantia
892 4518 961 4550 ’δ’
991 4518 1138 4586 fecit,
1171 4529 1225 4575 et
1251 4521 1402 4575 timet
1429 4521 1625 4593 aliquis
1654 4525 1720 4578 de
1750 4549 1797 4608 ι)

158 4603 313 4669 vobis,
343 4607 487 4682 quod
536 4615 719 4663 noster
746 4609 929 4667 senior
956 4608 1116 4664 alicui
1170 4609 1239 4665 de
1286 4611 1439 4666 vobis
1468 4622 1721 4682 reputare

160 4691 325 4749 inante
347 4694 541 4751 debeat
581 4698 685 4753 boc
735 4697 957 4764 factum,
987 4710 1080 4754 aut
1130 4716 1228 4770 pro
1256 4717 1352 4755 sua
1404 4701 1723 4759 inﬁdelitate

158 4795 237 4839 aut
258 4800 354 4855 pro
380 4802 480 4841 sua
506 4787 934 4853 desinhorantia,
957 4798 1012 4843 et
1033 4799 1254 4859 propter
1299 4792 1400 4845 hoc
1422 4791 1535 4862 jam
1581 4792 1723 4849 ultra

163 4875 217 4929 ad
240 4876 381 4931 illum
409 4892 516 4932 non
547 4878 743 4933 debeat
768 4880 1050 4934 consilium
1095 4890 1366 4951 acaptare,
1418 4882 1542 4952 quia
1589 4900 1723 4954 qua-

162 4964 437 5038 liscumque
468 4970 535 5025 de
563 4970 715 5026 vobis
746 4971 835 5026 tali
861 4972 1018 5026 modo
1045 4972 1096 5026 in
1148 4973 1251 5028 isto
1282 4972 1427 5030 facto
1464 4977 1719 5033 commis-

164 5058 346 5114 culatus
377 5071 480 5125 est,
508 5060 552 5116 si
580 5061 764 5117 inante
792 5062 864 5118 illi
895 5063 973 5118 sic
1001 5063 1069 5095 7”
1095 5063 1270 5120 ﬁdelis
1300 5074 1355 5120 et
1379 5065 1638 5125 obediens
1663 5074 1720 5123 et

164 5149 351 5219 adjutor
371 5150 439 5205 ad
467 5166 623 5206 suum
649 5169 874 5224 regnum
900 5162 957 5209 et
983 5154 1222 5212 debitum
1248 5156 1507 5219 bonorem
1545 5159 1716 5214 conti-

166 5243 370 5297 nendum
400 5242 591 5311 fuerit,
637 5244 779 5300 sicut
820 5261 918 5316 per
969 5254 1174 5301 rectum
1206 5248 1367 5303 homo
1394 5263 1494 5303 suo
1519 5249 1633 5319 regi
1659 5258 1719 5306 et

165 5346 246 5388 suo
265 5333 453 5389 seniori
484 5349 605 5390 esse
634 5334 814 5401 debet,
843 5336 967 5406 quia
993 5336 1122 5389 nulli
1149 5336 1214 5391 de
1244 5338 1352 5392 ista
1376 5354 1538 5395 causa
1568 5339 1714 5395 volet

164 5418 223 5452 '“
245 5431 515 5492 reputare,
535 5423 632 5481 sed
656 5431 826 5479 totum
873 5439 941 5480 ex
966 5425 1130 5485 corde
1155 5424 1428 5483 dimittere
1472 5429 1615 5497 quod
1658 5429 1714 5483 in

1840 3330 2190 3397 corrigamus,
2224 3337 2277 3382 et
2301 3339 2550 3384 correcta
2580 3328 2971 3384 custodiamus.

1911 3418 1998 3473 10.
2038 3419 2103 3473 Et
2125 3420 2334 3485 sciatis,
2365 3421 2489 3490 quia
2520 3420 2599 3475 sic
2627 3427 2712 3474 est
2742 3419 3010 3473 adunatus
3030 3417 3099 3449 "'*"
3140 3432 3262 3471 cum
3304 3432 3421 3471 om-

1839 3509 1997 3562 nibus
2023 3508 2136 3562 suis
2162 3507 2411 3565 ﬁdelibus
2438 3511 2489 3565 in
2521 3510 2669 3563 omni
2692 3510 2882 3564 ordine
2917 3517 2968 3563 et
3013 3518 3176 3573 statu,
3216 3516 3271 3562 ct
3321 3523 3420 3562 nos

1836 3613 2028 3653 omnes
2054 3598 2137 3652 sui
2170 3600 2357 3654 tidelcs
2383 3601 2448 3654 de
2469 3600 2614 3654 omni
2638 3600 2827 3654 ordine
2853 3606 2907 3652 et
2926 3607 3094 3664 statu,
3136 3608 3196 3653 ut
3239 3599 3286 3653 si
3334 3599 3428 3652 ille

1830 3689 1982 3758 juxta
2008 3690 2297 3744 humanam
2323 3690 2665 3762 fragilitatem
2699 3690 2897 3759 aliquid
2923 3699 3111 3745 contra
3168 3690 3273 3745 tale
3326 3705 3420 3758 pa-

1834 3788 1980 3833 ctum
2012 3779 2219 3844 fecerit,
2265 3780 2412 3835 illum
2444 3782 2670 3835 honeste
2700 3789 2901 3834 etcum
2934 3782 3254 3848 reverentia,
3276 3780 3417 3835 sicut

1836 3873 2107 3926 seniorem
2151 3870 2329 3936 decet,
2359 3886 2750 3935 ammonemus,
2794 3881 2850 3924 ut
2900 3871 2988 3924 ille
3027 3872 3130 3926 boc
3180 3872 3416 3940 corrigat

1833 3969 1889 4016 et
1912 3959 2186 4027 emendet,
2226 3968 2281 4015 et
2330 3961 2619 4029 unicuique
2646 3961 2698 4013 in
2729 3974 2825 4013 suo
2851 3960 3041 4014 ordine
3065 3960 3298 4014 debitam
3337 3961 3416 4013 le-

1833 4066 1952 4121 gem
1985 4061 2290 4105 conservet.
2324 4049 2389 4104 Et
2417 4050 2460 4103 si
2493 4048 2688 4118 aliquis
2718 4050 2782 4104 de
2805 4051 2961 4104 nobis
2992 4051 3044 4103 in
3075 4063 3414 4119 quocumque

1831 4141 2023 4195 ordine
2048 4149 2235 4196 contra
2271 4141 2431 4195 istum
2461 4148 2673 4208 pactum
2701 4140 2753 4193 in
2791 4148 2978 4194 contra
3008 4140 3155 4193 illum
3197 4139 3410 4204 fecerit,

1830 4231 1876 4285 si
1904 4232 2027 4287 talis
2053 4241 2156 4297 est,
2206 4245 2267 4288 ut
2313 4233 2403 4287 ille
2448 4233 2572 4288 inde
2600 4249 2722 4287 eum
2776 4248 3090 4288 ammonere
3139 4234 3314 4288 valeat
3354 4239 3413 4286 ut

1828 4325 2099 4392 emendet,
2123 4326 2321 4391 faciat;
2360 4327 2479 4381 etsi
2508 4327 2630 4381 talis
2657 4336 2945 4390 estcausa,
2974 4336 3033 4380 ut
3076 4326 3200 4381 inde
3255 4325 3415 4380 illum.

1827 4416 2170 4473 fatriiliaritcr
2192 4435 2294 4474 non
2319 4419 2512 4473 debeat
2533 4433 2865 4484 ammonere,
2887 4427 2941 4473 et
2964 4426 3086 4471 ante
3107 4432 3233 4471 suos
3254 4430 3411 4486 pares

1829 4509 1975 4562 illum
2007 4510 2058 4563 in
2085 4520 2286 4566 rectam
2317 4512 2581 4565 rationem
2614 4512 2811 4575 mittat,
2836 4519 2891 4564 ct
2920 4511 3006 4565 ille
3043 4511 3132 4580 qui
3169 4510 3406 4563 debitum

1824 4609 2043 4668 pactum
2062 4608 2116 4654 et
2139 4610 2338 4654 rectam
2368 4601 2535 4670 legem
2562 4608 2617 4654 et
2639 4601 2872 4654 debitam
2921 4601 3119 4655 seniori
3152 4614 3405 4654 reveren-

1821 4692 1951 4745 tiam
1983 4708 2085 4747 non
2121 4692 2232 4746 vult
2261 4692 2518 4747 exhibere
2538 4701 2591 4745 et
2618 4694 2929 4756 observare,
2954 4691 3161 4760 justum
3182 4692 3411 4762 justitize

1814 4781 2082 4852 judicium.
2103 4783 2387 4837 sustineat.
2438 4782 2506 4837 Et
2534 4782 2577 4836 si
2627 4782 2895 4836 sustinere
2925 4799 3028 4838 non
3075 4781 3324 4848 voluerit,
3352 4789 3410 4835 et

1822 4882 2110 4928 contumax
2134 4884 2189 4928 ct
2240 4874 2454 4929 rebellis
2501 4874 2746 4929 extiterit
2787 4882 2842 4927 et
2884 4874 3126 4929 converti
3158 4890 3264 4928 non
3316 4889 3405 4942 po-

1821 4968 2005 5031 tuerit,
2033 4984 2059 5022 a
2099 4975 2285 5022 nostra
2316 4968 2555 5023 omnium
2584 4966 2844 5022 societate
2873 4976 2927 5022 et
2974 4982 3138 5035 regno
3167 4966 3234 5020 ab
3282 4982 3392 5020 om-

1825 5060 1985 5115 nibus
2007 5058 2328 5128 expellatur.
2358 5059 2426 5112 Et
2445 5059 2489 5113 si
2507 5059 2688 5113 senior
2709 5069 2894 5112 noster
2917 5058 3083 5127 legem
3113 5056 3403 5124 unicuique

1821 5148 2058 5203 debitam
2088 5157 2145 5213 et
2171 5164 2199 5202 a
2230 5163 2288 5203 se
2311 5156 2366 5202 et
2389 5163 2419 5202 a
2448 5149 2561 5202 suis
2582 5148 3018 5203 antecessoribus
3055 5146 3208 5200 nobis
3229 5155 3285 5198 et
3312 5159 3403 5199 no-

1817 5238 2772 5307 strisantecessoribusperdonatam,
2790 5252 2889 5307 per
2914 5245 3114 5291 rectam
3139 5234 3397 5287 rationem

1816 5332 1901 5387 vel
1939 5331 2371 5387 misericordiam
2421 5340 2814 5401 competentem
2867 5330 3155 5399 unicuique
3201 5328 3253 5381 in
3302 5342 3398 5380 suo

1828 5418 2003 5480 ‘rdine
2025 5439 2352 5480 conservare
2375 5439 2483 5479 non
2509 5424 2759 5492 voluerit,
2783 5434 2837 5479 et
2874 5423 3202 5478 ammonitus
3228 5436 3257 5480 ει
3284 5421 3398 5476 suis

1422 5538 1656 5595 vanus
1693 5528 2097 5597 LECTIONES.

223 5651 279 5683 ’δ’
304 5651 447 5706 deest
465 5652 520 5706 2.
596 5654 667 5686 '“
689 5654 1111 5710 deshonorantiu
1144 5657 1228 5711 hic
1256 5657 1309 5711 2.
1385 5658 1455 5689 ⁷⁸³
1484 5659 1667 5714 inaute
1700 5659 1773 5713 sit
1806 5659 1860 5713 2.

1948 5660 2020 5692 ⁷⁸⁵
2043 5676 2093 5715 v.
2130 5675 2177 5713 r.
2223 5675 2269 5714 s.
2295 5669 2337 5713 t.
2371 5675 2437 5715 ex
2459 5674 2510 5714 c.
2538 5658 2593 5713 d.
2618 5675 2671 5729 q.
2701 5659 2753 5713 in
2784 5659 2818 5713 i.
2846 5655 2899 5728 ιῖ.
2930 5659 2983 5714 in
3021 5659 3055 5712 i.
3093 5673 3139 5712 c.
3166 5656 3394 5729 secunda

163 5724 383 5801 Maenia
407 5724 644 5801 margine
671 5726 943 5801 scriptqp2.
1018 5728 1088 5759 "“
1125 5742 1336 5784 merere
1379 5726 1435 5783 S.
1485 5729 1549 5785 Β.
1624 5729 1694 5762 ⁷⁸⁸
1733 5726 1934 5800 aliquid
1964 5729 2019 5787 2.
2095 5731 2163 5764 7"
2205 5729 2523 5786 Simondus.
2554 5724 2713 5785 manu
2757 5724 2983 5801 reposuit
3006 5730 3277 5801 legendum
3314 5728 3394 5783 sic

163 5804 236 5848 est
269 5793 348 5848 ille
385 5794 676 5862 adunatus,
698 5793 805 5851 etc.
848 5795 976 5851 Βιι..

2592 5924 2619 5939 ’νει
