3960 6320
212 384 299 440 637
852 406 857 411 ’
1078 406 1081 409 ·
1204 389 1631 452 FRANCORUM
1666 394 1909 452 REGUM
1945 397 2424 458 CAPITULARIA.
3328 411 3432 473 638

158 492 161 495 ’
210 501 364 557 ﬁdeles
406 508 650 571 vestros,
681 517 816 574 quos
870 505 995 563 inde
1038 506 1330 565 admonere
1376 512 1648 578 convenit,
1697 521 1752 570 et
1778 520 1828 577 Α
1855 528 1989 568 vaco
2026 514 2363 583 decrevistis,
2396 516 2626 574 cumbis
2649 533 2775 589 quae
2809 518 2864 575 in
2891 518 3125 579 Leodico
3147 536 3269 579 cum
3316 523 3435 579 fra-

209 594 358 650 verbis
380 602 436 650 et
458 595 696 664 scriptis,
729 597 870 652 sicut
888 598 989 668 ipsi
1009 599 1159 656 scitis
1183 610 1238 656 et
1253 603 1524 658 manentia
1553 604 1752 675 scripta
1854 613 1938 661 tre
1971 612 2153 661 vestro
2183 606 2465 663 Hlothario
2487 609 2863 676 adnuntiastis,
2902 611 3190 684 diligenter
3226 625 3281 670 et
3318 615 3435 671 [τε--

208 692 464 749 testantur,
512 683 830 755 frequenter
871 696 928 743 et
968 688 1260 746 salubriter
1299 696 1749 762 eommonuimus,
1851 704 2080 764 quenter
2098 698 2164 751 ad
2194 699 2506 753 memoriam
2535 700 2806 756 reducatis
2836 717 2899 757 ac
2933 683 3205 775 relegatis,
3231 714 3283 761 et
3313 721 3439 777 quas

206 776 402 845 utquod
432 786 621 833 contra
652 780 879 836 salutem
908 790 963 837 et
1003 785 1379 842 auctoritatem
1410 788 1607 844 factum
1636 800 1754 846 erat
1852 787 1907 842 in
1933 803 2101 860 regno
2123 798 2308 844 vestro
2336 799 2523 847 contra
2549 790 2637 845 illa
2670 801 2803 845 aeta
2829 802 2973 858 sunt,
3005 802 3301 865 contraque
3332 776 3427 851 7di-

206 867 589 933 emendaretur,
625 881 679 925 et
711 886 778 928 ne
807 873 1062 944 deinceps
1096 877 1528 936 committeretur
1573 881 1755 936 omni-,
1850 878 2030 937 vinam
2058 889 2114 935 et
2132 880 2402 938 salubrem
2425 884 2827 948 auctoritatem,
2850 901 3010 956 quam
3056 888 3437 959 progenitores

203 956 348 1012 modis
368 968 674 1026 caveretur,
706 961 1087 1021 damnabiliter
1108 967 1208 1022 ista
1245 969 1616 1040 increpatione
1642 989 1747 1029 non
1850 981 1904 1026 et
1925 973 2355 1043 praedecessores
2384 978 2550 1033 vestri
2591 979 2799 1035 directo
2822 981 3014 1036 ordine
3042 964 3337 1038 tenuerunt
3374 992 3431 1038 et

201 1052 464 1124 tangimur.
495 1052 600 1112 Sed
627 1063 681 1110 et
714 1072 857 1111 nunc
880 1059 1082 1115 nostris
1104 1062 1327 1118 monitis
1365 1063 1508 1121 illius
1548 1068 1749 1124 monita
1849 1061 2291 1131 observaverunt,
2318 1076 2625 1137 perpetrata
2654 1079 2803 1136 sunt,
2835 1073 3157 1140 quantocius
3192 1074 3331 1129 ratio
3374 1082 3432 1129 et

201 1142 582 1213 coniungentes,
628 1154 682 1199 et
716 1146 857 1203 illius
911 1150 1132 1206 monitis
1179 1159 1365 1208 nostra
1420 1155 1491 1189 7”
1543 1157 1757 1214 monita
1847 1154 2186 1223 possibilitas
2233 1158 2519 1227 permittit,
2554 1162 2830 1233 corrigere
2870 1165 3193 1233 procuretis.
3247 1165 3314 1220 Et
3359 1179 3431 1220 ne

199 1233 573 1305 subjungentes,
608 1235 920 1307 hortamur,
951 1249 1009 1297 ut
1049 1251 1248 1299 statum
1295 1247 1755 1305 monasteriorum
1848 1243 1915 1299 de
1961 1254 2159 1300 caetero
2201 1260 2230 1299 a
2284 1261 2624 1319 quocumque
2675 1259 2867 1306 contra
2915 1251 3032 1307 haec
3084 1263 3312 1323 agantur
3336 1254 3429 1320 πε,

198 1323 416 1394 inreguo
454 1334 634 1381 vestro
662 1327 733 1361 ⁷⁸³
762 1331 1199 1400 consistendum,
1231 1335 1390 1390 aliter
1439 1353 1599 1408 quam
1649 1339 1736 1394 de-
1848 1337 2210 1393 communiter
2250 1352 2439 1395 omnes
2477 1350 2803 1410 cooperante
2850 1343 3079 1398 Domino
3120 1359 3429 1402 caveamus.

194 1414 303 1470 beat
336 1424 390 1471 et
424 1415 619 1471 deceat
657 1432 975 1489 perversum
1004 1439 1068 1480 ac
1106 1425 1410 1492 confusum,
1442 1440 1646 1499 quanto
1675 1432 1748 1487 ci-
1850 1423 1916 1478 Et
1936 1425 1979 1479 si
2011 1425 2140 1495 quid
2165 1436 2352 1483 contra
2381 1429 2495 1486 haec
2532 1441 2714 1485 actum
2745 1429 2933 1495 fuerit,
2951 1434 3135 1488 statim
3172 1444 3232 1489 ut
3273 1436 3435 1492 citius

194 1503 286 1561 tius
306 1513 359 1559 et
382 1505 573 1562 melius
601 1523 665 1564 ac
704 1511 1011 1580 possibilius
1044 1524 1207 1586 atque
1234 1520 1608 1577 rationabilius
1651 1537 1749 1593 po-
1849 1513 1966 1568 ﬁeri
2010 1517 2264 1585 potuerit,
2321 1520 2576 1589 aequitate
2614 1530 2668 1578 et
2717 1522 2926 1577 ratione
2967 1538 3030 1578 ac
3073 1525 3434 1594 possibilitate

191 1597 403 1664 tueritis,
449 1600 747 1658 restituere.
777 1611 835 1660 et
861 1606 1135 1677 corrigere
1182 1611 1461 1667 studeaiis.
1517 1613 1585 1668 Ει
1640 1630 1746 1671 non
1848 1607 2086 1665 dictante
2112 1608 2317 1682 absque
2344 1612 2466 1666 dolo
2495 1628 2615 1668 cum
2640 1624 2786 1669 recta
2812 1615 3112 1671 intentione
3138 1624 3193 1671 et
3223 1616 3337 1689 lege
3363 1632 3437 1673 ae

190 1688 344 1747 solum
370 1690 470 1745 hoc
503 1707 600 1748 vos
638 1702 693 1749 et
722 1697 1042 1754 commissos
1081 1700 1233 1755 vobis
1265 1702 1317 1757 in
1350 1718 1514 1772 regno
1563 1715 1747 1762 νεευιο
1849 1698 2173 1754 auctoritate
2201 1709 2539 1771 competente
2566 1703 2855 1773 unicuique
2887 1704 3061 1759 ordini
3097 1688 3429 1776 corrigatur.

188 1795 333 1852 agere
375 1798 802 1855 commonemus,
832 1805 1020 1846 verum
1070 1790 1233 1848 etiam
1285 1810 1589 1863 monemus,
1620 1799 1747 1855 bor—
1847 1789 1915 1847 Et
1942 1806 2008 1846 ne
2038 1790 2155 1847 leve
2178 1792 2428 1862 cuiquam
2456 1794 2719 1860 videatur,
2751 1796 2894 1865 quod
2922 1796 3033 1851 Deo
3055 1806 3192 1853 teste
3219 1812 3283 1852 ac
3320 1812 3431 1852 mm

187 1882 363 1937 tamur,
390 1884 444 1929 et
472 1891 775 1946 precamur,
803 1890 862 1935 ut
908 1882 1139 1954 capitula
1178 1900 1297 1956 quae
1334 1903 1431 1943 vos
1478 1889 1593 1961 ipse
1620 1906 1741 1946 eum

1886 1881 2031 1936 iante
2081 1897 2238 1939 manu
2295 1884 2517 1953 propria
2569 1885 2945 1941 conﬁrmatum
2973 1924 2999 1953 ,_
3040 1894 3098 1942 et
3143 1887 3444 1958 sponsione-

182 1964 410 2021 ﬁdelibus
441 1968 635 2023 vestris
664 1970 716 2023 in
755 1971 973 2031 Colonia
1004 1974 1126 2031 villa
1163 1991 1323 2031 manu
1356 1981 1574 2050 propria
1612 1998 1744 2038 con-

1869 1980 2014 2027 ;antte
2041 1973 2109 2004 ⁷³⁸
2138 1973 2399 2039 veritatis,
2432 1991 2553 2045 qua:
2583 1977 2725 2031 Deus
2768 1984 2873 2042 est,
2903 1978 3203 2033 assertione
3247 1978 3433 2048 prola-

180 2057 438 2125 ﬁrmastis,
473 2062 566 2117 sed
592 2070 647 2118 et
668 2078 743 2123 ea,
776 2081 896 2136 qua
935 2067 986 2121 in
1036 2067 1263 2127 Belvaco
1292 2072 1511 2130 ciuitate
1536 2078 1744 2144 episco.
1850 2072 1963 2119 tum
1994 2072 2094 2129 est,
2122 2064 2295 2120 discat
2316 2080 2383 2120 ex
2405 2067 2834 2124 conﬁrmationis
2861 2070 3114 2126 cautione
3164 2070 3220 2126 in
3252 2070 3445 2137 terris,

174 2148 252 2217 pis
277 2151 611 2208 tradentibus
632 2155 733 2210 sub
760 2157 1071 2215 conditione
1098 2162 1374 2216 notissima
1400 2166 1738 2236 suscepistis,

1872 2165 1903 2212 :t
1930 2173 1997 2213 ex
2020 2159 2364 2228 baptismatis
2385 2175 2450 2216 ac
2482 2170 2799 2216 eaeterarum
2829 2162 3265 2218 observationum
3305 2177 3436 2219 conl-

173 2240 255 2295 illa
281 2256 491 2314 quoque
516 2260 639 2314 quae
665 2260 788 2302 cum
817 2247 1082 2306 fratribus
1107 2253 1302 2308 vestris
1330 2268 1488 2309 secus
1529 2254 1737 2312 'l‘eudo-

1872 2250 2154 2307 irmatione
2195 2253 2246 2307 in
2278 2252 2453 2320 etrlis,
2480 2255 2699 2325 quantis
2737 2254 2965 2311 nexibus
2990 2254 3220 2325 quisque
3249 2264 3436 2310 tenea-

170 2332 252 2388 nis
276 2333 453 2389 villam
476 2336 531 2393 in
560 2336 677 2395 loco
717 2339 809 2410 qui
846 2340 1045 2397 dicitur
1067 2341 1334 2398 Judicium
1377 2346 1737 2416 approbastis,
1845 2352 1935 2398 tur
1955 2344 2282 2412 obstrictus;
2314 2361 2611 2418 omnesque
2639 2347 2781 2416 quod
2803 2347 2984 2402 divino
3011 2345 3215 2418 Spiritu
3239 2346 3440 2401 dicitur

170 2424 363 2497 illaque
403 2444 525 2499 qua:
571 2430 627 2485 in
690 2431 870 2487 Verrio
918 2433 1118 2503 palatio
1160 2434 1493 2507 synodaliter
1525 2437 1738 2506 prolata
1846 2436 2209 2493 communiter
2246 2439 2573 2494 audiamus:
2611 2437 2731 2493 Nisi
2776 2439 3008 2493 conversi
3051 2438 3280 2508 fueritis,
3321 2436 3448 2507 gla«

167 2522 495 2591 suscepistis,
521 2537 584 2579 ea
611 2524 773 2580 etiam
799 2542 918 2596 qum
941 2526 993 2583 in
1018 2527 1294 2599 Sparnaeo
1320 2530 1386 2585 dc
1425 2529 1747 2601 cpiscopali«
1849 2530 1996 2584 dium
2021 2547 2176 2584 situm
2210 2531 2436 2585 vibrabit
2458 2547 2479 2596 ;
2510 2547 2691 2584 arcum
2718 2546 2872 2585 suum
2894 2530 3127 2593 tetendit,
3160 2539 3209 2583 et
3231 2529 3440 2599 paravit

163 2610 264 2673 lius
309 2614 558 2684 capitulis
603 2632 727 2672 cum
774 2618 1072 2677 illustribus
1123 2621 1258 2676 viris
1302 2630 1353 2676 et
1408 2620 1745 2692 sapientibus
1846 2621 2019 2688 illum,
2049 2633 2096 2677 et
2122 2623 2262 2677 ineo
2283 2623 2633 2692 paravitvasa
2658 2622 2861 2677 mortis.
2895 2620 2970 2678 De
3010 2621 3206 2692 quibus
3234 2634 3336 2675 nos
3362 2619 3435 2652 "'

162 2702 447 2763 baronibus
474 2709 673 2765 vestris
724 2710 1061 2768 observanda
1103 2712 1405 2784 delegistis,
1434 2714 1529 2768 sed
1567 2722 1624 2768 et
1653 2713 1741 2769 illa
1848 2729 2037 2770 omnes
2064 2713 2130 2768 ad
2156 2729 2214 2769 se
2254 2724 2307 2769 et
2336 2714 2718 2769 mandatorum
2750 2728 2972 2768 suorum
3001 2710 3438 2768 observationem

161 2808 281 2865 qua
330 2813 446 2854 cum
506 2797 769 2857 fratribus
820 2803 1019 2859 vestris
1065 2804 1204 2873 apud
1259 2803 1530 2859 Marsnam
1578 2819 1738 2860 manu
1849 2820 2165 2871 conversos,
2193 2805 2321 2859 etin
2349 2805 2726 2863 observatione
2748 2801 3064 2858 eorumdem
3102 2814 3431 2872 permanen-

160 2887 376 2957 propria
403 2889 787 2957 conﬁrmastis,
825 2909 1013 2949 verum
1044 2902 1099 2949 et
1134 2893 1223 2949 illa
1262 2910 1382 2965 quae
1430 2894 1485 2950 in
1534 2899 1741 2967 synodo
1848 2906 1952 2964 tes,
1993 2895 2366 2967 eripiatJesus
2393 2894 2649 2953 Christus
2674 2895 2925 2951 dominus
2968 2904 3183 2960 noster;
3215 2892 3299 2949 cui
3355 2898 3445 2947 est.

163 2975 523 3049 Suessionica,
561 2982 647 3040 cui
693 2993 930 3041 vestram
974 2986 1316 3057 priesentiam
1355 2985 1614 3042 exhibere
1660 2987 1741 3061 di-
1846 2990 2042 3056 bonor,
2066 3000 2121 3045 et
2163 2989 2356 3060 gloria,
2392 2998 2653 3060 potestas,
2682 2998 2738 3045 et
2784 2987 3069 3059 imperium
3098 2999 3197 3059 per
3251 2983 3447 3044 omnia.

160 3072 309 3146 gnati
332 3073 529 3146 fuistis,
552 3078 897 3150 acceptastis,
922 3093 1132 3135 necnon
1164 3087 1221 3135 et
1250 3078 1345 3135 illa
1368 3094 1488 3151 qum
1530 3079 1585 3135 in
1627 3077 1734 3135 Sil-
1846 3079 2028 3137 secula
2056 3078 2383 3134 seculorum.
2415 3078 2611 3134 Amen.

773 3332 1041 3395 KAROLI.
1066 3333 1109 3391 11
1148 3334 1493 3397 CAPITULA
1528 3337 1620 3392 AD
1657 3336 1976 3395 FRANCOS
2014 3336 2105 3397 ET
2142 3334 2541 3405 AQUITANOS
2577 3336 2802 3395 MISSA.

1475 3530 1598 3603 (An.
1627 3528 1751 3588 856.
1783 3529 2143 3603 Aug.-Sept.)~

166 3800 269 3863 tua
287 3804 357 3838 ’ν’
378 3801 610 3875 capitula
636 3801 776 3857 misit
800 3816 892 3856 rea:
915 3801 979 3856 de
999 3798 1163 3855 Bas'u
1189 3815 1284 3870 per
1309 3797 1747 3853 Hadabrannum
1767 3779 1813 3843 C
1913 3796 1969 3852 ι’.
1999 3793 2220 3860 Sciatis,
2255 3794 2380 3865 quia
2404 3795 2519 3851 vnit
2541 3796 2692 3852 vobis
2724 3796 2825 3852 hoc
2868 3797 3183 3865 observare,
3233 3814 3440 3856 secum

756 3884 803 3928 ει
834 3872 1128 3927 Βειιοηεηιο
1843 3888 1970 3945 dum
2028 3887 2173 3957 quod
2218 3885 2469 3942 vobis'in
2524 3886 2803 3943 Vermeria
2851 3888 3145 3953 concessit,
3196 3897 3250 3945 et
3288 3891 3443 3945 sicne

228 3990 279 4045 l.
308 3990 530 4045 Mandat
574 3989 729 4045 vobis
772 3988 956 4043 senior
1006 3995 1192 4043 noster
1240 3985 1462 4043 salutes.
1521 3983 1742 4042 Mandat
1842 3982 2062 4052 scriptis
2090 3990 2145 4038 et
2167 3981 2347 4038 verbis
2369 3991 2528 4038 antea
2554 3983 2926 4046 mandaverat,
2950 3990 3006 4037 et
3035 3982 3290 4052 quicquid
3317 3996 3443 4035 ams-

166 4082 314 4138 etiam
340 4081 516 4147 vobis,
546 4081 672 4153 quia
708 4080 862 4136 valde
891 4080 1141 4146 miratur,
1172 4079 1314 4151 quod
1340 4077 1594 4148 placitum
1637 4076 1740 4133 tale
1841 4079 2149 4154 plius-juste
2175 4090 2229 4136 et
2260 4080 2661 4135 rationabiliter
2682 4077 2954 4149 postulare
2980 4077 3165 4132 vultis.
3216 4074 3447 4165 Pariter.“

165 4185 258 4229 non
285 4173 618 4240 custodistis,
653 4174 793 4229 sicut
839 4187 936 4228 vos
982 4170 1057 4227 illi
1091 4170 1449 4240 promisistis,
1492 4179 1549 4225 et
1598 4169 1742 4225 sicut
1840 4189 1895 4233 et
1930 4177 1995 4232 de
2045 4174 2443 4248 expectatione,
2498 4172 2795 4228 secundum
2826 4172 2969 4241 quod
3020 4185 3140 4224 cum
3185 4167 3449 4224 ﬁdelibus:

166 4254 281 4335 ipse
301 4268 457 4324 vobis
483 4266 782 4322 mandavit.

1878 4268 1956 4322 uis
2001 4266 2267 4322 invenerit
2297 4265 2440 4335 quod
2479 4263 2572 4320 Dei
2621 4262 2882 4318 voluntati
2915 4271 2971 4317 et
3005 4261 3123 4331 ejus
3161 4259 3442 4315 ﬁdelium»

224 4357 276 4412 2.
324 4358 545 4414 Mandat
593 4357 747 4415 vobis
797 4357 980 4413 senior
1015 4364 1220 4421 noster,
1251 4355 1394 4426 quod
1448 4361 1738 4425 propterea
1839 4373 1946 4429 que
1968 4373 2187 4413 suorum
2213 4356 2403 4412 honori
2434 4371 2538 4410 non
2571 4355 2641 4410 sit
2662 4354 2973 4425 indignum,
3011 4362 3233 4422 propter
3260 4351 3443 4409 Deum

165 4444 256 4503 boe
282 4449 543 4520 placitum
571 4449 855 4505 dimisistis
883 4457 942 4503 ut
968 4447 1155 4502 fratris
1181 4448 1299 4518 ejus
1325 4453 1614 4516 expectare.
1638 4461 1737 4502 vo-
1840 4458 1894 4505 et
1921 4449 2310 4505 nutrimentum
2340 4446 2544 4501 domini
2592 4455 2648 4500 et
2676 4445 2939 4543 genitoris
2960 4445 3042 4499 sui
3180 4441 3340 4543 illius,
3371 4450 3437 4543 ea

166 4539 387 4599 luissetis
419 4542 734 4607 adventum,
775 4540 930 4612 juxta
981 4540 1122 4610 quod
1154 4539 1229 4594 illi
1274 4539 1738 4602 mandasliseuou
1840 4542 2122 4598 servitium
2153 4538 2226 4593 illi
2263 4552 2292 4590 a
2327 4536 2480 4593 vobis
2510 4536 2835 4606 impensum,
2870 4535 2972 4589 llOC
3016 4533 3171 4590 vobis
3199 4533 3441 4588 adsenti~

165 4634 270 4691 sine
291 4637 410 4691 aliis
448 4635 563 4690 suis
591 4633 859 4699 fidelibus,
885 4647 1023 4702 quos
1068 4631 1227 4687 modo
1265 4646 1447 4687 secum
1483 4644 1590 4685 non
1643 4631 1740 4685 ha-
1839 4648 1900 4690 re
1927 4650 2031 4689 non
2054 4632 2399 4689 “contradicit.
2540 4634 2545 4639 ’

164 4726 284 4792 buit,
332 4728 576 4784 invenire
608 4726 801 4798 potuit,
833 4735 892 4781 ut
922 4739 1145 4781 necesse
1174 4734 1321 4782 esset
1346 4725 1472 4780 inde
1500 4723 1736 4795 aliquam
1909 4728 1963 4783 5.
2005 4725 2225 4784 Mandat
2266 4725 2440 4791 vobis,
2466 4732 2524 4778 ut
2553 4737 2822 4779 memores
2848 4720 2970 4775 sitis
3023 4719 3119 4822 bei
3151 4726 3206 4773 et
3232 4724 3445 4822 vestras

162 4821 572 4889 οκβεοῐαιίοηεηι
610 4820 809 4874 Ῑίιεθνθ·
1837 4820 2271 4884 ebriStianitatis,
2303 4826 2358 4874 et
2378 4816 2693 4873 nutrimenti
2722 4814 2984 4887 genitoris
3012 4812 3128 4883 ejus
3149 4819 3205 4866 et
3245 4812 3351 4875 sui,
3376 4818 3435 4865 et

223 4912 271 4967 3-
303 4913 475 4968 Habet
502 4914 684 4968 senior
708 4921 897 4968 noster
915 4911 1265 4968 constitutum
1296 4909 1438 4965 aliud
1478 4908 1735 4979 placitum
1838 4916 2032 4972 debitae
2061 4914 2354 4977 ﬁdelitatis,
2406 4922 2463 4969 et
2504 4912 2657 4984 regni
2688 4908 3122 4981 supervenientis
3154 4904 3378 4977 periculi
3408 4921 3437 4970 ς.

162 5002 269 5062 Kal.
301 5007 576 5079 Septemb.
611 5007 665 5063 in
726 5007 852 5063 villa
902 5007 1076 5063 Nicll‘a
1115 5005 1207 5073 ⁷⁸⁸,
1235 5006 1325 5062 ubi
1369 5006 1418 5062 ei
1447 5020 1737 5061 occurrere
1837 5006 2101 5063 studentis
2149 5021 2245 5060 vos
2292 5003 2480 5061 ﬁdeles
2505 5012 2705 5060 sancite
2735 5002 2923 5056 matris
2963 4999 3205 5055 ecclesiae
3250 5004 3305 5051 et
3345 4995 3428 5049 sui

164 5101 238 5155 sui
266 5101 449 5158 ﬁdeles
484 5101 701 5157 debent.
744 5099 1040 5172 Propterea
1071 5101 1287 5156 mandat
1320 5100 1500 5166 vobis,
1525 5107 1585 5154 ut
1639 5115 1735 5154 vos
1764 5153 1811 5192 η
1836 5100 2124 5155 unanimes
2170 5097 2308 5163 ﬁeri,
2358 5106 2413 5153 et
2449 5098 2838 5167 omnipotentis
2866 5094 2959 5192 Dei
3003 5091 3334 5192 voluntatem

166 5193 249 5248 tali
271 5194 387 5249 loco
434 5202 489 5250 et
520 5195 674 5250 vobis
712 5153 952 5265 cong;uo
995 5203 1051 5248 et
1076 5193 1249 5248 eidem
1289 5196 1570 5263 prie-uisse
1615 5192 1733 5246 loco
1764 5153 1982 5247 Dillius
2015 5190 2326 5246 ﬁdelitatem
2357 5201 2806 5257 communemque
2845 5185 3074 5247 salutem
3090 5177 3435 5285 ⁸εἰβηῖιιδίειιιμιξ

163 5288 398 5354 proximo
426 5286 678 5350 veniatis,
703 5283 792 5339 ubi
826 5284 961 5340 tales
989 5298 1114 5339 suos
1150 5282 1334 5339 ﬁdeles
1364 5282 1732 5338 transmittere
1840 5286 1957 5355 ipso
1986 5284 2217 5339 ﬁdeliter
2257 5284 2506 5354 explere,
2538 5283 2606 5337 ad
2668 5280 3029 5336 resistendum
3089 5275 3322 5328 inimicis
3374 5275 3435 5322 et

164 5374 224 5431 ad
253 5392 346 5432 vos
372 5376 570 5447 possit,
593 5389 727 5446 quos
756 5374 913 5431 vobis
957 5373 1252 5430 mittendos
1305 5373 1727 5444 postulaveritis.
1839 5375 2119 5431 christiani
2153 5375 2388 5431 nominis
2412 5374 2873 5458 persecutoribus.

1432 5510 1681 5567 VARIIE‘
1706 5511 2117 5570 LECTIONES.

226 5644 394 5699 ""m.
428 5661 485 5699 n.
516 5644 700 5699 desunt
752 5644 807 5699 2.
884 5645 954 5679 ⁷⁸³
982 5652 1168 5723 nostro
1195 5644 1248 5700 2.
1317 5643 1399 5723 ’⁷⁵⁸
1427 5646 1652 5723 agatur?
1694 5718 1705 5723 _
1738 5646 1818 5723 "_'_
1846 5645 2025 5723 ita};
2062 5662 2184 5723 cum
2329 5645 2395 5701 Β.
2471 5647 2542 5723 ⁷⁸Α⁸
2587 5660 2685 5700 nos
2719 5642 2772 5698 2.
2848 5631 2921 5723 7f"
2953 5639 3037 5695 Ea:
3063 5635 3333 5723 §inqondt
3376 5647 3437 5720 et

175 5708 369 5787 Baluzii
403 5716 755 5781 editionibus;
782 5715 917 5787 hinc
929 5717 1051 5787 inde
1079 5714 1393 5770 Sirmondus
1422 5708 1741 5787 rdjiitularia
1767 5716 1957 5787 Karoli
1984 5716 2129 5772 Calvi
2157 5717 2322 5771 edidit
2365 5718 2625 5787 prmcipue
2665 5732 2758 5783 ape
2787 5712 3023 5770 codicum
3051 5708 3437 5765 Lauduuensis.

172 5796 227 5853 et.
258 5785 641 5842 Bellovacensis
664 5803 789 5857 quae
812 5796 860 5843 et
890 5785 1149 5842 Buluzius
1191 5788 1383 5842 iterum
1405 5786 1667 5844 adhibuit.
1742 5788 1814 5824 *⁵⁸
1837 5786 2074 5844 Ncaullle
2100 5802 2168 5842 eu
2200 5785 2388 5845 Vettio.
2421 5787 2686 5843 Smnoso.
