3876 5326
569 371 670 430 639

1280 380 1575 438 APPEND.
1611 381 1702 438 AD
1743 380 1914 439 SEC.
1948 383 2014 438 Χ.
2055 414 2118 424 —

2238 382 2589 444 mensam
2620 369 3110 446 otrtoumca.‘
3717 394 3803 452 an

559 506 731 595 Nam
779 503 1099 595 φρεωιεσιεέη
1131 521 1684 595 ῳαηδηήδη-άοηπηυε
1729 541 1822 595 ῳ)
1879 524 2140 595 won-om,
2171 509 2216 569 Α
2250 505 2395 561 illum
2428 506 2777 579 neglegenter
2807 509 2920 578 egit
2956 509 3009 564 in
3039 510 3141 565 hac
3170 522 3365 575 causa;
3397 508 3474 564 ita
3525 516 3729 577 tamen,
3765 520 3807 574 si

633 576 871 661 ξηιςυζιξε
888 598 983 652 per
1019 582 1343 661 A_(!alnrduut
1366 591 1622 658 abbatem,
1660 576 1708 649 et

634 648 943 722 liodulfuut,
967 663 1013 708 et
1036 650 1436 728 Berengarium.

634 766 683 820 1.
726 765 943 822 Mandat
966 769 1117 824 vobis
1146 771 1327 827 senior
1348 783 1534 830 noster
1563 777 1780 834 salutes.
1825 779 1893 835 Et
1922 784 2141 838 mandat

557 858 730 922 vobis,
768 859 893 930 quia
923 862 1181 932 quicquid
1206 865 1259 919 in
1287 877 1467 922 vestra
1502 886 1665 926 causa
1695 875 1991 929 secundum
2017 891 2142 931 con-

558 947 736 1003 silium
763 965 984 1006 suorum
1014 951 1248 1008 ﬁdelium
1278 957 1469 1014 melius
1496 969 1550 1015 et
1576 961 1853 1018 honestius
1898 963 2140 1021 invenire

555 1038 749 1107 potuit,
785 1056 885 1111 per
910 1058 1037 1098 suos
1068 1043 1252 1103 ﬁdeles
1281 1057 1332 1105 et
1354 1065 1451 1105 sua
1481 1052 1715 1123 capitula
1742 1054 1856 1125 jam
1881 1071 1977 1126 per
2005 1057 2145 1113 duas

558 1129 707 1187 vices
736 1133 889 1190 vobis
920 1138 1218 1193 mandavit.

626 1242 682 1298 2.
723 1243 1139 1313 Mandatvobis,
1167 1252 1291 1323 quia
1317 1254 1456 1311 sicut
1481 1273 1576 1329 per
1604 1258 1724 1315 illos
1776 1276 1904 1317 suos
1953 1262 2138 1320 ﬁdeles

557 1344 614 1389 et
640 1351 736 1405 per
780 1340 970 1395 eadem
999 1343 1230 1411 capitula
1258 1348 1411 1403 vobis
1440 1349 1697 1416 innotuit,
1737 1353 1819 1408 sic
1848 1355 1960 1409 vult
2008 1371 2136 1426 erga

556 1440 652 1481 vos
675 1425 967 1485 adtendere
993 1440 1047 1486 et
1074 1434 1384 1493 observare.
1414 1440 1482 1495 Et
1526 1442 1569 1496 si
1602 1458 1698 1498 vos
1742 1446 1917 1501 adhuc
1970 1448 2136 1503 talem

552 1529 773 1571 causam
806 1533 927 1574 eum
954 1523 1227 1591 postulare
1257 1528 1534 1587 volueritis
1573 1548 1692 1603 qua:
1735 1535 1802 1590 ad
1827 1551 1985 1591 suum
2038 1538 2138 1593 ho—

552 1620 743 1662 norem
774 1618 827 1664 ct
855 1612 923 1666 ad
949 1624 1188 1670 vestrum
1224 1622 1524 1688 profectum
1548 1650 1549 1653 η
1573 1627 1865 1696 pertineat,
1913 1639 2136 1700 paratus

549 1704 635 1751 est
656 1697 817 1752 etiam
847 1700 901 1755 in
935 1702 1039 1758 hoc
1063 1709 1359 1765 secundum
1400 1726 1632 1771 vestram
1682 1697 1996 1787 petitionem
2048 1724 2131 1780 fa-

555 1799 681 1841 ccre
694 1786 847 1857 juxta
876 1795 1160 1851 consilium
1191 1799 1427 1858 ﬁdelium
1454 1786 1698 1863 suorum.

624 1879 679 1933 5.
719 1879 937 1939 Mandat
964 1885 1153 1955 etiam,

553 1968 985 2044 christianitatis,
1037 1987 1089 2034 et
1137 1984 1471 2045 condoleatis
1520 2000 1682 2063 atque
1727 2001 2130 2069 compatiamini

553 2058 680 2118 huic
712 2077 916 2123 sanctae
956 2071 1202 2129 ecclesiae
1230 2116 1245 2143 ,
1289 2093 1409 2147 quae
1457 2091 1512 2137 et
1545 2099 1574 2138 a
1622 2088 1775 2143 vobis
1812 2058 1868 2145 et
1913 2094 1980 2149 ab
2012 2096 2132 2154 aliis

550 2156 932 2217 miserabiliter
1001 2173 1083 2219 est
1140 2183 1393 2239 oppressa
1425 2183 1481 2229 et
1523 2177 1847 2249 deprmdata,
1911 2174 1967 2241 et
2011 2204 2132 2260 qua:

552 2247 847 2304 crudeliter
869 2267 933 2307 ex
967 2253 1137 2310 altera
1164 2268 1320 2327 parte
1348 2267 1691 2335 persequitur
1713 2286 1742 2324 a
1778 2247 2003 2345 paganis
2076 2289 2132 2336 et

550 2350 655 2391 non
684 2353 780 2394 vos
826 2341 1131 2401 dissocietis
1160 2348 1227 2403 ab
1258 2351 1465 2408 unitate
1494 2365 1549 2409 et
1605 2341 1963 2420 unanimitate
2003 2341 2132 2425 ﬁde-

553 2424 683 2484 lium
730 2430 855 2498 Dei,
887 2436 980 2489 sed
1023 2440 1338 2498 acceleretis
1367 2450 1754 2515 praesentalitcr
1782 2469 1877 2510 vos
1915 2457 1987 2512 illi
2038 2460 2132 2516 ad-

549 2531 739 2583 unare,
772 2531 829 2576 et
858 2524 1183 2599 conjungere
1211 2532 1330 2587 aliis
1365 2534 1457 2591 Dei
1509 2539 1727 2610 suisque
1760 2543 2027 2614 ﬁdelibus,
2062 2550 2129 2606 ad

548 2607 914 2669 defensionem
940 2628 1138 2675 sanctae
1166 2623 1407 2681 ecclesia:
1426 2638 1480 2683 et
1509 2646 1663 2686 suam
1688 2632 2022 2693 ﬁdelitatem.

538 2736 543 2739 Α
711 2700 766 2755 Si
823 2714 1005 2793 autem
1051 2709 1252 2778 dicitis,
1307 2731 1405 2773 vos
1456 2731 1676 2792 propter
1722 2741 1884 2796 pares
1916 2740 2131 2790 vestros

543 2788 634 2857 qui
665 2804 954 2861 praesentes
986 2788 1091 2855 non
1125 2814 1251 2859 sunt
1281 2806 1384 2864 hoc
1409 2827 1516 2867 non
1548 2828 1708 2883 posse
1738 2816 1939 2884 lacere,
1976 2839 2130 2878 man-

530 2882 657 2948 -dat,
687 2892 746 2938 ut
774 2902 867 2943 vos
895 2889 985 2958 qui
1018 2891 1068 2946 in
1101 2901 1510 2964 praesentiarum
1542 2882 1692 2973 estis,
1729 2909 1888 2965 talem
1916 2914 2127 2970 securi-

543 2981 706 3029 tatem
735 2977 782 3032 ei
814 2978 1047 3048 faciatis,
1090 2995 1150 3040 ut
1179 3005 1285 3046 non
1323 3004 1546 3065 propter
1575 2998 1735 3054 aliam
1769 3015 1990 3061 causam
2026 3005 2131 3062 hoc

539 3063 828 3124 dimittatis
865 3073 1007 3140 quod
1040 3089 1140 3143 per
1181 3096 1278 3135 nos
1310 3063 1463 3141 vobis
1500 3089 1741 3154 mandat,
1778 3091 1882 3147 nisi
1909 3105 2130 3165 propter

538 3155 658 3213 illos
686 3168 899 3218 vestros
947 3181 1107 3236 pares
1141 3172 1231 3241 qui
1281 3187 1574 3242 praesentes
1623 3197 1730 3237 non
1769 3155 2127 3241 sunt.-Et.l'a-

542 3250 651 3306 cite
698 3254 747 3308 ei
796 3259 1167 3330 securitatem,
1215 3274 1274 3320 ut
1309 3266 1430 3325 illos
1470 3280 1681 3329 vestros
1729 3291 1887 3346 pares
1930 3278 1995 3332 ad
2032 3279 2132 3335 Dei

536 3344 816 3401 servitium
845 3359 901 3404 et
941 3351 1009 3407 ad
1053 3369 1203 3410 suam
1251 3356 1590 3429 ﬁdelitatem,
1637 3366 1692 3421 in
1730 3344 1999 3438 quantum
2033 3387 2129 3441 po-

541 3435 775 3502 tueritis,
812 3441 1171 3502 exhortemini
1202 3460 1257 3504 et
1288 3456 1641 3523 convertatis,
1689 3435 1814 3515 et‘si
1847 3435 1967 3518 illos
2001 3480 2128 3521 con-

535 3525 672 3581 verti
719 3543 824 3584 non
873 3538 1175 3605 potueritis,
1209 3556 1306 3598 vos
1353 3543 1423 3599 ab
1467 3546 1583 3617 ejus
1618 3550 1844 3609 servitio
1894 3571 1997 3611 non
2030 3572 2126 3614 vos

535 3614 889 3676 subtrahatis.
938 3622 1206 3691 Quoniam
1263 3631 1309 3686 si
1362 3614 1551 3691 omnes
1581 3642 1822 3697 converti
1872 3645 1939 3699 ad
1976 3646 2123 3704 illum

534 3704 833 3778 volueritis,
866 3724 1086 3782 paratus
1123 3727 1208 3774 est
1241 3737 1336 3779 vos
1364 3740 1553 3782 omnes
1592 3734 1891 3789 secundum
1920 3749 2123 3795 sanctas

535 3797 780 3858 ecclesiae
828 3805 1114 3863 utilitatem
1169 3821 1225 3867 et
1272 3829 1428 3871 suum
1479 3819 1739 3886 honorem
1778 3834 1830 3880 et
1882 3838 2121 3886 vestrum

532 3904 870 3952 communem
901 3899 1204 3969 profectum
1236 3908 1480 3979 recipere
1526 3920 1582 3967 et
1624 3914 1838 3972 salvare
1865 3927 1920 3974 et
1949 3920 2121 3977 hono-

535 3981 738 4040 rabiles
767 4002 982 4058 semper
1008 3991 1230 4060 habere,
1277 4008 1332 4052 ct
1362 3999 1493 4055 nulli
1527 4019 1781 4074 umquam
1826 4008 2119 4080 imputare,

535 4070 885 4151 in‘quantum
937 4081 1004 4137 ad
1051 4099 1109 4140 se
1158 4089 1412 4155 pertinet,
1463 4070 1722 4166 quicquid
1772 4070 2123 4173 neglegenter

536 4163 734 4222 factum
765 4170 978 4229 habetis
1028 4176 1094 4232 de
1130 4177 1247 4248 ejus
1297 4184 1546 4254 servitio,
1595 4196 1689 4243 aut
1720 4190 1773 4245 in
1817 4190 1921 4248 ista
1952 4210 2115 4253 causa

535 4267 719 4312 contra
753 4260 898 4316 illum
926 4267 1135 4336 egistis.

606 4346 661 4402 5.
703 4348 768 4403 Et
798 4355 1015 4410 mandat
1044 4359 1216 4426 vobis,
1249 4365 1372 4433 quia
1404 4378 1690 4440 postquam
1722 4344 1961 4434 vestram
1994 4381 2118 4439 ﬁde-

534 4433 739 4493 litatem
767 4447 1101 4513 cognoverit,
1131 4465 1355 4511 securos
1384 4458 1549 4513 etiam
1590 4476 1684 4518 vos
1724 4464 1884 4523 faciet
1923 4487 1985 4526 ex
2018 4488 2115 4528 sua

532 4538 707 4600 parte,
750 4536 892 4605 quod
937 4539 1066 4596 nulli
1117 4542 1312 4602 debeat
1357 4562 1611 4624 reputare
1660 4556 1763 4614 hoc
1809 4563 1952 4631 quod
1982 4581 2109 4636 erga

2247 612 2342 653 vos
2389 612 2606 668 quoque
2655 613 2783 669 erga
2835 599 2981 653 illum
3016 600 3253 655 debitqu
3304 601 3567 658 honorem
3599 613 3651 660 et
3680 606 3805 663 debi-

2242 696 2351 742 tam
2405 687 2716 744 tidelitatem
2765 690 3261 759 conservaveritis,
3307 691 3448 748 sicut
3497 692 3609 748 Dei'
3636 695 3799 768 suique

2242 779 2451 835 ﬁdeles.
3567 859 3570 862 ,

2311 868 2363 924 6.
2405 869 2473 924 Et
2515 870 2557 926 si
2594 869 2770 942 aliqua
2812 887 2941 943 pars
2971 889 3036 929 ex
3070 875 3221 931 vobis
3249 875 3316 931 ad
3354 874 3476 946 ejus
3503 877 3801 936 senioratum

2239 968 2297 1015 et
2344 961 2410 1017 ad
2443 959 2560 1031 ejus
2595 963 2906 1020 ﬁdelitatem
2940 967 3136 1021 reverti
3167 967 3421 1028 voluerit,
3474 967 3801 1027 similiterest

2237 1061 2463 1122 paratus
2480 1068 2574 1109 eos
2595 1054 2827 1125 benigne
2847 1058 3107 1127 recipere,
3133 1068 3187 1114 et
3209 1075 3337 1131 erga
3364 1050 3802 1140 illosomnimodis

2239 1144 2539 1214 adimplere
2570 1161 2691 1217 quae
2726 1150 2977 1218 superius
3008 1152 3210 1222 scripta
3252 1162 3395 1209 sunt;

2238 1229 2426 1310 18111111
2479 1235 2801 1310 missaticum
2868 1241 3159 1295 transmisit
3204 1258 3296 1295 rex
3342 1259 3436 1310 per
3484 1242 3798 1303 Iliucmarmn

2306 1313 2354 1357 et
2386 1302 2766 1381 Yrminlridun}
2794 1310 3160 1381 episcopos,“
3192 1328 3286 1381 per
3319 1302 3651 1368 Adalardum
3671 1302 3799 1372 abba;

2309 1382 2410 1427 tem
2431 1415 2446 1440 ,
2472 1384 2518 1427 et
2554 1376 2862 1445 Rodulfum,
2903 1376 3324 1445 et'lliclmiuum,
3352 1393 3400 1436 et
3432 1382 3796 1455 Berengariunt.

2308 1463 2527 1518 Mandat
2566 1465 2719 1521 vobis
2766 1482 2954 1524 senior
2996 1480 3189 1527 noster.
3228 1471 3453 1527 salutes.
3506 1473 3575 1527 Et
3616 1477 3799 1530 mandat

2236 1553 2417 1619 vobis,
2460 1554 2587 1624 quia
2635 1570 2733 1624 pro
2781 1557 2874 1612 Dei
2905 1574 3090 1616 amore
3123 1569 3178 1616 et
3205 1576 3304 1631 pro
3331 1572 3535 1619 vestrae
3561 1567 3796 1634 quondam

2236 1644 2515 1701 ﬁdelitatis
2536 1648 2758 1703 servitio
2790 1650 2889 1705 sibi
2922 1650 3187 1722 impenso,
3232 1669 3425 1711 omnes
3465 1670 3566 1711 vos
3585 1656 3693 1712 vult
3716 1660 3798 1713 sal-

2236 1750 2334 1791 vos
2378 1751 2516 1804 esse,
2571 1746 2626 1793 et
2668 1741 2787 1796 sine
2836 1741 3012 1813 aliqua
3044 1747 3331 1803 occasione
3377 1763 3577 1805 omnes
3629 1766 3716 1807 vos
3743 1751 3796 1806 id

2237 1828 2333 1884 Dei
2364 1830 2648 1886 servitium
2684 1840 2737 1887 et
2768 1834 2835 1888 ad
2881 1849 3034 1891 suam
3069 1838 3379 1895 ﬁdelitatem
3410 1840 3699 1898 adtrahere
3720 1857 3795 1899 cu-

1202 1901 1263 1946 ut
1308 1898 1669 1956 recordemini
1706 1903 1797 1959 Dei
1853 1915 1908 1963 et
1939 1918 2134 1966 vestrae
2168 1926 2210 1984 Β
2239 1919 2336 1988 pit.
2367 1920 2433 1974 Et
2471 1930 2532 1977 ut
2558 1922 2812 1979 omnibus
2854 1926 3200 1982 manifestum
3229 1929 3341 1994 ﬁat,
3371 1932 3505 2002 quia
3531 1933 3609 1987 sic
3638 1949 3796 1989 omms

2243 2024 2338 2064 vos
2369 2010 2484 2066 vult
2527 2010 2741 2068 salvare
2788 2015 2929 2070 sicut
2972 2031 3100 2072 suos
3148 2017 3359 2084 ﬁdeles,
3403 2029 3466 2075 et
3502 2022 3642 2076 nulla
3669 2038 3796 2079 occa-

2235 2098 2389 2155 sione
2437 2101 2749 2159 intermissa
2797 2105 3032 2177 aliquem
3079 2123 3146 2162 ex
3179 2110 3329 2165 vobis
3354 2113 3589 2181 perdere
3615 2113 3729 2179 vult,
3754 2126 3796 2170 et

2234 2204 2295 2249 ut
2331 2195 2495 2250 etiam
2542 2206 2733 2254 contra
2770 2214 2930 2270 pares
2963 2210 3175 2259 vestros
3205 2205 3410 2274 absque
3440 2204 3657 2262 laesione
3688 2208 3793 2263 salvi

2233 2304 2356 2346 esse
2386 2290 2624 2362 possitis,
2673 2292 2817 2347 sicut
2859 2293 3065 2350 debetis
3111 2304 3168 2350 et
3213 2297 3548 2355 christianos
3595 2310 3792 2371 oportet,

2232 2382 2397 2439 talem
2433 2399 2655 2441 causam
2703 2387 2918 2456 qualem
2967 2405 3065 2446 vos
3111 2405 3233 2446 eum
3274 2392 3616 2462 postulastis,
3655 2393 3791 2450 liben-

2233 2476 2440 2531 tissime
2468 2477 2621 2533 vobis
2646 2481 2903 2535 coucedit
2926 2483 3223 2538 secundum
3266 2484 3558 2540 consilium
3605 2501 3789 2541 suorum

2232 2565 2471 2622 ﬁdelium
2501 2584 2672 2638 usque
2701 2571 2768 2624 ad
2800 2571 3110 2627 condictum
3173 2573 3438 2646 placitum
3482 2577 3621 2647 quod
3662 2588 3732 2632 est
3768 2577 3792 2631 5

2231 2655 2355 2711 ldus
2383 2657 2576 2714 Octob.
2615 2658 2935 2717 Carnutttm.
2976 2664 3054 2718 lta
3085 2672 3263 2721 tamen
3284 2707 3299 2729 ,
3329 2676 3390 2721 ut
3418 2668 3787 2723 vossecurita»

2233 2755 2340 2803 tem
2381 2749 2544 2805 talem
2572 2752 2619 2807 ei
2658 2751 2893 2819 faciatis,
2925 2765 2984 2810 ut
3023 2772 3191 2826 usque
3219 2759 3287 2812 ad
3316 2758 3449 2813 illud
3484 2758 3721 2829 placitum
3743 2761 3786 2814 in

2232 2856 2367 2912 pace
2397 2844 2686 2910 maneatis,
2719 2853 2774 2899 et
2801 2846 3006 2903 nullam
3033 2847 3522 2906 dehonorationem
3566 2853 3617 2906 in
3643 2851 3788 2921 aliqua

2232 2946 2392 2988 causa
2425 2948 2550 3003 erga
2581 2950 2706 2990 eum
2736 2945 2831 2992 aut
2857 2953 2987 3008 erga
3015 2954 3142 2995 suos
3177 2939 3364 2996 ﬁdeles
3394 2940 3632 3007 faciatis,
3659 2957 3788 3013 quam

2233 3026 2628 3082 rationabiliter
2651 3036 2706 3083 et
2729 3029 3059 3099 possibiliter
3079 3033 3250 3087 vitare
3275 3041 3331 3089 et
3352 3049 3554 3091 cavere
3580 3036 3785 3106 potestis,

2232 3129 2409 3185 neque
2454 3116 2900 3187 impedimentum
2953 3121 3067 3176 suis
3124 3121 3368 3179 ﬁdelibus
3416 3124 3664 3190 faciatis,
3707 3141 3784 3180 nec

2233 3205 2697 3274 impraedationem
2718 3248 2733 3272 ,
2763 3224 2864 3265 nec
2908 3210 3144 3282 aliquam
3177 3212 3605 3283 inquietudinem
3633 3216 3713 3269 ⁷⁸³.
3737 3216 3786 3270 Et

2166 3298 2202 3361 Β
2234 3298 2483 3353 concedit
2510 3299 2683 3366 vobis,
2712 3311 2774 3356 ut
2816 3317 3009 3362 omnes
3036 3305 3091 3359 in
3128 3305 3427 3363 honoribus
3478 3317 3533 3364 et
3574 3308 3623 3363 in
3649 3307 3786 3361 alodis

2229 3387 2426 3444 vestris
2476 3389 2694 3445 interim
2753 3393 3104 3461 consistatis,
3155 3396 3399 3466 exceptis
3433 3399 3544 3455 his
3592 3414 3783 3469 quorum

2229 3478 2686 3538 honoressenior
2726 3493 2910 3541 noster
2945 3486 3174 3543 donatos
3218 3488 3401 3544 habet.
3448 3491 3519 3546 Et
3553 3492 3597 3547 si
3647 3490 3784 3561 aliqui

2227 3579 2348 3625 sunt
2390 3586 2455 3626 ex
2489 3573 2640 3628 vobis
2668 3574 2759 3643 qui
2791 3575 3025 3633 honores
3053 3594 3157 3635 non
3206 3580 3429 3646 habent,
3466 3582 3514 3637 si
3543 3582 3710 3637 volunt
3741 3583 3781 3635 in

2226 3661 2339 3717 suis
2366 3661 2613 3718 alodibus
2638 3666 2958 3733 consistere,
3003 3679 3099 3724 aut
3128 3684 3253 3724 cum
3300 3670 3423 3725 aliis
3452 3687 3638 3727 eorum
3668 3671 3783 3741 pari-

2221 3749 2325 3807 bus
2352 3751 2434 3807 vel
2464 3753 2677 3820 amicis,
2710 3754 2939 3811 faciant.
2967 3757 3034 3812 Et
3075 3759 3241 3814 etiam
3284 3760 3328 3815 si
3377 3760 3646 3816 voluerint
3681 3774 3780 3815 cum

2223 3843 2441 3898 seniore
2478 3855 2663 3903 nostro
2703 3863 2946 3915 manere,
2977 3849 3050 3904 ita
3085 3858 3264 3907 tamen
3308 3861 3367 3907 ut
3418 3868 3542 3908 cum
3574 3868 3694 3925 pace
3718 3852 3781 3905 vi-

2220 3943 2367 3999 vant,
2411 3945 2466 3991 et
2509 3936 2609 4006 ipsi
2657 3948 2714 3994 et
2755 3941 2883 4006 sui,
2927 3942 3090 3998 etiam
3131 3942 3236 3999 hoc
3278 3943 3577 4001 clementer
3616 3956 3771 4000 conce

2220 4025 2317 4078 dit.
2358 4024 2433 4079 Ea
2481 4026 2731 4083 videlicet
2769 4030 2998 4097 ratione,
3045 4040 3105 4086 ut
3143 4046 3242 4088 vos
3284 4049 3539 4089 securum
3569 4035 3630 4090 de
3654 4032 3779 4088 vobis

2219 4115 2367 4171 illum
2421 4116 2670 4183 faciatis,
2724 4127 2779 4174 et
2826 4129 2885 4175 ut
2928 4122 3132 4178 nullum
3181 4140 3339 4179 suum
3376 4123 3587 4181 ﬁdelem
3626 4123 3774 4193 aliquo

2220 4211 2380 4264 modo
2408 4209 2474 4264 de
2498 4225 2594 4264 sua
2625 4210 2885 4267 ﬁdelitate
2915 4213 3251 4270 subtrahatis
3275 4231 3449 4286 neque
3478 4213 3772 4271 sollicitetis.

2219 4299 2285 4354 Et
2329 4300 2376 4354 si
2422 4300 2619 4370 aliquis
2662 4317 2729 4357 ex
2767 4303 2921 4358 vobis
2969 4302 3133 4358 fuerit
3175 4306 3267 4374 qui
3305 4306 3446 4362 hanc
3475 4320 3652 4377 pacem
3690 4303 3771 4356 isto

2217 4393 2379 4448 modo
2428 4408 2648 4450 servare
2692 4395 2948 4463 noluerit,
3002 4411 3032 4451 a
3072 4407 3257 4452 vestro
3298 4397 3571 4454 consortio
3615 4405 3775 4450 omnes

2216 4496 2338 4536 eum
2391 4483 2722 4539 unanimiter
2772 4486 3095 4557 expellatis,
3141 4488 3187 4544 si
3237 4489 3528 4544 emendare
3575 4480 3771 4542 noluerit

2214 4575 2356 4643 quod
2397 4575 2741 4644 neglegenter
2767 4576 2965 4635 fecisse
2990 4577 3340 4635 manifestum
3368 4578 3567 4637 fuerit-

1473 4686 1867 4752 CORONATIO
1904 4698 2219 4761 JUDITHA‘Z
2263 4709 2519 4769 KAROLI
2556 4713 2597 4769 ll
2635 4714 2864 4771 FlLl/E.

1890 4816 2015 4888 (An.
2045 4821 2168 4878 856.
2203 4823 2322 4881 Oct.
2357 4827 2434 4898 1.)

597 4892 2192 5019 ᾗὶζῗείῖῗ,τῗιξῖξῗξῖιίξῐῗῑξξιη,ίέθξῑξςιπὶεέξξςεξεξιειιλτίβδρ.ει)υά
2218 4938 2559 5019 .Vermeriae
2602 4944 2860 5019 ραιειιεριηι
2905 4947 3076 5019 (ιεω-
3116 4947 3509 5019 οοτοηειίοηεξ
3539 4946 3759 5019 tum

696 4969 708 4981 ·
867 4964 893 4986 ‘5
988 4978 999 4990 ι
1031 4964 1060 4978 υ
1130 4964 1133 4965 ⁷
1172 4964 1237 4993 [η
1271 4964 1587 4986 ”“⁷“Ἱ’“’”“⁷“’“
1620 4964 1703 4978 ““”
1746 4964 1888 4981 “’¹¹¹¹υ
1914 4964 2017 4985 υυυ
2051 4964 2191 5004 εψυυ
2233 4964 2557 4996 ῚεΙΊΙΙυΙἸῖηη
2602 4964 2860 5012 palatium
2905 4964 3076 5019 (ι’Ζῧ).
3116 4964 3509 5021 υοτοηδιιοηθξ
3539 4964 3753 5006 Jtlalllllc.

527 4964 1217 5087 E3531Iqﬁnﬂltzngntrudts
1245 4995 1301 5039 et
1328 4986 1601 5087 Ludcowici
1627 4993 1809 5087 (Samii
1833 4998 1947 5078 ﬁlii,
1977 5002 2298 5084 Sirtuoudus
2331 5026 2395 5064 ex
2440 5012 2627 5087 codice
2666 5015 2725 5070 S.
2760 5017 3035 5075 Laurentii
3081 5019 3396 5078 Leodiensis
3426 5020 3613 5083 edidit;
3640 5014 3753 5087 quod

1206 5036 1209 5037 ν
1253 5036 1299 5039 _-
1328 5036 1601 5046 .._----........
1631 5036 1803 5048 νων..
1833 5036 1947 5061 ..ι-ι,
1977 5036 2298 5063 υιιιιιυιιυυδ
2331 5036 2395 5064 cx
2440 5036 2627 5068 υυυιυυ

528 5036 669 5093 haud
701 5042 932 5114 amplius
958 5054 1270 5121 superstite,
1298 5074 1396 5113 nos
1424 5059 1695 5118 Sirmondi
1725 5064 2018 5125 editionem
2052 5074 2246 5131 iterum
2276 5082 2649 5151 proponimus.
