3960 6320
163 382 258 440 σει

1198 379 1625 437 ΡΒΑΝεοιιυΜ
1666 383 1904 438 necum
1943 344 2424 443 cnnamum.

3310 395 3416 452 643

159 511 213 561 et
239 517 346 558 non
377 497 668 556 moecberis
702 498 753 553 in
782 510 1007 567 corpore
1030 494 1115 550 vel
1142 495 1308 550 corde
1335 502 1457 558 tuo,
1486 503 1541 548 et
1580 509 1726 548 aver-
1762 498 1813 555 Α
1908 494 2127 551 Sursum
2158 499 2338 552 corda.
2370 499 2596 556 Domine
2630 510 2837 570 sancte,
2867 513 3022 574 pater
3048 505 3413 579 omnipotens,

159 608 239 653 tas
266 597 452 653 oculos
488 602 630 660 tuos,
659 609 726 648 ue
758 593 977 648 videant
1015 592 1308 645 vanitatem
1340 608 1353 644 :
1384 598 1653 661 quatenus
1680 589 1733 643 in

153 690 239 743 via
290 687 503 743 Domini
548 684 872 749 viviﬁeeris,
922 692 983 737 ut
1011 682 1188 754 possis
1217 681 1398 737 dicere
1439 696 1564 736 cum
1610 695 1735 751 pro-

152 779 319 850 pheta
354 798 367 832 :
394 778 475 831 Ad
505 788 552 831 te
584 776 748 830 levari
769 775 945 829 oculos
967 791 1107 828 meos
1133 773 1226 845 qui
1238 772 1455 827 .Itabitas
1480 774 1533 825 in
1564 770 1728 826 cretis.

153 870 222 925 Et
252 889 269 925 :
296 869 484 925 Levavi
512 869 689 922 oculos
720 884 861 922 meos
882 868 936 921 in
963 876 1185 932 montes,
1205 866 1354 920 unde
1378 865 1552 920 veniat
1578 865 1733 918 auxi-

151 964 281 1020 lium
309 965 461 1019 mihi.
504 963 612 1019 Per
651 961 982 1019 conditorem
1020 968 1078 1016 et
1123 962 1517 1031 redemptorem
1546 974 1611 1014 ac
1637 958 1733 1013 do-

152 1060 357 1113 minum
389 1066 631 1114 nostrum
656 1054 838 1111 Iesum
870 1054 1165 1116 Christum,
1210 1052 1299 1122 qui
1327 1067 1447 1106 cum
1492 1051 1651 1106 Patre
1675 1060 1731 1106 et

155 1147 352 1219 Spiritu
382 1154 572 1203 sancto
596 1145 726 1199 vivit
753 1153 807 1199 et
834 1151 1020 1214 regnat
1045 1142 1097 1196 in
1148 1140 1341 1197 sarcula
1385 1140 1724 1196 smculoru'm.

218 1238 476 1304 Benedic,
500 1236 748 1302 Domine,
795 1235 896 1289 has
939 1234 1111 1299 dotes,
1161 1241 1217 1288 et
1257 1231 1583 1302 accipientes
1635 1240 1725 1287 tua

156 1327 526 1384 benedictione
574 1326 761 1379 dotare
820 1323 1060 1393 digneris
1113 1340 1126 1376 :
1179 1330 1238 1376 ut
1286 1320 1520 1391 conjugii
1567 1319 1724 1376 fidem

155 1428 204 1474 et
263 1420 479 1472 thorum
547 1413 962 1470 immaculatum
1039 1420 1358 1475 servantes,
1415 1421 1723 1466 sanctorum

155 1509 569 1580 patriarcharum
619 1503 845 1561 adscisci
904 1512 1212 1558 mereantur
1275 1502 1569 1559 consortio.
1621 1501 1725 1556 Per

155 1600 454 1656 Dominum.

214 1692 407 1763 Accipe
435 1690 674 1754 anulum,
709 1686 829 1742 fidei
873 1695 925 1741 et
956 1685 1257 1741 dilectionis
1283 1684 1492 1754 signum
1513 1724 1527 1749 ,
1559 1692 1721 1754 atque

156 1779 434 1852 coniugalis
476 1775 878 1847 conjunctionis
906 1774 1200 1840 vinculum,
1251 1784 1309 1828 ut
1344 1789 1449 1829 non
1503 1782 1720 1843 separet

1833 595 2037 641 aeterne
2068 588 2229 655 Deus,
2274 588 2569 644 electorum
2598 591 2884 658 fortitudo,
2913 604 2970 649 et
2996 595 3276 650 humilium
3304 600 3415 653 cel-

1834 677 2031 742 situdo,
2063 680 2153 747 qui
2185 680 2236 733 in
2267 681 2567 750 primordie
2596 698 2694 752 per
2727 684 3044 740 effusionem
3078 686 3264 742 diluvii
3296 691 3410 746 cri-

1832 769 1977 822 mina
2010 771 2193 825 mundi
2236 773 2453 842 purgari
2496 773 2743 841 voluisti,
2774 784 2831 830 et
2861 792 2958 845 per
2986 776 3291 834 columbam
3322 796 3410 837 ra-

1831 873 1977 912 mum
2018 859 2172 914 olivae
2207 870 2511 930 portantem
2556 879 2745 933 pacem
2788 866 2955 921 terris
3005 867 3272 923 redditam
3316 871 3414 926 de-

1830 952 2167 1017 monstrasti,
2199 953 2391 1008 iterum
2413 955 2591 1009 Aarou
2616 954 2874 1011 famulum
2903 967 3053 1012 tuum
3081 954 3180 1029 per
3204 963 3417 1016 unctio-

1828 1055 1950 1095 nem
1985 1040 2088 1095 olei
2121 1044 2455 1100 sacerdotem
2501 1047 2722 1112 unxisti,
2775 1057 2830 1102 et
2880 1060 3066 1118 postea
3113 1065 3212 1120 per
3255 1049 3415 1121 hujus

1828 1131 2089 1200 unguenti
2139 1131 2462 1187 inlusionem
2499 1134 2564 1188 ad
2598 1137 2889 1206 regendum
2920 1139 3171 1208 populum
3202 1139 3415 1197 Israeli-

1828 1221 1993 1278 ticum
2050 1226 2380 1291 sacerdotes,
2433 1243 2608 1298 reges,
2657 1238 2711 1282 ct
2760 1231 3050 1299 prophetas
3102 1232 3411 1301 perfecisti,

1826 1312 2139 1385 vultumque
2184 1315 2426 1371 ecclesia:
2474 1318 2526 1371 in
2559 1318 2679 1373 oleo
2725 1320 3138 1374 exbilaraudum
3179 1321 3413 1392 prophe-

1827 1404 1931 1461 tica
1962 1406 2151 1462 famuli
2195 1408 2269 1462 tui
2304 1424 2433 1464 voce
2462 1409 2630 1465 David
2664 1426 2785 1466 esse
2815 1413 3111 1481 praedixisti
3139 1431 3154 1479 ;
3185 1415 3275 1483 qui
3307 1415 3411 1470 hoc
3491 1405 3493 1408 ⁴

1823 1497 1987 1550 etiam
2029 1506 2303 1569 unguento
2332 1498 2545 1555 famulae
2573 1508 2676 1556 tua:
2707 1502 2892 1558 Iudith
2924 1503 2992 1557 ad
3029 1502 3410 1559 liberationem

1824 1601 2103 1643 servorum
2134 1597 2347 1644 tuorum
2395 1599 2449 1645 et
2496 1592 2865 1649 confusionem
2904 1596 3246 1651 inimicorum
3292 1596 3410 1651 vul-

1825 1686 1936 1733 tum
1968 1680 2306 1744 exhilarasti.
2341 1691 2397 1738 et
2424 1684 2632 1739 ancillae
2674 1694 2781 1739 tua:
2816 1686 3015 1743 Hester
3058 1687 3251 1746 faciem
3302 1688 3410 1746 hac

1823 1770 2050 1841 spiritali
2100 1771 2486 1828 misericordiae
2532 1777 2925 1833 tuarunctione
2954 1777 3091 1834 adeo
3128 1779 3405 1837 lucitluam

155 1869 300 1925 homo
316 1883 464 1939 quos
487 1867 766 1936 conjungit
813 1866 973 1920 Deus.
1022 1865 1127 1933 Qui
1160 1864 1288 1918 vivit
1322 1872 1379 1918 et
1432 1871 1617 1923 regnat
1662 1863 1717 1918 in
1747 1853 1792 1912 Β
1823 1860 2125 1927 reddidisti,
2158 1870 2217 1917 ut
2248 1861 2528 1918 efferatum
2573 1879 2669 1920 cor
2706 1868 2847 1936 regis
2875 1868 2941 1922 ad
2968 1866 3405 1926 misericordiam

154 1960 317 2015 omnia
346 1958 541 2014 smcula
561 1956 899 2013 saeculorum.

212 2068 529 2139 Despondeo
556 2077 608 2123 te
636 2067 726 2122 uni
755 2067 872 2123 viro
906 2066 1167 2137 virginem
1192 2074 1398 2121 castam
1429 2074 1590 2136 atque
1619 2080 1718 2135 pn-

149 2159 310 2214 dicam
341 2157 580 2212 futuram
607 2158 911 2228 conjugem,
953 2165 1012 2211 ut
1041 2164 1242 2211 sancta:
1266 2156 1520 2211 mulieres
1564 2154 1717 2209 fuere

146 2252 266 2306 viris
288 2252 419 2315 suis,
444 2249 633 2313 Sarra,
660 2250 929 2315 Rebecca,
978 2247 1202 2314 Rachel,
1234 2247 1425 2303 Hester
1448 2289 1464 2315 ,
1507 2246 1713 2312 Judith,

146 2341 308 2406 Anna,
337 2341 549 2407 Noemi,
582 2340 789 2396 favente
817 2349 1040 2396 auctore
1070 2339 1472 2396 sanetiticatore
1497 2340 1715 2412 nuptia-

146 2445 255 2484 rum
289 2430 415 2487 Jesu
437 2429 657 2487 Christo
686 2430 905 2487 domino
929 2440 1135 2498 nostro,
1160 2431 1253 2502 qui
1280 2430 1411 2486 vivit
1436 2439 1496 2486 et
1524 2437 1714 2502 regnat

144 2521 195 2575 in
219 2522 410 2577 saecula
437 2522 777 2579 saeculorum.

208 2610 365 2680 Deus,
409 2613 502 2684 qui
552 2614 605 2668 in
651 2614 835 2669 mundi
873 2615 1173 2671 crescentis
1203 2614 1422 2671 exordio
1453 2614 1706 2685 multipli-

143 2704 323 2759 caadze
356 2706 494 2778 proli
533 2706 877 2773 benedixisti,
899 2708 1197 2779 propitiare
1232 2707 1715 2778 supplicationibus

140 2798 357 2865 nostris,
404 2808 458 2853 et
504 2799 631 2854 huic
683 2799 886 2857 famulo
937 2811 1027 2856 tuo
1076 2811 1130 2857 et
1178 2802 1303 2857 huic
1348 2800 1561 2866 famula:
1610 2810 1715 2856 tua!

139 2899 286 2955 opem
328 2900 429 2943 tua:
478 2890 870 2946 benedictionis
918 2890 1170 2958 infunde;
1239 2899 1300 2946 ut
1346 2892 1399 2946 in
1445 2889 1713 2963 conjugali

138 2978 402 3033 consortio
473 2980 770 3035 secundum
834 2981 1230 3051 beneplacitum
1303 2989 1450 3036 tuum
1515 2982 1713 3038 affectu

138 3068 387 3137 compari,
421 3077 600 3123 mente
632 3070 919 3135 consimili,
966 3072 1258 3127 sanctitate
1310 3081 1496 3128 mutua
1544 3088 1711 3142 copu-

137 3151 328 3210 lentur.
356 3158 473 3212 Dita
504 3174 597 3214 eos
628 3157 892 3216 fructibus
929 3163 1134 3217 sanctis
1178 3171 1234 3217 et
1260 3163 1514 3233 operibus
1550 3164 1713 3218 henc—

138 3245 311 3302 dictis.
338 3249 443 3304 Fac
471 3249 594 3305 illos
617 3250 777 3305 talem
807 3252 1048 3307 sobolem
1075 3268 1353 3324 generare,
1380 3266 1499 3324 qua:
1528 3256 1595 3310 ad
1627 3256 1703 3311 tui

136 3342 361 3405 paradisi
397 3342 670 3412 pertineat
696 3342 1074 3398 hereditatem.
1102 3345 1287 3413 Aperi,
1325 3344 1574 3412 Domine,
1615 3344 1705 3415 ja-

135 3445 265 3485 nuas
308 3433 427 3488 cudi
462 3474 479 3501 ,
524 3442 581 3489 et
622 3435 780 3491 visita
834 3449 928 3489 eos
974 3435 1026 3489 in
1079 3450 1231 3506 pace.
1281 3436 1456 3508 lnriga
1504 3445 1704 3493 terram

139 3539 335 3597 eorum,
383 3540 445 3585 ut
472 3531 739 3601 germinet
765 3531 1000 3586 fructum
1045 3532 1365 3602 spiritalem.
1413 3533 1703 3591 Sanctiﬂca

145 3627 246 3682 eos,
291 3619 381 3688 qui
421 3620 579 3676 datus
620 3635 679 3676 es
710 3620 866 3676 nobis
896 3637 962 3676 ex
992 3621 1238 3690 virgine;
1288 3631 1343 3678 et
1389 3632 1586 3692 pnesta
1625 3624 1705 3679 eis

145 3710 360 3776 tempora
390 3709 614 3776 salutis,
641 3725 762 3780 quae
790 3719 914 3766 ante
952 3719 1097 3766 tuum
1135 3712 1425 3767 adventum
1457 3714 1707 3782 praedixit

143 3807 341 3853 sanctus
365 3800 631 3870 propheta
661 3800 937 3856 Johannes
955 3842 968 3866 ,
995 3811 1056 3858 ut
1088 3801 1177 3857 hic
1202 3800 1433 3858 fideliter
1454 3804 1703 3871 credant,

144 3892 185 3936 et
236 3887 390 3944 beate
434 3890 678 3946 viventes
728 3890 893 3945 vitam
934 3899 990 3946 et
1033 3907 1258 3962 regnum
1304 3902 1707 3964 consequantur

142 3985 402 4044 sternam,
443 3981 616 4050 gratia
665 3991 775 4048 tua,
823 3981 1038 4038 Christe
1080 3983 1319 4039 salvator
1363 3995 1580 4051 noster,
1611 3987 1705 4057 qui

140 4080 245 4126 cum
288 4073 397 4130 Deo
442 4075 604 4133 Patre
648 4077 702 4132 in
749 4079 954 4133 unitate
994 4078 1231 4149 Spiritus
1273 4079 1448 4135 sancti
1478 4079 1613 4136 vivis
1651 4086 1707 4136 et

141 4171 316 4232 regnas
350 4166 494 4222 Deus
528 4182 625 4238 per
657 4169 861 4225 omnia.

198 4251 490 4311 Benedictio
514 4260 725 4328 regium.
758 4260 833 4313 Te
862 4259 1196 4326 invocamus,
1229 4260 1454 4316 Domine
1495 4268 1701 4324 sancte,

140 4336 285 4400 Pater
310 4349 675 4420 omnipotens,
719 4359 921 4406 aeterne
968 4351 1134 4417 Deus,
1175 4361 1235 4406 ut
1265 4352 1404 4407 hanc
1448 4351 1705 4406 famulam

145 4438 269 4518 tuam
295 4477 309 4500 ,
336 4453 500 4507 quam
531 4449 636 4495 tuae
675 4440 870 4494 divium
915 4441 1334 4511 dispensationis
1370 4441 1705 4511 providentia

143 4523 191 4575 ‘n
228 4537 540 4594 praesentem
577 4530 717 4585 diem
742 4530 976 4599 juvenali
1002 4531 1135 4587 flore
1163 4531 1432 4587 lic-tantem
1461 4546 1706 4586 crescere

148 4622 438 4677 concessisti
462 4662 480 4688 ,
514 4632 616 4677 tua:
642 4622 864 4692 pietatis
888 4624 1029 4681 dono
1060 4624 1303 4689 dilatam,
1328 4624 1541 4694 plenam
1567 4624 1707 4678 veri-

149 4708 277 4775 tatis,
307 4712 369 4766 de
393 4713 482 4768 die
517 4714 569 4768 in
599 4714 742 4768 diem
771 4730 955 4769 coram
1003 4722 1055 4770 te
1081 4723 1134 4770 et
1159 4715 1469 4770 hominibus
1496 4714 1562 4770 ad
1592 4728 1704 4769 me-

144 4790 259 4852 liora
300 4815 512 4873 semper
542 4802 805 4874 protlcere
855 4802 1055 4870 facias;
1101 4812 1162 4858 ut.
1202 4804 1254 4859 in
1298 4803 1559 4871 regimine
1606 4817 1706 4860 suo

150 4892 312 4957 gratia:
336 4909 583 4965 supernae
610 4894 919 4966 largitatem
960 4897 1301 4967 congaudens
1344 4896 1620 4967 suscipiat,
1649 4904 1706 4951 et

152 4981 512 5041 misericordia:
538 4994 640 5040 tua:
664 5001 822 5041 muro
861 4986 1186 5042 adversitate
1208 4987 1448 5057 undique
1473 4985 1702 5051 munita,

160 5083 256 5127 cum
280 5090 412 5145 pace
438 5076 842 5149 propitiationis
869 5077 1052 5135 vivere
1079 5085 1370 5134 mereatur.
1394 5076 1496 5133 Per
1527 5076 1709 5133 Domi-

161 5173 283 5219 num.

1819 1963 1874 2010 et
1925 1954 2281 2011 salvationem
2329 1956 2383 2010 in
2431 1964 2484 2011 te
2527 1958 2885 2023 credentium,
2939 1959 3108 2029 ipsius
3152 1962 3406 2030 precibus

1818 2044 2130 2101 inclinares.
2182 2044 2258 2101 Te
2297 2061 2629 2115 quaesumus,
2658 2049 3002 2119 omnipotens
3028 2050 3190 2117 Deus,
3219 2060 3281 2106 ut
3306 2067 3407 2123 per

1817 2136 1977 2205 hujus
2004 2145 2267 2192 creaturae
2296 2138 2694 2207 pinguedinem,
2726 2139 2990 2195 columbae
3019 2155 3174 2210 pace,
3197 2141 3408 2214 simpli-

1816 2228 2002 2293 citate,
2035 2240 2100 2282 ac
2143 2226 2401 2298 pudicitia
2443 2228 2693 2283 decoram
2734 2228 2956 2286 efﬁcias.
2990 2230 3097 2286 Per
3124 2232 3403 2289 dominum

1816 2328 2061 2374 nostrum
2075 2317 2267 2374 Jesum
2298 2319 2573 2375 Christum
2605 2321 2774 2378 tilium
2805 2332 2980 2391 tuum,
3017 2324 3111 2395 qui
3140 2334 3403 2381 venturus

1814 2418 1895 2464 est
1914 2408 2178 2479 judicare.

1885 2497 2189 2553 Coronatio.
2217 2498 2398 2555 Gloria
2421 2508 2475 2555 et
2492 2500 2700 2556 honore
2720 2511 2945 2559 coronet
2974 2512 3024 2559 te
3046 2504 3326 2571 Dominus,
3346 2514 3403 2563 et

1814 2599 1980 2660 ponat
2002 2605 2164 2661 super
2188 2601 2353 2660 caput
2384 2600 2533 2646 tuum
2576 2607 2834 2649 coronam
2862 2596 2928 2649 de
2965 2597 3193 2667 spiritali
3224 2597 3400 2668 lapide

1815 2683 2082 2752 pretioso;
2126 2693 2183 2739 ut
2204 2687 2460 2756 quicquid
2490 2687 2543 2741 in
2589 2688 2796 2759 fulgore
2830 2690 2947 2744 auri
2969 2699 3023 2744 et
3046 2690 3098 2745 in
3123 2693 3276 2747 vario
3316 2694 3405 2748 ni-

1816 2780 1932 2828 tore
1976 2788 2310 2844 gemmarum
2344 2775 2703 2847 signiﬁcatur,
2745 2777 2847 2833 hoc
2877 2778 2934 2833 in
2982 2780 3103 2835 tuis.
3136 2782 3397 2848 moribus,

1813 2865 1919 2919 hoc
1947 2865 1999 2920 in
2027 2867 2238 2923 actibus
2257 2883 2471 2939 semper
2495 2870 2778 2941 refulgeat.
2812 2870 2965 2938 Quod
2995 2872 3108 2942 ipse
3137 2885 3399 2944 praestare

1812 2954 2065 3026 dignetur
2105 2959 2192 3014 cui
2238 2968 2326 3015 est
2369 2960 2544 3016 honor
2594 2970 2652 3017 et
2689 2961 2862 3033 gloria
2901 2962 2957 3016 in
3005 2962 3187 3017 secula
3233 2979 3396 3020 secu-

1812 3044 2008 3101 lorum.

1884 3137 2299 3199 Benedictiones.
2351 3142 2604 3211 Benedic,
2644 3146 2902 3214 Domine,
2947 3149 3089 3206 hanc
3138 3149 3397 3204 famulam

1741 3207 1786 3309 β
1821 3237 1964 3285 tuam
1990 3271 2007 3297 ,
2046 3232 2136 3302 qui
2164 3248 2326 3302 regna
2359 3251 2547 3307 regum
2572 3252 2603 3292 a
2634 3239 2835 3296 smculo
2858 3240 3176 3297 moderaris.
3202 3240 3394 3296 Amen.

1877 3321 2051 3392 Opera
2077 3339 2334 3380 manuum
2369 3327 2511 3382 illius
2540 3331 2774 3399 Suscipe,
2815 3339 2869 3385 et
2908 3331 3284 3387 benedictione
3306 3340 3396 3385 tua

1809 3423 1951 3469 terra
1991 3414 2111 3486 ejus
2156 3417 2223 3472 de
2267 3420 2440 3488 pomis
2475 3418 2752 3475 fructuum
2800 3422 2917 3477 cadi
2964 3430 3019 3476 et
3063 3438 3188 3478 rore
3232 3433 3396 3494 atque

1805 3506 2003 3577 abysso
2032 3505 2345 3575 subjacente
2376 3509 2667 3580 repleatur.
2696 3512 2891 3565 Amen.

1877 3597 1953 3653 De
1980 3598 2187 3653 vertice
2212 3599 2559 3669 antiquorum
2596 3602 2859 3657 montium
2904 3609 2959 3656 et
2988 3602 3204 3678 collium
3234 3610 3396 3657 aeter-

1806 3702 2019 3752 norum,
2054 3688 2119 3743 de
2160 3688 2406 3763 frugibus
2437 3700 2637 3756 teme,
2685 3701 2741 3746 et
2766 3692 3100 3763 plenitudine
3138 3691 3255 3762 ejus
3303 3703 3393 3750 tua

1805 3779 2182 3834 benedictione
2212 3778 2444 3834 hetetur.
2478 3781 2673 3836 Amen.

1876 3868 2186 3925 Benedictio
2210 3869 2355 3925 illius
2397 3872 2488 3941 qui
2520 3873 2773 3943 apparuit
2818 3874 2869 3928 in
2899 3873 3034 3929 rubo
3083 3874 3266 3928 veniat
3305 3889 3398 3928 su-

1805 3977 1902 4032 per
1927 3971 2089 4033 caput
2114 3962 2252 4034 ejus.
2280 3963 2353 4018 Da
2383 3964 2433 4019 ei
2472 3965 2538 4019 de
2582 3979 2706 4021 rore
2745 3965 2861 4020 caeli
2890 3974 2946 4019 et
2970 3966 3037 4019 de
3067 3964 3395 4036 pinguedine

1809 4059 1966 4107 terrae
2019 4053 2402 4107 abundantiam
2448 4052 2707 4108 frumenti
2744 4064 2800 4109 et
2835 4054 2980 4121 vini;
3040 4064 3101 4109 ut
3152 4055 3396 4111 serviant

1807 4140 1879 4221 illi
1934 4157 1997 4196 ac
2023 4142 2217 4197 semini
2268 4143 2388 4213 ejus
2422 4142 2626 4213 populi,
2671 4153 2725 4221 et
2767 4143 2819 4199 in
2853 4144 3057 4202 honore
3100 4154 3192 4201 tuo
3222 4145 3393 4201 tribus

1808 4218 1952 4288 illam
1978 4242 2030 4288 et
2055 4248 2240 4289 semen
2274 4233 2391 4303 ejus
2419 4220 2887 4301 adorcnt.rArnen.

1900 4323 2073 4394 Ileple
2120 4339 2241 4380 eam
2301 4325 2767 4382 benedictionibus
2810 4327 3035 4382 ubermn
3089 4338 3143 4383 et
3194 4325 3385 4384 vulvae.

1807 4414 2217 4472 Benedictiones
2264 4427 2478 4499 patrum
2527 4418 2874 4486 antiquorum
2924 4421 3238 4475 confortatae
3283 4420 3395 4473 sint

1809 4522 1972 4576 super
2001 4523 2120 4562 eam
2162 4516 2219 4563 et
2268 4523 2432 4577 super
2479 4522 2663 4562 semen
2693 4509 2849 4577 ejus.
2903 4510 3044 4564 sicut
3093 4510 3393 4580 promisisti

1813 4613 1972 4654 servo
2001 4606 2090 4653 tuo
2128 4596 2359 4651 Abrahte
2400 4605 2454 4652 et
2472 4598 2672 4652 semini
2704 4596 2820 4665 ejus
2853 4598 2904 4653 in
2948 4600 3163 4653 smcula.
3192 4598 3392 4654 Amen.

1883 4690 2166 4756 Concede,
2220 4692 2937 4760 quzesumus,'omnipotens
2979 4699 3032 4745 et
3081 4691 3394 4747 misericors

1814 4783 1978 4847 Deus,
2008 4791 2067 4835 ut
2105 4780 2221 4836 hazc
2255 4781 2395 4833 dona
2438 4789 2548 4844 tua,
2578 4794 2699 4849 quae
2742 4781 2931 4836 ﬁdeles
2960 4780 3034 4835 tui
3065 4790 3394 4853 acceperunt

1811 4876 1877 4930 de
1907 4890 2068 4928 manu
2100 4882 2211 4938 tua,
2249 4870 2525 4938 dantibus,
2556 4871 2965 4942 accipientibus,
2997 4881 3052 4928 et
3076 4873 3393 4942 dispensan-

1813 4965 1954 5020 tibus
1977 4965 2042 5019 ad
2067 4964 2351 5034 prazsentis
2372 4962 2495 5015 vitae
2525 4961 2843 5027 subsidium,
2873 4976 2937 5016 ac
2967 4962 3391 5032 redemptionem

1807 5058 2138 5121 animarum,
2170 5065 2331 5124 atque
2368 5048 2435 5108 ad
2466 5055 2630 5108 vitam
2683 5054 3068 5125 capessendam
3107 5056 3392 5126 proficiant
3460 5050 3463 5051 ⁷

1806 5147 2213 5217 sempiternam.
2246 5144 2350 5200 Per
2376 5144 2684 5200 Dominum.

1078 5347 1332 5404 KAROLI
1369 5347 1413 5403 ll
1452 5348 1864 5405 CONVENTUS
1902 5350 2433 5410 CARlSlACENSlS.

1437 5516 1561 5593 (Au:
1594 5526 1721 5582 857.
1764 5527 1920 5583 Febr.
1955 5530 2065 5601 Η.)

209 5720 464 5814 ﬁrmandi
494 5726 805 5798 Baluziique
832 5730 1120 5814 editiones
1143 5726 1581 5814 ‘re'cognovimus
1628 5729 1895 5814 adhibitis
1931 5732 2098 5814 codd.
2122 5734 2178 5804 5)
2208 5733 2335 5814 bibl.
2380 5736 2539 5814 regite
2579 5736 2753 5791 Paris.
2800 5740 2940 5796 inter
2971 5739 3160 5814 Suppl.
3192 5741 3386 5801 Latina

155 5804 200 5847 υ.
221 5792 294 5863 75,
319 5799 415 5868 qui
457 5813 609 5869 mque
653 5792 901 5856 ac'co'hl.
933 5803 1024 5872 5b)
1052 5797 1120 5857 S.‘
1143 5792 1414 5857 Vince'utii
1447 5799 1705 5858 Metensis
1733 5811 1787 5857 et
1813 5801 1901 5872 3c)
1931 5792 2208 5860 Palatinus
2238 5792 2469 5871 Baluzii,”
2492 5815 2717 5873 textum,
2750 5792 3382 5878 proui‘mi‘s‘s'iEH-{fiuili
