3960 6320
575 365 690 425 ’645

1285 356 1579 415 APPEND.
1621 355 1714 410 AD
1752 353 1927 411 SEC.
1971 353 2040 408 Χ.
2072 350 2606 407 ——.MONUMENTA
2636 349 3120 407 DIPLOMATICA.
3708 357 3787 414 ομ

570 479 751 548 “ligo
780 475 1187 548 (11.1λτιθι(ςμρνῖι
1215 470 1450 548 col._ti(l_5
1478 466 1768 548 recensito)
1798 463 2108 520 constitutis
2135 462 2374 517 directus
2399 469 2537 527 erat,
2565 462 2818 528 exhibet,
2855 470 2911 517 et
2939 461 2995 532 4)
3028 477 3078 519 c.
3119 462 3265 534 regio
3289 462 3569 520 Parisiensi
3593 484 3642 524 ιι.
3662 468 3788 540 4626,

584 553 641 606 in
673 539 839 606 usuin
858 539 1120 602 missatic'i
1148 542 1415 598 undecimi
1436 539 1769 610 conscripto.

610 681 855 756 Capitula
904 695 1023 751 qua:
1064 676 1136 710 7“
1179 674 1410 756 [iuratus
1450 672 1570 756 fecit
1618 669 1761 741 apud
1816 667 2147 724 Carisiacum
2198 651 2245 711 Λ
2272 666 2475 722 abhinc
2502 665 2691 723 inante
2734 667 2788 722 in
2831 675 3025 723 nostro
3074 683 3244 739 regno
3272 667 3401 724 talia
3436 667 3608 727 facete
3637 672 3790 744 aliquis

832 802 841 809 ,
916 744 927 751 ”
1175 746 1440 816 palatium
1477 744 1570 797 ⁷⁸³.

654 842 708 898 l.
741 842 798 896 In
831 840 1048 895 nomine
1092 845 1292 892 sanctae
1336 843 1390 889 ct
1420 833 1710 888 individua:
1732 828 2040 884 Trinitatis.
2068 826 2174 881 Ka-

584 934 753 998 rolus,
782 932 953 1003 gratia
994 929 1088 984 Dei
1116 943 1234 994 res,
1285 926 1359 981 illi
1385 925 1458 957 ⁷⁶¹
1490 924 1746 994 episcopo
1784 931 1839 976 et
1871 919 2083 975 dilectis
2112 932 2178 972 ac

585 1026 834 1083 ﬁdelibus
867 1024 1054 1080 missis
1088 1022 1191 1079 illis
1222 1019 1621 1087 comitibusque
1646 1014 1879 1078 nostris,
1921 1011 2175 1066 salutem.

583 1121 784 1177 Notum
813 1117 886 1172 sit
922 1112 1174 1170 ﬁdelitati
1220 1119 1449 1174 vestite,
1480 1109 1605 1178 quia
1634 1106 1700 1160 16
1732 1103 1849 1159 Kal.
1898 1102 2061 1156 Mart.
2089 1117 2178 1156 se-

584 1215 820 1270 cundum
845 1224 1059 1265 sacram
1080 1205 1465 1261 auctoritatem
1492 1198 1758 1273 synodum
1786 1193 2180 1252 venet-ahilium

585 1310 963 1379 episcoporum
993 1317 1058 1357 ac
1077 1307 1406 1356 conventum
1435 1294 1671 1350 ﬁdelium
1696 1300 2005 1347 nostrorum
2039 1285 2181 1356 apud

587 1400 925 1456 Carisiacum
974 1393 1204 1449 fecimus
1250 1388 1565 1448 convenire.
1605 1385 1740 1442 Cum
1796 1384 1995 1454 quibus
2035 1382 2178 1436 inter

588 1498 791 1544 caetera
834 1484 1214 1542 ecclesiastica:
1242 1480 1495 1537 utilitatis
1524 1494 1598 1534 ac
1639 1475 1790 1548 regni
1840 1471 2183 1530 necessitatis

591 1582 806 1653 negotia
851 1576 1362 1641 consideravimus,
1413 1572 1649 1643 qualiter
1685 1569 1890 1640 rapina:
1924 1575 1980 1621 et
2022 1567 2185 1636 depo-

587 1674 920 1745 pulationes,
954 1684 1075 1740 quae
1118 1667 1317 1738 partim
1348 1663 1635 1720 occasione
1685 1659 2184 1731 superinruentinm

585 1744 947 1836 paganorum,
977 1761 1174 1831 partim
1204 1756 1510 1813 mobilitate
1538 1752 1898 1824 quorumdam
1945 1744 2184 1806 ﬁdelium

590 1862 903 1909 nostrorum
936 1851 989 1905 in
1036 1863 1204 1921 regno
1246 1855 1450 1912 nostro,
1484 1858 1583 1915 per
1620 1856 1715 1899 eos
1749 1841 1915 1896 etiam
1946 1840 2038 1911 qui
2088 1854 2185 1894 ec-

544 1948 548 1953 ⁴
593 1948 815 2003 clesiam
860 1946 958 2000 Dei
1007 1943 1297 2001 defendere
1336 1949 1392 1995 et
1433 1938 1606 2003 tueri,
1642 1946 1707 1992 et
1743 1935 1894 2006 regni
1944 1932 2186 1989 solidita-

590 2051 702 2096 tem
748 2053 812 2093 ac
844 2036 1087 2109 quietem
1132 2033 1436 2089 debuerant
1483 2029 1766 2101 providere
1792 2068 1805 2093 ,
1838 2034 2180 2099 grassantur,
2214 2008 2258 2067 Β

593 2134 775 2203 aliquo
807 2130 990 2196 modo,
1021 2138 1296 2182 annuente
1343 2121 1591 2189 Domino,
1630 2119 1812 2176 sedari
1861 2118 2082 2173 valeant
2128 2125 2185 2172 et

592 2240 858 2283 atnovcrt.

664 2319 721 2373 2.
754 2316 994 2384 Quorum
1032 2309 1280 2369 consultu
1306 2305 1665 2371 decrevimus,
1696 2312 1757 2359 ut
1784 2302 1908 2373 quia
1941 2308 2184 2373 peccata,

593 2427 720 2482 qua:
769 2411 823 2464 in
869 2424 968 2464 suo
999 2406 1177 2470 initio,
1217 2412 1276 2458 ut
1322 2409 1475 2463 sunt,
1529 2398 1706 2469 magni
1745 2395 2007 2467 ponderis
2039 2394 2190 2451 :esti-
2228 2402 2233 2405 '

597 2508 835 2564 mantur,
854 2496 1155 2571 pernicioso
1178 2493 1254 2526 π’
1284 2505 1563 2562 processu,
1593 2489 1709 2559 ipso
1731 2486 1898 2543 etiam
1923 2484 2190 2541 exitiabili

596 2608 704 2648 usu
734 2590 914 2662 pravis
945 2586 1216 2641 mentibus
1247 2582 1516 2637 leviantur
1550 2578 1644 2644 ηδ,
1673 2588 1728 2633 et
1770 2575 1925 2647 quasi
1955 2574 2192 2629 insensi—

595 2680 735 2738 biles
768 2678 1027 2739 reddunt,
1063 2689 1128 2730 ac
1159 2674 1205 2728 si
1244 2670 1461 2743 quando
1508 2668 1830 2739 resipiscere
1869 2666 2189 2730 moliuntur,

594 2789 693 2829 eas
728 2770 925 2843 sa‘pius
953 2768 1228 2840 obligant,
1261 2774 1321 2820 ut
1353 2764 1399 2818 si
1445 2775 1670 2832 surgere
1708 2759 1876 2814 velint
1923 2774 2031 2813 non
2063 2770 2191 2827 pos.

598 2868 708 2922 sint
734 2864 829 2929 ⁷⁸⁸,
871 2871 1161 2932 antequam
1192 2870 1424 2914 censura
1464 2852 1842 2910 ecclesiastica
1892 2857 1948 2905 et
1996 2847 2195 2928 legales

595 2958 885 3016 sententiae
932 2952 1242 3025 huiusmodi
1291 2950 1624 3020 praedatores
1671 2945 1744 2979 '“
1775 2942 2099 3000 terribiliter
2139 2948 2197 2996 et

596 3051 982 3110 damnabilitcr
1036 3047 1237 3103 feriant
1275 3045 1372 3111 ⁷⁸⁷,
1427 3041 1665 3112 episcopi
1711 3040 1916 3110 quique
1970 3037 2025 3092 in
2081 3035 2209 3119 suis

599 3146 872 3219 parochiis
914 3151 969 3197 ct
1009 3141 1160 3196 missi
1209 3139 1263 3193 in
1310 3137 1524 3192 illorum
1577 3134 1905 3199 missaticis,
1937 3130 2185 3187 comites-

601 3253 709 3309 que
748 3238 802 3291 in
832 3249 1019 3289 corum
1060 3230 1429 3294 comitatibus,
1457 3228 1665 3298 pariter
1718 3225 1914 3297 placita
1955 3229 2197 3288 teneant,

601 3344 712 3400 quo
759 3339 948 3383 omnes
988 3325 1063 3378 rei
1103 3321 1332 3393 publicae
1395 3319 1672 3384 ministri,
1725 3326 1779 3372 et
1836 3316 1979 3371 vassi
2030 3314 2200 3370 domi-

601 3421 738 3486 nici,
765 3431 1061 3487 omnesque
1090 3414 1419 3486 quicumque
1471 3411 1560 3467 vel
1605 3422 2072 3480 quorumcumque
2103 3407 2197 3462 bo-

605 3514 780 3570 txines
806 3512 859 3566 in
896 3510 1100 3567 eisdem
1133 3506 1407 3579 parochiis
1433 3505 1515 3562 vel
1558 3502 1910 3559 comitatibus
1960 3515 2202 3556 comma-

603 3612 759 3668 ncnt,
792 3602 910 3657 sine
950 3599 1054 3654 ulla
1078 3611 1435 3670 personarum
1478 3594 1801 3666 exceptione
1835 3590 1924 3647 vel
1972 3605 2201 3646 excusa-

607 3698 755 3753 tione
783 3704 876 3750 aut
904 3692 1163 3749 dilatione
1208 3688 1560 3747 conveniant.

677 3788 733 3844 5.
766 3788 835 3843 Ει
866 3787 1153 3857 episcopus
1188 3783 1331 3839 illius
1370 3780 1645 3854 parochia:
1690 3778 1934 3835 breviter
1974 3778 2202 3833 adnota.

609 3893 698 3939 tas
726 3880 1026 3937 sententias
1055 3879 1121 3935 de
1156 3876 1468 3946 huiusmodi
1499 3890 1664 3931 causa
1687 3916 1707 3942 ,
1759 3874 2086 3944 evangelica:
2122 3873 2204 3928 vi-

616 3973 813 4029 delicet
839 3981 896 4027 et
931 3970 1242 4042 apostolicae
1270 3977 1433 4039 atque
1469 3966 1801 4037 prephetiete
1837 3963 2198 4029 auctoritatis,

615 4081 834 4122 necnon
865 4073 923 4119 ct
959 4063 1176 4119 decreta
1220 4059 1513 4131 apostolica
1546 4066 1710 4130 atque
1738 4058 1999 4112 canonica
2029 4044 2207 4111 omni-

611 4156 715 4214 hus
748 4158 978 4228 relegat,
1013 4165 1066 4212 et
1095 4163 1282 4227 aperto
1320 4167 1569 4208 sermone
1608 4150 1820 4207 cunctis
1844 4150 2004 4222 quale
2028 4166 2205 4220 quan-

609 4256 839 4317 tumque
873 4253 1155 4317 peccatum
1204 4243 1293 4308 sit,
1333 4251 1388 4297 et
1421 4241 1632 4312 qualem
1678 4249 2046 4310 quantamque
2090 4254 2206 4311 pte-

612 4339 903 4394 nitentiam
934 4346 990 4393 et
1019 4334 1182 4407 quam
1215 4336 1506 4389 immanem
1549 4331 2059 4401 severissimamque
2087 4332 2206 4386 vin-

610 4432 812 4486 dictam
850 4438 1151 4502 exposcat,
1201 4443 1324 4484 eum
1370 4427 1495 4482 aliis
1535 4424 1733 4481 debitis
1775 4434 1833 4481 et
1881 4426 2206 4482 necessariis

611 4531 776 4592 atque
814 4520 1044 4576 utilibus
1090 4518 1581 4591 praedicationibus
1636 4518 1980 4573 innotescere
2031 4525 2203 4573 curet.

684 4610 741 4665 4.
766 4609 912 4677 Missi
943 4625 1160 4681 quoque
1195 4609 1394 4681 legales
1425 4608 1746 4674 sententias,
1795 4609 1937 4663 sicut
1975 4622 2067 4664 eas
2115 4623 2208 4664 co-

610 4701 793 4773 gnitas
817 4702 1041 4764 habent,
1074 4701 1352 4767 adnotent,
1395 4708 1449 4756 et
1484 4701 1948 4771 praedecessorum
1994 4708 2207 4755 nostro-

616 4808 734 4847 rum
758 4808 943 4864 regum
966 4792 1349 4864 atque-impera
1358 4803 1533 4847 torum
1545 4832 1560 4857 ,
1575 4800 1872 4862 nostraque
1885 4792 2118 4862 capitula
2135 4793 2202 4853 de

616 4887 719 4941 hac
739 4901 905 4941 causa
936 4886 989 4941 in
1016 4902 1179 4941 unum
1205 4885 1432 4941 collecta
1463 4883 1717 4940 omnibus
1740 4887 1866 4939 nota
1890 4884 2118 4938 faciant.
2137 4884 2204 4939 Et

618 4978 857 5050 episcopi
883 4978 978 5034 Dei
1002 4988 1052 5033 ct
1083 4977 1378 5050 episcopali
1401 4977 1728 5034 auctoritate
1767 4976 1899 5033 tales
1929 4977 2206 5048 depraeda-

620 5066 796 5125 tioncs
842 5070 1095 5126 omnibus
1140 5069 1491 5125 interdicant.
1547 5068 1615 5123 Et
1666 5068 1819 5124 missi
1869 5084 1933 5124 ac
1981 5069 2208 5124 comites

616 5163 788 5219 nostri
848 5165 1061 5220 cunctis
1111 5179 1179 5219 ex
1235 5172 1425 5219 nostro
1476 5163 1627 5234 regio
1682 5163 1863 5218 hanno
1917 5164 2210 5233 prohibere

617 5254 851 5313 ﬁrmiter
905 5257 1183 5322 studeant,
1236 5265 1296 5312 ut
1352 5266 1684 5329 cognoscant
1728 5271 1937 5323 omnes,
1994 5257 2118 5328 quia
2163 5257 2210 5314 si

2279 758 2707 828 prazsumpserit,
2747 759 3046 813 secundum
3094 758 3302 813 divinas
3329 761 3614 816 sententias
3632 764 3792 832 episco-

2277 849 2456 921 palem
2501 851 2736 921 excipiet
2764 852 3086 907 sententiam
3114 892 3132 916 ,
3182 862 3237 906 et
3281 854 3567 908 secundum
3614 855 3793 927 legesac

2276 945 2511 1015 capitula
2560 946 2706 1015 regia
2748 947 3040 1001 emendare
3069 956 3312 1017 cogetur.
3344 955 3401 1002 et
3441 949 3703 1004 secundum
3733 952 3795 1020 ju-

2279 1032 2479 1089 dicium
2504 1033 2742 1091 ﬁdelium
2758 1045 3064 1093 nostrorum
3087 1036 3689 1108 comlignamvindictam
3711 1057 3795 1099 sus-

2272 1124 2469 1194 'eipict.

2351 1214 2404 1270 5.
2437 1215 2504 1270 Et
2531 1216 2576 1271 si
2609 1216 2731 1272 talis
2759 1232 2991 1288 persona
3016 1217 3204 1284 fuerit,
3236 1230 3298 1273 ut
3339 1218 3567 1289 episcopi
3589 1221 3663 1276 vel
3685 1223 3796 1279 missi

2280 1305 2453 1360 nostri
2484 1321 2548 1361 ac
2580 1306 2812 1361 comites
2853 1307 2908 1361 in
2958 1307 3171 1362 illorum
3211 1308 3530 1363 ministeriis
3550 1315 3676 1379 quod
3708 1328 3797 1382 pra-

2282 1411 2406 1449 vum
2438 1406 2621 1452 actum
2669 1396 2831 1452 fuerit
2875 1397 3149 1468 potuerint
3191 1398 3514 1464 emendare,
3560 1404 3795 1458 secundum

2283 1487 2566 1557 praeﬁxum
2620 1489 2838 1543 modum
2891 1488 3022 1544 illud
3076 1490 3370 1544 emendare
3427 1490 3690 1558 studeant,
3731 1504 3799 1547 aut

2276 1593 2383 1648 per
2431 1577 2779 1648 ﬁdeiussores
2807 1578 2879 1633 ad
2909 1587 3152 1634 nostram
3182 1582 3528 1660 pmsentiam
3555 1583 3715 1639 venire
3743 1583 3798 1639 la-

2280 1670 2451 1727 ciant.

2357 1762 2412 1820 6.
2444 1764 2500 1820 Si
2530 1774 2713 1822 autem
2750 1767 2953 1839 aliquis
2981 1767 3338 1838 (priscumque
3376 1768 3676 1826 inobediens
3702 1770 3801 1825 exti-

2282 1861 2434 1927 terit,
2462 1876 2586 1916 cum
2628 1876 2841 1917 summa
2891 1861 3239 1916 festinatione
3269 1862 3429 1917 nobis
3470 1871 3643 1918 notum
3667 1862 3802 1919 facere

2287 1960 2501 2018 curent,
2526 1961 2588 2007 ut
2614 1952 2940 2022 quantocius
2970 1955 3037 2007 ad
3080 1961 3322 2007 nostram
3348 1954 3670 2022 praesentiam
3693 1953 3801 2008 illum

2280 2043 2475 2098 venire
2520 2041 2812 2109 jubeamus
2838 2084 2853 2109 ,
2903 2051 2959 2098 et
3002 2044 3216 2114 dignam
3256 2044 3518 2099 ultionem
3564 2045 3800 2102 secundum

2279 2131 2542 2205 judicium
2584 2132 2820 2188 ﬁdelium
2865 2142 3174 2189 nostrorum
3219 2136 3505 2192 sustineat.

2357 2243 2413 2300 7.
2442 2244 2508 2298 Et
2535 2246 2579 2301 si
2604 2244 2695 2310 ⁷⁸⁸,
2723 2246 2866 2316 quod
2890 2247 3051 2314 absit,
3096 2247 3218 2301 talis
3245 2248 3530 2303 emerserit
3554 2248 3637 2319 qui
3664 2249 3738 2305 Dei
3760 2249 3806 2303 tio
3892 2243 3893 2305 ἕ

2288 2350 2496 2390 morem
2546 2344 2863 2407 postponat,
2910 2347 2966 2393 et
3015 2338 3446 2395 ecclesiasticam
3496 2342 3807 2396 auctoritatem

2290 2436 2624 2495 contemnat,
2679 2438 2736 2485 et
2789 2431 2993 2502 regiam
3041 2440 3373 2501 potestatem
3424 2431 3673 2505 refugiat,
3710 2432 3807 2486 sciat
3892 2426 3893 2493 ᾗ

2291 2524 2648 2594 quiscumque
2674 2523 2763 2579 ille
2792 2523 2976 2588 fuerit,
3002 2525 3128 2595 quia
3157 2533 3211 2580 et
3239 2526 3536 2580 sectmdurn
3558 2524 3807 2580 canonicam
3892 2524 3893 2539 ‘

2295 2615 2678 2670 auctoritatem
2713 2615 2782 2670 ab
2818 2615 3060 2671 omnium
3082 2616 3538 2671 .cbristianornm
3577 2623 3698 2671 cmtu
3729 2620 3807 2668 et:

2295 2716 2500 2764 sanctze
2524 2706 2771 2763 ecclesiae
2798 2708 3078 2763 consortio
3100 2719 3156 2763 et
3184 2709 3234 2761 in
3262 2707 3407 2763 ccelo
3427 2706 3550 2762 etin
3578 2716 3696 2761 terra
3718 2703 3808 2757 alie-

2294 2815 2399 2855 nus
2433 2797 2714 2865 efﬁcietur,
2742 2806 2798 2854 et
2832 2798 2998 2871 regali
3026 2806 3294 2870 potestate
3320 2808 3485 2869 atquc
3508 2797 3717 2853 omnium
3749 2809 3809 2848 re-

2296 2892 2384 2964 gni
2411 2892 2649 2948 ﬁdelium
2681 2893 3057 2958 unanimitate,
3073 2892 3213 2948 sicut
3241 2892 3337 2946 Dei
3362 2899 3419 2947 et
3444 2889 3665 2946 ecclesia:
3684 2884 3811 2941 inimi-

2297 3003 2395 3043 cus
2431 2995 2488 3042 et
2536 2986 2689 3059 regni
2721 2986 3056 3051 devastator,
3084 2991 3453 3056 persequetur
3496 2993 3651 3036 usoue
3675 2978 3809 3033 dum:

2298 3095 2466 3152 regno
2489 3077 2906 3134 exterminetur.

2369 3191 2423 3246 8.
2454 3189 2520 3244 Et
2544 3189 2588 3245 si
2619 3189 2816 3260 aliquis
2849 3203 3037 3244 eomes
3083 3186 3246 3243 fuerit
3268 3187 3368 3257 qui
3413 3187 3517 3242 hoc
3557 3185 3606 3240 in
3630 3193 3713 3238 suo
3747 3190 3811 3233 co-

2298 3280 2492 3335 mitatu
2545 3278 2757 3346 fecerit,
2781 3289 2874 3334 aut
2918 3278 2989 3334 ibi
3026 3277 3151 3333 talia
3198 3277 3508 3334 increscere
3552 3268 3810 3346 permiserit.

2227 3386 2271 3448 ρ
2301 3381 2481 3428 utaut
2511 3373 2626 3443 ipse
2653 3372 2742 3427 illa
2786 3387 2896 3427 non
2943 3372 3221 3438 emendet,
3268 3381 3368 3426 aut
3415 3369 3568 3426 nobis
3611 3375 3714 3421 nota
3738 3375 3809 3416 non
3892 3364 3893 3367 ‘

2300 3463 2495 3521 fecerit
2520 3473 2578 3519 ut
2609 3474 2798 3520 nostra
2831 3464 3134 3519 auctoritas
3157 3462 3287 3517 talia
3317 3461 3571 3533 corrigat,
3594 3457 3709 3513 sciat
3727 3450 3812 3523 quia

2298 3558 2462 3613 talem
2486 3557 2815 3613 sententiam
2851 3556 2976 3610 inde
3004 3554 3318 3619 sustinebit,
3353 3554 3495 3609 sicut
3523 3560 3730 3619 tempore
3749 3557 3815 3595 aa-

2300 3660 2634 3707 tecessorum
2664 3659 2979 3709 nostrorum
3011 3650 3350 3705 consuetudo
3380 3647 3500 3704 fuit.

2368 3763 2425 3818 9.
2459 3745 2527 3817 Et
2554 3766 2599 3818 si
2642 3762 2814 3833 aliqui
2842 3762 3111 3818 iterantes
3162 3761 3592 3831 deprmdattones
3631 3763 3680 3813 et
3713 3749 3814 3821 rapi-

2302 3871 2401 3912 nas
2428 3871 2526 3927 per
2572 3871 2802 3926 regnum
2854 3862 3102 3910 nostrum
3132 3852 3371 3909 fecerint
3396 3893 3412 3919 ,
3457 3861 3514 3908 et
3554 3845 3752 3921 episcopi
3772 3855 3814 3895 κε

2303 3950 2455 4005 missi
2509 3948 2593 4005 vel
2637 3950 2867 4004 comites
2916 3948 3021 4004 hoc
3068 3946 3369 4002 emendare
3421 3960 3525 4000 non
3570 3937 3812 4014 potuerint,

2304 4055 2466 4110 quam
2506 4039 2668 4094 citius
2698 4047 2929 4111 possunt
2957 4037 3115 4093 nobis
3155 4045 3347 4091 notum
3377 4036 3557 4091 facere
3583 4037 3756 4089 curent,
3776 4031 3815 4075 υί

2297 4127 2587 4198 iubeamus
2612 4129 2758 4199 ipsos
2789 4128 3180 4198 depredatores
3219 4141 3318 4197 per
3344 4126 3567 4181 eandem
3594 4121 3710 4175 viam
3728 4126 3812 4169 cum

2307 4220 2476 4281 misso
2499 4229 2691 4275 nostro
2718 4219 2920 4285 redire,
2946 4226 3003 4274 et
3024 4217 3116 4273 illa
3145 4220 3331 4274 omnia
3351 4233 3474 4289 quae
3498 4215 3629 4272 male
3653 4210 3813 4280 egerant

2307 4311 2553 4384 legaliter
2576 4311 2892 4376 emendare,
2920 4319 2976 4366 et
3017 4310 3179 4366 talem
3208 4308 3596 4364 harmiscaram
3622 4301 3699 4365 "',
3720 4296 3815 4384 situi

2307 4383 2465 4458 nobis
2484 4402 2660 4458 visum
2690 4400 2877 4466 fuerit,
2907 4409 3001 4456 aut
3019 4399 3309 4470 judicium,
3338 4399 3479 4457 sicut
3502 4383 3816 4453 cumlideliltns

2307 4495 2517 4551 nostris
2545 4493 3015 4549 consideravinms
3042 4491 3115 4524 ⁷⁷⁸
3136 4531 3152 4559 ,
3176 4490 3466 4547 sustinere.

2379 4606 2467 4661 10.
2499 4605 2558 4662 Si
2592 4616 2773 4662 autem
2819 4604 3003 4660 dilecti
3058 4604 3243 4658 fratris
3294 4600 3470 4657 nostri
3509 4604 3597 4653 aut
3629 4593 3815 4660 nepotum

2310 4716 2620 4761 nostrorum
2669 4702 2918 4758 homines
2968 4699 3190 4767 fuerint,
3246 4699 3340 4770 qui
3393 4696 3516 4752 talia
3561 4687 3749 4764 egerint.
3783 4683 3818 4730 εί

2310 4798 2413 4854 hoc
2457 4797 2612 4853 nobis
2645 4797 3008 4862 innotescant,
3057 4802 3118 4848 ut
3163 4792 3274 4848 illis
3314 4799 3499 4846 uotum
3528 4775 3819 4862 faciamus?l

2311 4891 2386 4947 illi
2428 4906 2556 4947 suos
2585 4892 2852 4955 homines,
2884 4890 3025 4944 sicut
3061 4887 3165 4943 illis
3198 4884 3394 4941 melius
3415 4882 3581 4937 visum
3609 4861 3819 4929 fueritdc

2314 4984 2516 5041 talibus
2558 4984 2830 5053 castigare
2876 4988 3196 5054 procurent,
3252 4977 3393 5032 sicut
3435 4983 3490 5029 et
3533 4982 3623 5026 nos
3665 4964 3820 5053 nostrils

2316 5077 2564 5133 homines
2613 5076 2883 5147 castigare
2936 5075 3220 5136 volumus,
3263 5071 3306 5126 si
3356 5069 3410 5123 in
3461 5065 3655 5120 illorum
3693 5055 3820 5115 r8811”

2319 5171 2625 5227 indecentia
2651 5178 2708 5225 et
2738 5170 2921 5239 aliqua
2948 5168 3109 5223 noxia
3145 5164 3345 5227 facere,
3374 5156 3518 5230 quod
3553 5148 3700 5211 absit.
3722 5147 3819 5211 ρπτεο

2321 5262 2675 5333 sumpserint.

1914 5368 2148 5426 VARUE
2186 5373 2594 5431 LECTIONES.

690 5486 765 5519 ’⁸⁸
787 5502 946 5557 quem
974 5488 1029 5543 4.
1104 5488 1173 5522 ¹¹⁶¹
1207 5488 1348 5544 deest
1369 5489 1425 5544 4.
1457 5497 1566 5542 tota
1593 5487 1863 5550 inscriptio
1893 5488 2034 5544 deest
2061 5488 2117 5544 5.
2147 5489 2237 5545 51).
2270 5490 2356 5545 5c.
2433 5491 2503 5523 ⁷⁶¹
2534 5506 2628 5544 rex
2658 5488 2924 5544 llunfrido
2965 5480 3258 5557 venerabili
3293 5477 3471 5557 episco

619 5567 675 5613 et
700 5546 1029 5628 Berengario
1051 5560 1340 5615 comitibus
1365 5569 1422 5615 et
1451 5546 1896 5613 ministerialibus
1930 5575 1993 5614 ac
2026 5560 2271 5616 fidelibus
2298 5562 2478 5616 missis
2508 5561 2713 5615 nostris
2741 5561 2794 5613 in
2826 5558 3052 5614 Domino
3094 5546 3348 5628 salutem.
3384 5546 3437 5628 '5:

620 5629 777 5700 nabis
803 5622 952 5685 Jonas
979 5630 1270 5700 venerabili
1300 5631 1554 5700 episcopo
1599 5638 1654 5684 et
1678 5628 1979 5700 lsimbardo
2034 5630 2247 5686 inlustri
2290 5633 2473 5688 comiti
2527 5632 2708 5687 missis
2752 5631 2954 5685 nostris
3002 5627 3231 5683 salutem
3262 5622 3315 5700 4.

1767 5700 2151 5770 praedicatores
2185 5701 2239 5756 5.

1231 5772 1300 5805 ⁷⁷⁸
1329 5774 1403 5828 ita
1427 5771 1480 5827 5.
1506 5771 1559 5828 4.
1591 5770 2058 5829 consideravimus
2083 5769 2147 5837 S.
2177 5770 2246 5826 Β.

620 5698 692 5730 ⁷⁸⁸
724 5700 968 5755 levantur
997 5699 1059 5756 S.
1154 5701 1225 5733 ⁷⁸⁸

1256 5699 1483 5769 possunt
1512 5700 1567 5754 4.
1667 5699 1738 5731 ⁷⁸⁸

621 5767 691 5804 ’θ’
723 5771 1073 5827 armiscaram
1098 5771 1153 5826 4.

3516 5489 3538 5526 ο
3556 5513 3569 5533 ,
3594 5455 3821 5535 Ιιιείξςπιεο

3498 5531 3666 5599 use:
3679 5531 3821 5599 dilecto

3411 5595 3485 5648 ίεί
3499 5595 3753 5682 pernitiosa

2340 5669 2957 5772 li'uferianaﬁpriscopai
3003 5669 3221 5770 quoque
3259 5693 3313 5747 4.
3385 5687 3458 5723 ’δ’
3490 5669 3553 5740 ﬁl
3579 5696 3637 5751 (1³
3655 5669 3753 5730 ³⁸⁸⁵
3784 5669 3819 5715 δ’
