3960 6320
193 434 289 492 M9

195 547 326 600 libus
362 539 742 601 subleventur;
771 542 826 590 et
852 539 1197 603 oppressores
1225 523 1457 586 illorum,

194 651 282 706 pra
310 633 569 703 scriptum
598 635 698 691 est,
730 625 783 680 in
814 622 1063 679 omnibus
1090 616 1545 684 constringantur.

258 746 311 801 3.
353 745 429 800 De
461 743 545 800 his
574 755 702 796 vero
731 737 821 809 qui
851 736 990 790 intra
1018 731 1248 804 patriam
1289 725 1587 782 residentes
1620 717 1768 790 rapi-

195 852 288 892 nas
312 841 590 897 exercent,
633 831 819 884 domos
845 826 926 881 inf
928 827 1164 894 ringuut,
1203 819 1447 875 homines
1467 815 1583 870 sine
1605 825 1765 866 causa

198 930 464 992 occidunt,
497 931 696 980 trustes
720 927 1082 982 commovent,
1109 923 1204 970 aut
1229 913 1362 967 alios
1393 909 1684 979 dampnant
1714 912 1770 959 et

197 1023 521 1093 opprimant,
562 1025 713 1088 prata
745 1013 1049 1069 defensoria
1073 1010 1391 1079 depascunt,
1428 1002 1609 1073 fruges
1639 999 1769 1080 alio-

200 1134 310 1172 rum
337 1117 638 1176 devastant,
666 1125 732 1166 ex
757 1107 842 1164 his
875 1105 1096 1160 mandat
1132 1101 1314 1158 senior
1345 1105 1546 1161 noster,
1575 1103 1634 1148 ut
1660 1093 1771 1163 pri-

201 1222 341 1262 mum
370 1201 658 1274 episcopali
693 1198 1013 1254 auctoritate
1035 1194 1364 1266 iudicentur,
1396 1197 1452 1244 et
1476 1187 1556 1243 sic
1583 1193 1770 1257 postea

202 1313 230 1352 a
253 1297 537 1352 comitibus
562 1292 806 1364 legalitcr
828 1287 1287 1356 e‘onstringantur,
1311 1292 1364 1337 et
1393 1280 1613 1347 insuper
1633 1275 1770 1364 banf

202 1403 322 1441 num
367 1361 638 1448 nostrum,
670 1382 720 1436 id
760 1388 844 1436 est
884 1376 1084 1434 solidos
1111 1374 1198 1437 60,
1230 1376 1572 1440 componant.
1619 1365 1684 1421 Et
1725 1361 1772 1418 si

201 1495 288 1533 eos
313 1477 686 1544 constringere
711 1472 782 1504 ⁷⁷⁸⁵
815 1486 920 1528 non
957 1468 1248 1540 potuerint,
1275 1465 1342 1520 ad
1376 1461 1608 1534 regalem
1637 1475 1776 1530 pra:-

204 1567 428 1622 scntiam
451 1565 803 1626 deducantur,
825 1572 885 1616 ut
905 1561 1120 1630 dignam
1141 1555 1438 1626 suscipiant
1456 1551 1773 1607 vindictam.

269 1679 324 1734 4.
364 1678 633 1746 Mancipia
660 1676 856 1739 aliena,
879 1688 998 1744 quae
1025 1673 1170 1728 intra
1195 1669 1546 1726 inmunitates
1566 1664 1779 1744 fugiunt

209 1780 298 1824 aut
319 1771 461 1824 intra
487 1767 676 1824 ﬁscum
701 1775 942 1822 nostrum
969 1770 1066 1818 aut
1087 1762 1315 1818 aliorum
1346 1765 1632 1830 potestate,
1659 1763 1714 1811 et
1747 1769 1778 1809 a

1181 401 1608 468 FRANCOR‘UM
1646 396 1885 457 nacus:
1923 361 2402 451 CAPITULARlA.

1503 518 1642 572 sicut
1671 528 1758 568 su-
1786 518 1833 574 Α
1861 513 1915 560 et
1940 504 2164 559 reddere
2203 494 2454 559 noluerit,
2496 499 2551 548 et
2588 495 2778 562 postea
2803 483 3059 557 fugerint,
3084 479 3323 553 legalitcr
3348 494 3441 536 eas

3333 371 3438 426 650

1935 596 2153 652 rsolvat.

1935 613 2153 652 l‘SOlval.

1860 613 1988 746 με.
2029 689 2102 745 Ut
2129 699 2287 742 nemo
2315 681 2556 753 virgines
2581 685 2675 732 aut
2694 673 2884 730 viduas
2913 683 3106 742 rapere
3129 672 3442 737 praesumat,

1863 790 1920 838 et
1947 782 2013 837 ad
2047 795 2141 836 eas
2172 776 2316 832 nullo
2342 773 2502 830 modo
2539 770 2780 831 accedat,
2811 766 2913 822 nisi
2952 763 3196 833 legaliter
3221 775 3316 815 eas
3345 772 3448 813 nu-

1864 870 2108 943 ptialiter
2163 868 2516 936 desponsatas
2563 855 2942 943 coniunxerit.
2980 851 3174 943 Nullus
3201 850 3318 943 Deo
3352 861 3449 943 sa-

1867 935 2072 1018 cratam
2100 935 2276 1027 rapiat
2298 962 2392 1008 aut
2420 950 2601 1014 violet,
2634 945 2719 1002 vel
2747 948 2798 1000 in
2827 941 3076 1012 coniugio
3109 938 3217 994 sibi
3254 935 3446 992 societ.

1869 1051 1926 1107 Si
1963 1051 2084 1121 quis
2121 1048 2224 1102 hoc
2262 1053 2633 1112 transgressus
2675 1037 2871 1103 fuerit,
2909 1030 3282 1090 ecclesiastico
3317 1041 3453 1082 ana-

1871 1143 2107 1197 themate
2134 1137 2380 1200 feriatur,
2413 1142 2467 1189 et
2495 1131 2708 1203 publico
2729 1126 2936 1198 iudicio
2965 1125 3271 1179 damnetur.

1942 1234 1996 1290 6.
2033 1232 2110 1300 Ut
2143 1229 2352 1301 regales
2390 1223 2616 1296 iustitiae
2651 1237 2774 1278 cum
2812 1219 2960 1276 omni
3005 1213 3282 1287 diligentia
3325 1224 3454 1282 pero

1874 1327 2148 1383 ﬁciantur.

1945 1418 1999 1471 7.
2042 1414 2115 1471 Ut
2141 1414 2318 1469 nullus
2348 1411 2416 1467 de
2441 1410 2601 1466 domo
2636 1421 2733 1462 sua
2767 1405 2831 1460 ad
2861 1402 3024 1458 aliam
3049 1397 3339 1461 transiens,
3363 1402 3460 1449 aut

1876 1508 1931 1563 in
1962 1507 2157 1561 itinere
2181 1517 2432 1575 pergens,
2465 1499 2708 1570 rapinam
2733 1495 2917 1551 facere
2943 1497 3251 1562 pnesumat.

1946 1597 2001 1652 8.
2042 1594 2114 1651 Ut
2139 1593 2513 1663 unusquisque
2548 1588 2834 1659 presbyter
2874 1580 3236 1641 inbreviati"
3269 1579 3324 1634 in
3364 1589 3463 1633 sua

1871 1689 2165 1762 parrochia
2207 1699 2400 1741 omnes
2442 1679 2853 1741 malefactores,
2897 1674 3146 1730 videlicet
3191 1680 3461 1740 raptores.

1881 1793 2126 1851 rapaces,
2157 1775 2452 1839 adulteros,
2477 1773 2733 1833 incestos,
2761 1765 3079 1830 homicidas,
3108 1766 3376 1823 latrones;
3409 1769 3466 1812 et

215 1859 432 1913 dominis
457 1857 570 1912 suis
605 1856 934 1919 insecuntur,
958 1855 1076 1910 sine
1097 1851 1205 1907 ullo
1230 1861 1456 1904 munere
1481 1855 1575 1901 aut
1598 1845 1776 1914 aliqua
1811 1876 1853 1934 Β
1879 1845 1975 1929 60's
2002 1880 2156 1928 enm
2183 1868 2471 1926 ecclesiam
2502 1864 2662 1919 racia,
2681 1904 2699 1927 ν
2741 1861 2848 1918 nisi
2888 1855 3262 1929 νωηειεηιίαηι
3304 1863 3466 1921 agere

219 1949 630 2004 contradictione
666 1947 975 2010 reddantur,
1019 1953 1115 1998 aut
1141 1943 1288 1998 foras
1331 1939 1636 2010 eiiciantur,
1673 1937 1775 1992 nisi

218 2041 412 2113 legibus
435 2055 536 2096 sua
565 2053 685 2095 esse
710 2037 1074 2112 probaverim.
1107 2035 1173 2090 Et
1209 2035 1257 2089 si
1286 2034 1410 2104 quis
1440 2028 1781 2098 contenderit

1883 1964 2174 2020 voluerint.
2221 1961 2282 2018 Si
2326 1975 2386 2016 se
2428 1957 2718 2013 emendare
2767 1953 3071 2016 noluerint,
3119 1949 3188 2005 ad
3226 1943 3468 2016 episcopi

1886 2055 2228 2130 praasentiam
2255 2053 2637 2124 perducantur.

612 2239 868 2299 KABOLI
904 2239 948 2297 ll
983 2241 1071 2298 ET
1111 2239 1487 2298 HLOTHARII
1523 2240 1566 2298 ll
1605 2238 2022 2297 CONVENTUS
2056 2237 2244 2295 APUD
2283 2190 2610 2294 SANCTUM
2649 2231 3054 2304 QUINTINUM.

1549 2399 1675 2472 (An.
1702 2397 1826 2454 857.
1856 2398 2021 2454 Hart.
2051 2398 2129 2472 1.)

279 2561 602 2621 Sirmondus
629 2562 684 2618 in
709 2558 1064 2617 collocatione
1100 2558 1564 2614 adnuntiationum
1593 2553 1847 2623 istarum,
1879 2559 2004 2628 quia
2036 2560 2088 2613 in
2122 2558 2310 2615 codice
2338 2557 2707 2616 Bellovacensi
2737 2557 2974 2615 confusae
3005 2566 3210 2622 essent,
3237 2552 3487 2628 codicem

206 2632 307 2694 3b)
353 2634 639 2690 Metensem
689 2647 748 2687 se
789 2640 1032 2687 secutum
1079 2646 1200 2686 esse
1230 2631 1326 2694 ait,
1367 2629 1722 2698 inscriptione
1753 2627 1931 2684 tame'n
1958 2645 2077 2698 qum
2103 2631 2155 2684 in
2188 2630 2372 2685 codice
2401 2630 2768 2685 Bellovacensi
2818 2632 3066 2685 exstabat
3103 2639 3334 2685 servata.
3369 2627 3477 2684 Nos

203 2705 501 2760 editionem
525 2704 650 2774 ejus
681 2703 876 2758 collato
903 2701 1090 2758 codice
1120 2702 1174 2772 5)
1209 2702 1357 2771 regio
1377 2698 1690 2763 Parisiensi,
1723 2701 1867 2755 inter
1890 2699 2274 2770 Supplementa
2306 2699 2496 2755 Latina
2521 2717 2575 2756 η.
2602 2701 2670 2756 75
2699 2703 2933 2772 signato,
2967 2702 3402 2772 recognovimus.
3459 2711 3464 2714 '

202 2879 559 2932 Adnuntiatio
584 2875 768 2930 Karoli
795 2884 841 2930 et
872 2876 1068 2943 nepotis
1093 2875 1178 2929 sm’
1208 2869 1648 2943 Ηιοιιιαηιρρμᾴ
1675 2887 1797 2926 san-
1825 2854 1871 2919 Ο
1901 2871 2150 2938 audistis,
2192 2871 2532 2937 inﬁrmitate,
2581 2886 2649 2927 ex
2692 2871 2764 2906 m
2805 2879 2958 2942 parte
3001 2885 3102 2941 pro
3146 2883 3481 2941 paganorum

277 2960 426 3002 ctum
464 2947 790 3012 Quintilium,
833 2940 1087 3000 Kalendis
1116 2943 1280 2998 Mart.
1323 2958 1464 2996 anno
1489 2940 1590 2997 857
1621 2941 1798 2997 incar-

277 3021 513 3073 nationis
542 3018 817 3071 dominicw
844 3016 934 3070 ⁷⁷⁸.

279 3148 635 3203 Λάιωιιὲαιὶο
663 3149 734 3180 ⁷⁷⁷
764 3146 974 3202 Karoli.
1001 3177 1074 3186 —-
1103 3147 1155 3202 1.
1196 3145 1458 3203 Volumus
1496 3161 1595 3203 vos
1633 3147 1796 3212 scire,

201 3241 368 3308 quod
388 3239 490 3294 fuit
515 3238 735 3294 insimul
762 3247 950 3296 noster
977 3247 1296 3296 conventus.
1327 3237 1622 3308 Postquam
1660 3239 1802 3294 Deus

205 3338 466 3385 nostrum
510 3329 783 3386 seniorem
816 3331 1033 3385 vocavit
1077 3330 1144 3385 de
1191 3330 1294 3385 isto
1339 3330 1541 3397 seculo,
1586 3344 1803 3400 semper

207 3417 404 3475 inveni
446 3419 552 3478 tale
576 3420 858 3475 consilium
903 3421 955 3475 in
1002 3436 1122 3476 meo
1153 3421 1350 3476 dilecto
1394 3419 1562 3476 fratre
1607 3420 1805 3478 llludo-

208 3507 366 3564 vvico
389 3510 481 3576 ⁷⁷⁸,
510 3511 651 3566 sicut
676 3510 804 3564 mihi
827 3525 1048 3566 necesse
1078 3510 1198 3577 fuit,
1236 3520 1293 3567 et
1327 3526 1425 3581 ego
1445 3511 1516 3568 .in
1545 3510 1636 3566 illo
1660 3526 1808 3582 quae-

213 3599 352 3664 sivi,
376 3610 428 3657 et
451 3602 599 3657 illum
624 3603 908 3658 ostendere
938 3605 1148 3669 decuit;
1181 3614 1236 3659 et
1264 3603 1405 3658 illius
1432 3604 1807 3660 adhortatione

217 3701 274 3746 et
309 3693 705 3750 interventione
729 3695 966 3761 devenit,
997 3696 1109 3752 Deo
1134 3697 1356 3767 gratias,
1396 3695 1520 3751 talis
1545 3695 1811 3750 unanimi-

221 3790 311 3838 tas
347 3787 489 3842 inter
514 3802 601 3842 me
635 3794 690 3842 et
716 3787 871 3843 bona:
906 3789 1181 3844 memoria:
1205 3786 1430 3842 fratrem
1470 3802 1647 3841 meum
1680 3785 1808 3840 Illo-

223 3876 522 3944 tharium,
549 3877 690 3932 sicut
735 3877 877 3933 inter
926 3877 1124 3933 fratres
1168 3893 1287 3934 esse
1331 3876 1562 3933 debebat
1600 3876 1692 3930 ⁷⁸⁸.
1745 3875 1813 3931 Et

225 3977 450 4039 propter
481 3967 616 4023 tales
644 3983 856 4034 causas,
900 3984 1019 4039 qua:
1058 3969 1198 4024 sicut
1227 3968 1370 4022 inter
1406 3983 1503 4022 nos
1533 3964 1815 4034 conjacuc-

231 4070 379 4126 rant,
415 4061 720 4117 invenimus
747 4077 870 4116 cum
916 4061 1290 4118 communibus
1315 4060 1560 4118 ﬁdelibus
1587 4059 1811 4127 nostris,

1892 2962 2329 3030 superventione,
2373 2971 2430 3018 et
2466 2979 2566 3034 pro
2605 2963 2728 3019 aliis
2765 2963 3145 3018 occasionibus
3169 2963 3240 2994 ⁷⁸³
3270 2977 3392 3032 quae
3427 2961 3484 3015 in

1897 3069 2066 3124 regno
2096 3065 2280 3112 nostro
2304 3055 2643 3120 acciderunt,
2674 3071 2845 3125 usque
2871 3057 3028 3111 modo
3057 3069 3162 3110 non
3189 3055 3290 3108 fuit
3317 3069 3480 3125 opor-

1899 3157 2062 3203 tunus
2101 3147 2274 3214 locus,
2303 3157 2365 3202 ut
2405 3164 2508 3220 ego
2535 3159 2590 3204 et
2631 3150 2735 3205 iste
2782 3165 2935 3204 meus
2977 3142 3290 3203 carissimus
3319 3160 3485 3216 nepos

1900 3239 2120 3295 insimul
2161 3240 2479 3311 parabolare
2519 3242 2902 3312 potuissemus,
2952 3248 3008 3296 et
3055 3241 3284 3295 invicem
3327 3239 3486 3293 nobis

1901 3341 2198 3403 praesentes
2229 3342 2446 3389 nostras
2467 3334 2776 3388 voluntates
2806 3333 3321 3395 demonstraremus,
3350 3343 3489 3400 quas
3566 3337 3569 3341 '

1903 3427 1960 3481 in
1989 3428 2154 3482 corde
2183 3426 2554 3496 unusquisque
2590 3425 3051 3482 contra-alterum
3099 3423 3486 3478 retinebamus.

1895 3549 1904 3553 -
1973 3519 2030 3574 ὅ.
2072 3520 2264 3576 Evenit
2293 3529 2478 3574 autem
2515 3519 2664 3576 locus
2692 3532 2989 3589 congruus.
3023 3517 3150 3587 quia
3197 3515 3299 3570 iste
3340 3527 3492 3567 meus

1907 3612 2224 3667 carissimus
2259 3625 2426 3682 nepos
2461 3625 2585 3666 cum
2613 3609 2962 3665 dilectissimo
3001 3608 3169 3663 fratre
3209 3621 3331 3661 meo
3359 3605 3494 3658 illu-

1909 3703 2119 3758 dowico
2148 3701 2483 3771 psrabolavit
2505 3699 2681 3771 (126),
2703 3709 2760 3755 et
2803 3698 2908 3754 tale
2931 3707 3204 3769 receptum
3236 3707 3291 3752 et
3317 3695 3497 3752 consi-

1909 3793 2040 3847 lium
2078 3793 2130 3847 in
2159 3809 2224 3848 eo
2253 3792 2479 3856 invenit,
2508 3792 2650 3859 sicut
2678 3801 2734 3845 et
2767 3790 2856 3845 iSIi
2886 3804 3104 3845 necesse
3143 3789 3246 3843 fuit
3270 3798 3325 3842 et
3350 3788 3499 3842 illum

1911 3885 2287 3941 demonstrare
2315 3882 2496 3939 decuit
2523 3899 2537 3934 :
2570 3880 2714 3951 quod
2745 3880 2879 3934 mihi
2911 3880 3043 3936 satis
3063 3878 3408 3949 complacuit.
3433 3877 3503 3930 Et

1913 3989 2080 4039 nunc,
2108 3973 2324 4042 quando
2349 3987 2559 4026 mecum
2597 3970 2953 4041 parabolavit,
2983 3969 3122 4025 dixit
3159 3970 3314 4029 mihi.
3355 3968 3502 4038 quod

1915 4067 1970 4122 in
2001 4066 2088 4120 illa
2124 4066 2380 4121 ﬁrmitate
2414 4079 2575 4135 quam
2605 4078 2706 4134 ego
2735 4079 2859 4119 cum
2885 4071 3039 4131 patre
3068 4078 3167 4118 suo
3195 4064 3350 4118 bonae
3377 4077 3497 4116 me—

234 4152 360 4220 quia
388 4169 612 4210 necesse
637 4163 774 4218 erat,
802 4163 860 4209 ut
902 4154 1041 4208 inter
1067 4168 1165 4208 nos
1193 4153 1420 4209 firmitas
1453 4153 1593 4210 facta
1621 4152 1815 4208 fuisset
1848 4221 1881 4227 _
1916 4160 2102 4214 moriae
2141 4158 2310 4214 fratre
2349 4175 2471 4214 meo
2506 4157 2626 4220 feci,
2666 4166 2722 4213 et
2761 4156 2908 4214 illum
2940 4159 3178 4227 suscepi,
3219 4157 3272 4212 in
3306 4156 3395 4210 illa
3425 4155 3499 4187 ⁷⁸⁸

236 4246 530 4301 secundum
569 4245 662 4299 Dei
688 4245 1018 4300 voluntatem
1059 4246 1126 4301 de
1165 4254 1352 4302 nostro
1387 4245 1657 4301 communi
1685 4259 1812 4315 pro-
1845 4221 1892 4279 θ
1919 4250 2263 4319 susceptione
2305 4249 2468 4306 vellet
2496 4263 2866 4319 perseverare,
2905 4260 2962 4306 et
2995 4221 3506 4306 illam‘lirmitatem

241 4331 379 4389 fectu
403 4345 459 4391 et
481 4335 770 4407 adiutorio,
797 4345 851 4391 et
875 4336 940 4391 de
963 4335 1193 4392 ﬁliorum
1225 4351 1290 4391 ac
1315 4336 1464 4408 regni
1495 4345 1550 4391 et
1579 4335 1816 4391 ﬁdelium

1922 4355 2083 4410 quam
2115 4356 2246 4395 suus
2290 4349 2446 4412 pater
2487 4355 2639 4398 meus
2686 4339 2858 4397 frater
2903 4349 3096 4396 contra
3147 4355 3234 4396 me
3282 4338 3510 4404 fecerat,

243 4435 546 4483 nostrorum
571 4426 924 4492 salvamento,
947 4429 1088 4484 sicut
1113 4437 1240 4484 tunc
1260 4428 1330 4460 ⁷⁸⁰
1354 4427 1821 4499 adcognitavimus
1909 4430 2108 4498 vellet,
2125 4433 2428 4501 adiuvante
2455 4432 2702 4497 Domino,
2737 4448 2835 4506 per
2863 4434 3044 4488 omnia
3071 4435 3386 4490 observare.

248 4523 441 4578 nostris
473 4522 852 4578 communibus
892 4522 1140 4579 fidelibus
1173 4522 1264 4592 qui
1303 4520 1611 4577 adfuerunt.
1657 4519 1727 4574 Et
1751 4519 1818 4552 ’δι

252 4613 333 4670 ille
363 4617 413 4671 in
451 4632 551 4672 sua
579 4615 690 4670 vita
719 4623 905 4669 contra
939 4629 1037 4669 nos
1062 4613 1426 4679 conservavit,
1453 4621 1529 4678 et,
1561 4613 1672 4668 Deo
1706 4626 1825 4682 gra-

257 4708 369 4774 tias,
391 4725 490 4765 nos
515 4716 706 4765 contra
729 4707 876 4762 illum
901 4708 1366 4773 conservavimus,
1389 4716 1444 4761 et
1467 4715 1656 4763 contra
1685 4706 1830 4761 illius

260 4796 382 4854 ﬁlios
411 4808 635 4870 nepotes
671 4806 908 4862 nostros,
938 4797 1228 4867 adiuvante
1262 4797 1395 4862 Deo.
1427 4809 1690 4868 quantum
1731 4799 1834 4858 sci-

265 4904 370 4947 mus
395 4902 449 4948 et
477 4907 786 4963 possumus,
814 4900 871 4946 et
913 4889 989 4946 illi
1015 4891 1084 4947 ad
1125 4907 1223 4948 nos
1251 4891 1588 4961 quaesierint,
1617 4905 1833 4946 conser-

265 4997 376 5041 vare
401 4987 665 5042 volumus.

325 5076 376 5132 ἰ.
413 5076 544 5132 Post
568 5077 776 5133 obitum
800 5090 928 5130 vero
955 5074 1118 5142 illius,
1139 5087 1204 5129 ex
1225 5081 1382 5144 parte
1405 5089 1502 5144 pro
1523 5088 1666 5140 mea,
1690 5073 1832 5128 sicut

1993 4522 2049 4577 4.
2093 4524 2160 4580 Et
2200 4525 2502 4580 invenimus
2541 4541 2664 4580 cum
2707 4525 3086 4580 communibus
3131 4525 3376 4580 ﬁdelibus
3417 4540 3516 4579 no-

1927 4615 2077 4679 stris,
2120 4625 2182 4670 nt
2222 4630 2322 4684 pro
2362 4615 2558 4671 talibus
2602 4615 3046 4681 necessitatibus,
3092 4616 3235 4672 sicut
3279 4615 3432 4672 scitis
3460 4625 3518 4673 et
3564 4659 3566 4662 μ

1933 4707 2130 4762 videtis
2159 4706 2210 4760 in
2241 4705 2346 4762 isto
2371 4719 2537 4778 regno
2571 4705 2810 4772 evenire,
2842 4720 2942 4760 nos
2966 4705 3195 4760 invicem
3224 4705 3520 4762 conﬁrmas.

1937 4813 2142 4861 remus,
2169 4797 2309 4853 sicut
2338 4805 2392 4852 et
2420 4796 2664 4860 fecimus,
2698 4804 2758 4850 ut
2793 4796 2859 4851 ad
2891 4795 3154 4850 honorem
3186 4803 3387 4851 sanctze
3419 4795 3513 4850 Dei

1937 4891 2181 4947 ecclesim
2206 4897 2264 4945 et
2303 4901 2643 4944 communem
2687 4886 2990 4958 profectum
3033 4901 3096 4942 ac
3140 4885 3377 4942 ﬁdelium
3422 4900 3519 4940 no-

1937 4993 2173 5038 strorum
2219 4980 2632 5044 salvamentnm,
2675 4986 2731 5033 et
2773 4992 3000 5049 regnum
3039 4985 3284 5033 nostrum
3329 4985 3519 5031 contra

1940 5087 2311 5145 quoscumque
2354 5071 2510 5128 nobis
2545 5083 2767 5125 necesse
2813 5069 2974 5124 fuerit
3001 5068 3403 5129 continendum,
3439 5067 3522 5119 in-

1527 5229 1762 5288 VARIE
1805 5228 2206 5287 LECTIONES.

332 5369 398 5405 ’⁷⁵
419 5370 763 5440 confringere
789 5371 836 5424 ε.
910 5369 981 5403 ⁷⁷⁸
1007 5372 1082 5424 ita
1113 5369 1297 5425 codex.

1388 5368 1459 5400 ⁷⁷⁸
1489 5367 1608 5422 Pal.
1653 5377 1702 5422 et
1752 5366 1878 5421 Met.
1907 5385 1925 5424 :
1956 5364 2218 5436 Capitula,
2250 5363 2431 5436 Karoli
2457 5362 2600 5436 regis
2643 5361 2942 5436 etLothari
2979 5359 3120 5430 regis
3151 5358 3361 5436 nepotis
3404 5357 3524 5436 eius

279 5443 323 5497 in
349 5427 706 5498 Valentiana's.
782 5443 850 5473 ⁷⁷⁷
880 5441 1144 5494 annuntio
1167 5441 1221 5496 '5.
1297 5439 1368 5470 7"
1395 5439 1720 5494 hluduvuico
1745 5438 1798 5491 3.
1875 5439 1945 5468 ⁷⁷⁸
1975 5427 2168 5491 (Ιέὺθει
2188 5435 2242 5489 3.
2318 5435 2387 5466 ⁷⁸⁰
2419 5445 2498 5491 ter
2522 5427 2574 5488 3.
2652 5433 2720 5464 ⁷⁸¹
2755 5427 3124 5488 θόΐιιθι-ιιιιιόι
3151 5427 3233 5484 5(
3282 5429 3352 5460 ⁷⁸³
3379 5438 3433 5483 et
3455 5427 3523 5481 Β.

280 5513 337 5546 ⁷³⁸
358 5516 425 5568 ita
455 5513 686 5569 correxit
713 5511 870 5567 BAL.
894 5510 1339 5580 occupationibus
1376 5525 1552 5563 omnes
1578 5509 1729 5562 codd.
1784 5508 1879 5577 :7”
1907 5510 1981 5562 ita
2011 5509 2064 5563 5.
2096 5506 2230 5576 ipsa.
2265 5503 2320 5560 S.
2349 5504 2414 5560 Β.
2831 5513 2834 5516 ’

1765 5641 1996 5702 ΝΟΤᾹΞ.

346 5772 483 5843 (ηδ)
525 5770 681 5825 Anno
721 5764 825 5821 857
869 5778 1059 5820 mense
1103 5758 1402 5817 Februario
1445 5759 1514 5834 in:
1543 5757 1857 5817 Conﬂuentc
1894 5756 2118 5812 castello
2145 5772 2207 5810 ex
2235 5755 2480 5811 nuodolﬁ
2512 5715 2809 5808 Annalibus
2840 5751 2936 5808 SS.
2972 5751 3034 5806 T.
3067 5751 3107 5826 l,
3135 5765 3189 5822 p.
3219 5751 3343 5806 570.

671 5863 942 5922 Psrnoc.
987 5853 1396 5918 CXXXVIII.

3233 5843 3304 5900 ’21
