3960 6320
598 408 600 410 '
626 401 726 456 651

1384 399 1675 456 sereno.
1716 398 1831 453 an.
1868 396 2041 453 saac.
2075 397 2144 451 Χ.
2175 426 2244 436 -
2277 359 2712 456 MONUMENTA
2745 399 3220 458 DIPLOMATICA.
3717 411 3788 467 ωε

622 520 798 575 vicem
839 532 938 574 nos
962 517 1245 574 *salvemus
1270 525 1325 571 et
1359 515 1692 584 adiuvemus,
1735 517 1874 573 sicut
1910 515 2207 571 avunculus
2235 521 2283 582 Α
2311 497 2494 568 sorum
2520 523 2828 570 nostrorum
2855 516 2922 572 de
2948 517 3051 572 hoc
3078 516 3327 572 omnibus
3353 518 3626 588 ostendant,
3646 535 3688 579 et
3710 536 3789 583 tan.

622 620 876 680 nepotem
905 617 956 665 el
989 624 1156 680 nepos
1181 606 1509 664 avunculum
1551 622 1648 679 per
1672 616 1882 664 rectum
1910 606 2123 663 salvare
2149 617 2204 664 et
2305 612 2416 659 tam
2443 605 2717 661 miseriam
2752 606 2820 638 ⁷⁸⁷
2853 607 3196 664 interdicant.
3228 607 3295 662 Et
3322 609 3486 663 sciant
3509 627 3680 679 omnes,
3703 632 3786 688 quia

619 704 876 774 adjuvare
906 703 1084 758 debet.
1192 710 1196 714 '
1277 755 1280 758 .

687 797 743 850 5.
782 795 849 850 Et
876 795 1047 851 nostri
1077 783 1284 860 ﬁdeles,
1312 795 1403 866 qui
1431 804 1728 866 praesentes
1756 795 1977 851 fuerunt
2007 802 2064 850 et
2099 793 2202 850 hoc

594 886 900 945 .consilium
936 885 1094 941 nobis
1122 886 1408 952 dederunt,
1435 886 1688 941 dixerunt
1717 886 1896 952 nobis,
1930 886 2072 956 quod
2102 901 2199 955 pa—

615 979 720 1034 rati
757 987 885 1035 sunt
920 994 1041 1045 nos,
1075 979 1372 1034 auxiliante
1409 979 1658 1046 Domino,
1687 979 1740 1034 in
1765 979 2018 1035 omnibus
2044 978 2196 1048 adiu-

613 1084 766 1137 vare,
789 1079 864 1126 ut
899 1071 1060 1126 istam
1089 1069 1404 1126 ﬁrmitatem
1443 1070 1711 1140 possimus
1745 1070 1812 1126 ad
1849 1070 2082 1126 invicem
2108 1069 2198 1126 ob-

608 1175 852 1218 servare.
887 1162 955 1220 Et
978 1170 1263 1233 prOpterea
1290 1160 1538 1217 volumus
1562 1175 1595 1216 a
1622 1161 1779 1217 vobis
1808 1169 2046 1218 vestrum
2073 1174 2200 1240 con;

611 1268 832 1310 sensum
860 1262 916 1308 et
940 1253 1271 1309 voluntatem
1303 1251 1512 1317 audire,
1555 1251 1603 1306 si
1644 1258 1701 1307 et
1728 1253 1832 1307 hoc
1870 1249 2025 1306 vobis
2059 1250 2198 1305 bene

607 1347 843 1414 videtur,
889 1356 945 1403 et
971 1349 1130 1403 nobis
1172 1347 1297 1403 inde
1335 1346 1594 1402 auxilium
1626 1346 1789 1402 vultis
1825 1354 2107 1416 praestare,
2135 1355 2196 1402 ut

608 1442 714 1498 hoc
736 1441 1004 1512 possimus
1031 1456 1154 1498 cum
1183 1440 1276 1495 Dei
1305 1438 1574 1509 adiutorio
1597 1448 1654 1509 et
1679 1447 1862 1495 vestro
1883 1439 2192 1494 observare.

677 1532 1023 1587 Adnuntiatio
1046 1532 1115 1566 ⁷⁸⁸
1139 1530 1426 1586 Illotharii.
1451 1561 1519 1571 --
1542 1531 1696 1586 Sicut
1722 1543 1874 1585 meus
1898 1529 2194 1586 avunculus

604 1624 762 1680 vobis
788 1623 942 1690 dicit,
967 1633 1228 1693 quantum
1259 1623 1402 1678 Deus
1429 1621 1561 1677 mihi
1584 1622 1728 1678 scire
1749 1631 1806 1677 et
1844 1635 2003 1691 posse
2029 1621 2195 1676 dona.

603 1715 765 1782 verit,
792 1721 847 1770 et
869 1715 925 1769 in
943 1714 1018 1746 ⁷⁸⁸
1040 1713 1131 1769 illa
1159 1713 1416 1769 ﬁrmitate
1437 1728 1561 1769 cum
1583 1712 1798 1769 seniore
1823 1727 1944 1785 meo
1966 1711 2109 1768 facta
2137 1711 2192 1766 in

602 1818 712 1875 qua
742 1819 830 1859 me
854 1803 1114 1876 suscepit,
1145 1812 1200 1862 et
1224 1819 1388 1875 quam
1415 1803 1599 1859 senior
1625 1818 1779 1859 meus
1807 1811 1996 1860 contra
2040 1802 2190 1858 illum

2301 695 2626 766 quicumque
2657 696 2858 753 abinde
2903 699 3027 752 talia
3057 696 3238 754 facere
3263 704 3650 770 praesumpserit,
3671 718 3712 761 et
3731 726 3790 763 ca-

2301 786 2551 841 nonicam
2591 793 2647 843 et
2690 787 2926 859 regalem
2952 788 3246 844 vindictam
3276 790 3537 860 suscipiet,
3566 795 3680 849 sicut
3705 807 3790 854 tunc

2300 877 2551 933 omnibus
2593 887 2650 934 et
2674 879 2913 950 episcopi
2939 887 2996 935 et
3024 879 3178 935 missi
3217 881 3388 936 nostri
3423 882 3610 952 plenius
3641 889 3792 943 adnun-

2301 967 2532 1023 tiabunt.

2370 1061 2506 1116 Item
2528 1063 2861 1119 adnuntiatio
2887 1062 3170 1120 Hlotharii.
3186 1065 3320 1120 —l.
3341 1064 3528 1122 Sciatis
3545 1067 3792 1141 etiam,quia

2298 1151 2799 1220 consideravimus,
2842 1163 2904 1209 ut
2932 1154 3292 1232 quiscumque
3339 1156 3628 1214 malefactor
3650 1159 3703 1213 de
3723 1177 3795 1217 uno

2297 1259 2467 1315 regno
2492 1253 2682 1300 nostro
2705 1244 2760 1300 in
2795 1245 3024 1302 alterum
3055 1249 3292 1314 venerit,
3325 1250 3590 1320 episcopus
3608 1253 3680 1307 vel
3709 1255 3795 1310 mis-

2295 1349 2419 1400 sus,
2451 1335 2570 1391 sive
2599 1350 2784 1392 comes
2805 1376 2822 1403 ,
2858 1336 2923 1392 de
2951 1353 3180 1407 quorum
3215 1340 3512 1396 ministerio
3541 1341 3740 1413 eﬁ‘ugerit
3757 1355 3794 1398 ut

2289 1423 2561 1493 iustitiam
2607 1440 2717 1480 non
2748 1426 2940 1482 reddat
2964 1437 3058 1499 aut
3084 1428 3301 1500 dignam
3328 1429 3603 1485 vindictam
3629 1446 3712 1486 non
3733 1448 3794 1486 su-

2294 1516 2514 1584 stineat,
2538 1516 2644 1574 illis
2668 1518 2852 1574 missis
2876 1519 2932 1573 in
2955 1533 3183 1589 quorum
3208 1521 3482 1577 missatico
3502 1522 3552 1577 in
3572 1522 3661 1578 alio
3680 1539 3796 1594 regno

2293 1609 2530 1682 fugerit,
2557 1618 2746 1667 notum
2775 1610 3003 1680 faciant,
3025 1620 3080 1670 et
3102 1613 3207 1683 ipsi
3229 1613 3380 1669 illum
3405 1615 3573 1671 taliter
3595 1616 3797 1672 constrin-

2293 1715 2458 1776 gant,
2493 1713 2556 1760 ut
2597 1713 2692 1760 aut
2725 1705 2793 1761 ad
2839 1706 3286 1778 compositionem
3333 1716 3429 1763 aut
3473 1709 3538 1764 ad
3578 1709 3798 1764 vindictam

2293 1795 2423 1852 illuc
2447 1797 2690 1854 reveniat
2713 1797 2806 1853 ubi
2835 1798 3038 1854 malum
3070 1799 3435 1870 perpetravit.

602 1895 751 1964 fecit,
780 1896 904 1956 volo
945 1910 1313 1966 perseverare,
1348 1904 1404 1952 et
1449 1895 1595 1951 illam
1634 1910 1798 1966 quam
1840 1904 2032 1951 contra
2061 1910 2184 1951 eum
2216 1883 2262 1944 Β
2355 1889 2415 1945 2.
2454 1888 2523 1945 Et
2555 1889 2776 1958 sciatis,
2805 1891 2934 1961 quia
2983 1891 3126 1947 sicut
3169 1891 3313 1947 Deus
3343 1906 3441 1963 per
3480 1907 3620 1946 suam
3644 1891 3798 1948 miseri-

603 1985 731 2052 feci,
760 2002 881 2042 cum
912 1987 1006 2041 Dei
1032 1987 1301 2056 adiutorio
1327 1985 1449 2042 volo
1480 1985 1708 2041 ﬁrmiter
1730 1986 2042 2063 observare.

674 2077 811 2132 Item
829 2073 1158 2132 adnuntiatio
1181 2077 1368 2132 Κατ-σιξ
1391 2079 1626 2148 regis.—
1640 2077 1896 2134 Volumus
1910 2093 2004 2134 vos
2023 2079 2182 2144 scire,

601 2169 727 2238 quia
771 2177 991 2241 propter
1037 2170 1171 2226 istas
1201 2171 1419 2240 rapinas
1448 2178 1502 2226 et
1529 2171 1954 2241 depraedationes
1981 2187 2100 2242 qum
2129 2171 2184 2226 in

598 2276 770 2332 regno
799 2271 986 2317 nostro
1015 2262 1378 2328 increverunt,
1412 2278 1478 2319 ex
1507 2272 1663 2334 parte
1689 2263 1815 2333 quia
1859 2253 2053 2335 pagani
2090 2278 2184 2318 no-

595 2350 685 2407 bis
713 2360 1157 2422 supervenerunt,
1183 2367 1248 2408 ex
1280 2362 1433 2424 parte
1456 2369 1553 2424 pro
1584 2354 1781 2409 talibus
1804 2354 2184 2411 occasionibus

597 2457 718 2512 qua:
744 2443 798 2499 in
830 2459 995 2516 regno
1022 2452 1210 2500 nostro
1242 2444 1573 2508 acciderunt,
1600 2446 1864 2516 synodum
1899 2445 2181 2516 episcopo-

595 2549 720 2589 rum
748 2542 804 2590 et
833 2535 1136 2606 aliquantos
1161 2537 1230 2591 de
1259 2535 1463 2592 nostris
1492 2536 1739 2593 ﬁdelibus
1765 2552 1865 2608 pro
1899 2536 2181 2608 oportuni-

595 2632 710 2680 tate
737 2625 993 2695 temporis
1020 2627 1458 2692 convocavimus,
1488 2636 1544 2684 et
1567 2628 2030 2684 consideravimus
2058 2643 2182 2684 cum

593 2714 748 2786 ipsis,
772 2724 832 2770 ut
860 2731 960 2787 per
979 2731 1140 2773 omne
1168 2731 1393 2786 regnum
1421 2726 1668 2772 nostrum
1696 2719 1931 2788 episcopi
1956 2727 2010 2780 et
2031 2718 2182 2774 missi

593 2805 768 2860 nostri
798 2821 862 2860 ac
885 2806 1111 2862 comites
1137 2807 1194 2863 in
1223 2807 1448 2878 singulis
1471 2808 1774 2877 parrochiis
1813 2825 1879 2864 ac
1914 2806 2183 2866 comitati-

592 2894 698 2954 bus
727 2895 926 2966 placita
969 2905 1208 2963 teneant,
1234 2906 1289 2953 et
1331 2898 1400 2954 ad
1441 2898 1532 2954 illa
1573 2898 1771 2969 placita
1803 2900 1982 2956 omnis
2017 2901 2182 2958 homo

2287 1979 2568 2047 cordiam,
2614 1987 2670 2035 et
2714 1995 2813 2050 per
2847 1995 2999 2037 meos
3048 1981 3431 2037 avunculos'm
3458 1980 3798 2045 bonitatem,et

2284 2089 2382 2146 per
2403 2075 2513 2130 mei
2537 2074 2773 2132 senioris
2797 2090 2864 2131 ac
2893 2091 3044 2131 meos
3073 2075 3261 2132 ﬁdeles
3278 2074 3353 2116 ⁷⁸³
3379 2075 3694 2144 adiutorium,
3717 2090 3800 2128 meo

2286 2168 2486 2224 seniori
2511 2169 2566 2224 in
2590 2183 2760 2240 regno
2795 2168 3068 2234 successi,
3098 2170 3174 2224 ita
3201 2177 3258 2224 et
3285 2169 3344 2224 in
3378 2169 3520 2224 omni
3549 2168 3744 2222 bonitate
3765 2177 3800 2219 et

2285 2261 2342 2320 in
2369 2261 2751 2318 observatione
2781 2262 2848 2317 de
2894 2262 3003 2318 illis
3030 2262 3285 2333 capitulis
3331 2277 3471 2334 quos
3512 2275 3649 2315 meus
3671 2260 3802 2314 senior

2285 2367 2408 2407 cum
2436 2353 2550 2408 suis
2575 2352 2873 2420 fratribus,
2899 2355 3038 2410 meis
3062 2353 3378 2419 avunculis,
3411 2354 3477 2408 ad
3506 2351 3732 2406 Marsnam
3753 2349 3797 2402 de

2285 2442 2382 2500 Dei
2429 2443 2708 2500 voluntate
2734 2453 2791 2500 et
2819 2453 3022 2501 sancta:
3047 2445 3292 2500 ecclesia:
3343 2445 3571 2508 honore,
3614 2452 3659 2497 et
3695 2439 3801 2510 regni

2287 2535 2587 2592 stabilitate
2603 2576 2620 2604 ,
2648 2545 2704 2592 et
2735 2546 2938 2593 sanctae
2961 2537 3206 2593 ecclesiae
3231 2553 3296 2592 ac
3325 2537 3475 2607 regni
3497 2534 3702 2590 ﬁdelium
3721 2531 3794 2586 sal-

2283 2636 2541 2684 vamento
2558 2667 2576 2695 ,
2602 2628 2971 2684 consideravit
3000 2635 3058 2685 et
3091 2627 3473 2695 conﬁrmavit,
3499 2641 3610 2683 cum
3634 2623 3712 2679 Dei
3739 2621 3800 2676 atl-

2276 2718 2483 2790 iutorio
2530 2726 2588 2774 et
2627 2719 2764 2775 meis
2799 2719 3170 2775 avunculism
3217 2718 3453 2774 consilio
3481 2725 3532 2772 et
3573 2713 3737 2770 auxilio
3765 2720 3800 2765 et

2281 2817 2465 2865 vestro
2496 2808 2768 2879 adiutorio
2797 2807 3116 2880 permanere
3143 2808 3284 2865 volo.

2357 2896 2534 2953 Tertia
2559 2899 2890 2955 adnuntiatio
2905 2899 3116 2955 Karali.
3129 2931 3197 2940 -—-
3209 2899 3356 2955 Deus
3370 2897 3684 2969 omnipotens
3693 2891 3801 2948 nobis

595 2985 688 3054 qui
715 2985 972 3054 placitum
1015 2987 1286 3043 custodire
1313 2987 1472 3044 debet
1513 2997 1568 3044 et
1604 2988 1660 3044 in
1702 2989 1807 3045 illis
1831 2990 2179 3046 comitatibus
2281 2993 2464 3060 donet,
2483 3001 2545 3047 ut
2567 3001 2808 3048 vestram
2831 2992 3152 3048 ﬁdelitatem
3176 3000 3230 3047 et
3252 3000 3497 3048 vestrum
3521 2985 3800 3058 adiutorium,

591 3085 922 3141 commanet,
948 3077 1067 3133 sine
1086 3078 1406 3148 exceptione
1425 3087 1482 3135 et
1503 3080 1854 3137 excusatione
1871 3081 2176 3138 conveniat.
2280 3097 2401 3154 quae
2424 3098 2641 3154 semper
2661 3091 2853 3140 contra
2881 3099 2983 3139 nos
3006 3099 3130 3139 cum
3155 3083 3308 3138 omni
3335 3084 3565 3139 barnatu
3593 3077 3717 3150 (197)
3737 3074 3800 3129 de-

591 3165 664 3222 Et
691 3167 928 3237 episcopi
967 3167 1216 3230 omnibus
1245 3168 1650 3236 demonstrent,
1687 3182 1850 3241 quam
1876 3185 2040 3243 grave
2073 3171 2179 3228 hoc
2225 3241 2251 3243 ,ί
2283 3174 2632 3230 monstrastis
2654 3213 2671 3241 ,
2716 3173 2873 3230 vobis
2901 3172 2984 3230 sic
3025 3186 3237 3229 merere
3276 3172 3576 3243 possimus,
3599 3167 3716 3223 sicut
3734 3177 3801 3217 an-

589 3266 876 3327 peccatum
922 3259 1027 3326 sit,
1070 3267 1127 3315 et
1170 3259 1386 3330 qualem
1433 3262 1814 3331 paenitentiam
1853 3241 2080 3336 quaerit,
2127 3273 2183 3321 et
2207 3241 2255 3307 (ἶ
2285 3272 2594 3322 tecessores
2615 3265 2787 3322 nostri
2807 3264 3007 3322 vestris
3033 3241 3476 3321 antecessoribus
3505 3264 3552 3317 in
3586 3261 3802 3316 bonome-

594 3346 810 3416 qualem
852 3349 1279 3418 damnationem,
1320 3352 1425 3408 nisi
1469 3353 1784 3422 poenitentia
1826 3356 2178 3423 succurrerit,
2287 3370 2547 3428 ruerunt,
2593 3366 2651 3415 et
2696 3373 2796 3416 nos
2828 3357 2984 3416 vobis
3025 3372 3151 3415 cum
3181 3355 3331 3414 omni
3360 3355 3596 3414 bonitate
3617 3349 3802 3407 volumus

593 3438 865 3510 adquirat.
902 3441 972 3498 Et
999 3442 1154 3500 missi
1181 3446 1355 3502 nostri
1395 3445 1632 3517 capitula
1661 3446 1795 3520 legis
1836 3457 1893 3504 et
1933 3458 2184 3506 anteces-
2287 3449 2633 3508 commereri.

1551 3621 1808 3683 KAROLI
1845 3625 1892 3682 ll
1922 3623 2340 3685 CONVENTUS
2373 3624 2909 3685 GABISIACENSIS.

1927 3780 2051 3853 (An.
2083 3781 2208 3838 858.
2237 3780 2402 3839 Mart.
2430 3782 2549 3856 2!.)

672 3940 818 4017 Petri
849 3941 1059 4017 _Pithmi
1100 3941 1398 4017 editionem
1443 3955 1532 3996 an.
1566 3940 1702 4017 1588
1732 3943 1787 3999 in
1833 3941 1936 3998 SS.
1987 3951 2274 4017 coaetaneis
2321 3941 2415 3999 Xll
2449 3933 2769 4017 Sirmondus
2814 3945 3176 4017 Baluziusque
3223 3946 3589 4017 repetierunt;
3630 3946 3802 4017 quorum

595 4012 748 4082 prior
779 4015 1151 4086 episcoporum
1178 4021 1235 4070 et
1260 4014 1543 4080 comitum,
1573 4014 1666 4086 qui
1693 4023 2034 4072 sacramento
2063 4016 2522 4086 subscripserunt,
2551 4016 2768 4072 nomina
2799 4033 2865 4072 ex
2891 4012 3458 4073 codice’Laudu’nensi
3485 4013 3682 4083 adiecit.

590 4193 723 4246 Acta
752 4199 874 4264 sunt
899 4191 1012 4246 lucc
1039 4191 1304 4264 sequentia
1332 4191 1473 4264 apud
1509 4191 1836 4264 Carisioeum
1879 4193 2138 4264 palatium
2159 4235 2176 4262 ,

665 4278 807 4334 anno
832 4261 1233 4334 incarnationis
1261 4261 1563 4334 dominica
1585 4333 1600 4334 ί
1621 4263 1727 4334 858
1745 4304 1760 4328 ,
1777 4261 1956 4334 __regni
2001 4261 2178 4321 autem

647 4331 849 4407 inanimi
893 4329 1076 4407 Karoli
1115 4331 1537 4407 _l_8_,_indictione
1573 4333 1638 4402 6,
1673 4333 1741 4388 12
1767 4329 1895 4389 ιίάιῖ
1944 4335 2176 4407 Aprilis,

662 4402 721 4456 in
752 4400 849 4455 Dei
873 4401 1082 4455 nomine
1103 4400 1345 4472 feliciter.

511 4602 522 4610 .
664 4529 1069 4587 Sacramentum
1089 4529 1420 4599 ﬁdelium.——
1435 4530 1704 4600 Quantum
1725 4533 1903 4590 sciero
1915 4543 1973 4591 et
1991 4543 2178 4606 potue-

592 4638 679 4690 ro,
704 4620 934 4678 Domino
961 4619 1279 4692 adiuvante,
1307 4621 1512 4692 absque
1537 4623 1646 4678 ulla
1673 4623 1957 4680 dolositate
1974 4633 2068 4680 aut
2084 4639 2174 4682 se-

592 4717 882 4784 ductione,
927 4725 982 4772 et
1027 4718 1257 4774 consilio
1301 4726 1358 4774 et
1402 4720 1605 4775 auxilio
1653 4722 1952 4777 secundum
1995 4736 2175 4777 meum

593 4808 957 4867 ministerium
999 4818 1056 4866 et
1096 4811 1390 4866 secundum
1445 4826 1626 4867 meam
1667 4826 1956 4882 personam
2001 4811 2176 4868 ﬁdelis

591 4903 751 4960 vobis
797 4904 1015 4976 adiutor
1057 4919 1189 4975 ero,
1232 4914 1292 4960 ut
1326 4905 1472 4962 illam
1509 4915 1861 4978 potestatem,
1909 4924 2072 4979 quam
2118 4909 2173 4965 in

2285 4195 2412 4253 inde
2439 4197 2714 4253 retraham
2735 4237 2751 4266 ,
2784 4207 3046 4270 quantum
3087 4197 3231 4254 Deus
3267 4198 3404 4254 mihi
3444 4197 3740 4256 intellectum
3770 4195 3805 4242 et

2284 4288 2698 4358 possibilitatem
2733 4290 3034 4347 donaverit.

2357 4377 2761 4434 Sacr-amentum
2803 4381 2959 4452 regis.
2981 4411 3052 4422 --
3071 4381 3138 4438 Et
3170 4396 3294 4455 ego,
3319 4391 3580 4454 quantum
3616 4377 3756 4436 sciero
3772 4379 3808 4425 el

2283 4470 2680 4527 rationabiliter
2720 4480 2980 4544 potuero,
3030 4472 3262 4530 Domino
3308 4473 3627 4544 adiuvante,
3668 4478 3808 4522 ununr

2286 4577 2558 4633 quemque
2581 4573 2822 4619 vestrum
2868 4566 3166 4620 secundum
3193 4581 3353 4621 suum
3393 4565 3632 4622 ordinem
3657 4569 3703 4617 et
3723 4569 3807 4627 per-

2282 4666 2473 4709 sonam
2497 4653 2778 4711 honorabo
2803 4663 2860 4711 et
2885 4655 3137 4723 salvabo,
3165 4665 3222 4713 et
3259 4657 3586 4712 honoratum
3641 4667 3697 4706 ac
3735 4643 3807 4701 θαι·

2282 4753 2466 4800 vatum
2525 4745 2730 4816 absque
2781 4745 2893 4803 ullo
2944 4747 3070 4804 dolo
3118 4763 3182 4802 ac
3224 4747 3580 4803 damnatione
3622 4741 3695 4798 vel
3739 4737 3807 4792 de-

2283 4835 2532 4906 ceptione
2609 4837 2976 4906 conservabo,
3049 4847 3108 4894 et
3187 4837 3488 4908 unicuique
3554 4839 3806 4900 competen-

2283 4937 2392 4982 tem
2444 4927 2619 5000 legem
2670 4937 2726 4984 et
2765 4929 3030 5000 iustitiam
3066 4930 3428 4986 conservabo.
3481 4927 3546 4984 Et
3581 4923 3663 4994 qui
3703 4917 3807 4974 illam

594 4993 746 5100 regio
776 4997 996 5053 nomine
1013 5004 1068 5052 et
1089 5012 1256 5100 regno
1278 4999 1430 5054 vobis
1454 4999 1597 5057 Deus
1615 5003 1905 5068 concessit,
1920 5002 1987 5056 ad
2009 5001 2176 5072 ipsius
2207 5042 2254 5100 υ
2281 4993 2783 5076 ηοεεεεέιηδιιει-ίί
2795 5061 2810 5087 ,
2838 5029 2894 5075 ει
2919 5020 3315 5076 “amabiliter
3341 5019 3562 5090 petierit
3583 4993 3809 5081 ,iationa-

591 5086 925 5178 voluntatem
973 5096 1029 5145 et
1074 5090 1142 5144 ad
1191 5099 1429 5146 vestram
1479 5107 1544 5147 ac
1587 5093 1828 5148 ﬁdelium
1868 5103 2175 5150 vestrorum
2207 5086 2250 5100 “’
2282 5111 2447 5167 bilem
2509 5086 2937 5168 misericordiam
3000 5113 3303 5178 exhibebo,
3341 5086 3503 5167 'sicut
3561 5104 3712 5164 ﬁdelis
3741 5109 3807 5152 rex

591 5177 974 5242 salvationem,
1003 5193 1124 5235 cum
1151 5180 1330 5236 debito
1358 5191 1410 5237 et
1441 5182 1646 5238 honore
1669 5192 1725 5238 et
1753 5187 1958 5254 vigore,
1993 5193 2176 5240 tenere

592 5278 645 5327 et
670 5271 973 5342 gubernare
995 5270 1215 5344 possitis
1247 5289 1260 5326 :
1290 5281 1347 5328 et
1389 5287 1490 5344 pro
1534 5273 1640 5330 ullo
1686 5274 1902 5331 homine
1932 5289 2038 5331 non
2085 5290 2173 5332 me

2283 5220 2411 5261 suos
2439 5203 2625 5262 ﬁdeles
2655 5219 2755 5276 per
2780 5214 2988 5262 rectum
3023 5205 3293 5262 honorare
3319 5213 3380 5259 et
3410 5203 3634 5265 salvere,
3659 5205 3706 5252 et
3725 5188 3806 5244 υηῑο

2282 5298 2478 5368 cuique
2507 5306 2904 5369 competentem
2929 5297 3105 5371 legem
3139 5305 3195 5354 et
3227 5296 3505 5368 iustitiam
3540 5295 3593 5350 in
3620 5294 3808 5356 unquO‘

1862 5407 2098 5463 VARIAE
2140 5407 2543 5466 LECTIONES.

663 5524 735 5556 ⁷⁸⁵
759 5521 1100 5594 annuntiatio
1123 5524 1177 5578 5.
1205 5529 1521 5594 constanter.
1593 5521 1667 5594 3“
1695 5522 1835 5576 deest
1880 5519 2078 5594 53‘1""
2132 5529 2349 5594 tantum
2395 5523 2710 5594 mysterium
2749 5523 2802 5580 5.
2836 5593 2849 5594 γ
2879 5523 2950 5556 ⁷⁸⁸
2993 5524 3067 5576 ita
3111 5522 3363 5577 vetustior
3398 5500 3804 5594 Iectio_codici33.

594 5603 828 5648 correcta
850 5595 907 5647 in
931 5593 1048 5665 mei
1065 5593 1335 5665 avunculi.
1359 5595 1496 5665 quod
1519 5602 1565 5648 et
1591 5592 1682 5650 5b.
1705 5594 1878 5646 habet.
1953 5590 2023 5622 ⁷⁸⁸
2055 5605 2296 5646 meorum
2324 5586 2561 5650 ﬁdelium
2590 5595 2677 5650 ὃς.
2724 5593 2882 5650 BAL.
2959 5595 3029 5627 79°
3059 5607 3300 5650 meorum
3351 5588 3717 5647 avunculorum
3742 5586 3804 5630 δίε

2108 5728 2337 5788 ΝΟΤίΕ.

594 5665 702 5720 mei
727 5661 978 5720 avunculi
1007 5661 1166 5718 BAL.

669 5821 817 5893 (127)
849 5823 886 5878 i.
919 5837 971 5878 e.
999 5822 1287 5878 baronatu.
