3960 6320
202 457 289 513 653
1192 457 1619 517 FRANCORUM
1656 456 1893 513 REGUM
1933 459 2398 520 CAPITULARIA
3334 473 3437 531 65k

202 588 292 644 quc
318 571 511 627 ordine
540 585 865 630 conservare
884 616 898 641 ,
929 582 982 631 et
1013 575 1375 648 indigentibus
1415 587 1471 634 et
1519 577 1757 632 rationa-
1788 576 1993 640 A'mihi
2014 578 2333 649 subreptum
2361 580 2569 647 fuerit,
2601 598 2726 640 cum
2772 586 2877 643 hoc
2920 601 3315 661 recognovcro,
3344 610 3441 651 vo-

202 663 370 719 biliter
394 663 703 733 petentibus
736 666 1109 722 rationabilem
1155 668 1579 726 misericordiam
1605 671 1764 726 debet
1863 666 2095 724 ιιιηιπῑε
2114 670 2245 726 illud
2269 675 2805 734 emendar'e'eurabo.

199 753 518 824 impendere.
543 755 613 810 Et
638 771 734 826 pro
759 758 905 813 nullo
939 759 1158 815 homine
1200 759 1270 815 ab
1312 760 1449 829 hoc,
1499 772 1759 833 quantum

198 843 409 899 dimittit
454 844 686 901 humana
722 846 1017 918 fragilitas,
1067 864 1168 921 per
1201 850 1441 907 studium
1486 860 1581 908 aut
1611 851 1760 907 mali-

197 933 474 990 volentiam
500 934 586 991 vel
630 937 856 1009 alicujus
883 940 1184 996 indebitum
1233 942 1633 997 hortamentum
1665 943 1758 997 de-

197 1023 372 1089 viabo,
403 1035 662 1096 quantum
693 1029 824 1084 mihi
872 1029 1016 1086 Deus
1044 1030 1378 1087 intellectum
1407 1040 1461 1087 et
1486 1032 1759 1105 possibili-

193 1121 346 1170 tatem
373 1112 673 1175 donaverit.
706 1118 774 1174 Et
818 1119 865 1176 si
907 1135 1006 1191 per
1051 1122 1399 1193 fragilitatem
1439 1132 1627 1179 contra
1655 1126 1757 1180 hoc

1932 759 2256 819 llincmarus
2282 766 2752 839 archiepiscopus,
2780 772 2950 829 Immo
2983 776 3266 848 episcopus
3287 819 3301 840 ,
3336 779 3434 834 Vn-

1860 848 2158 909 minfridus
2184 856 2471 927 episcopus
2488 899 2504 926 ,
2533 857 2859 921 ﬂincmarus
2886 866 3170 938 cpiscopus
3187 909 3202 935 ,
3230 868 3436 927 llildui»

1858 941 2271 1102 Mamilius,
2298 1036 2711 1110 Engilramnus,
2738 998 3081 1107 lsembardus
3100 1089 3114 1113 ,
3160 1050 3311 1119 Odo,
3340 1016 3441 1109 (ls-

1861 1118 2068 1211 bertus,
2097 1121 2394 1195 Ratbodus,
2426 1129 2741 1201 Hunfridus,
2767 1135 3072 1205 Odalrieus,
3106 1118 3437 1211 Rhodull'us.,

1859 1209 2251 1282 Engisebalcus
2267 1259 2283 1283 ,
2313 1218 2605 1279 Herluinus
2620 1265 2637 1292 ,
2669 1226 2836 1286 iiitto.

938 1380 1193 1447 KAROLI
1229 1382 1274 1439 ll
1314 1382 1401 1440 ΕΤ
1432 1383 1742 1442 ιιιοτιιη

1850 1386 1889 1443 ll
1928 1388 2251 1453 SYNODUS
2286 1396 2696 1460 METTFJVSIS.

1370 1540 1498 1615 (An.
1529 1543 1654 1602 859.
1686 1543 1820 1602 Mai.
1848 1548 1919 1606 as
1938 1591 1957 1620 ,
1985 1551 2115 1608 lim.
2148 1553 2228 1627 4.)

243 1686 400 1809 t[largita
425 1698 513 1747 est
539 1705 571 1747 a
598 1688 831 1747 Baronio
856 1705 922 1747 cx
966 1690 1152 1750 codice
1196 1691 1389 1750 Ματθιί
1431 1704 1596 1767 atque
1640 1696 1860 1757 Antonii
1905 1700 2190 1778 Augustini
2227 1718 2359 1767 toni.
2405 1715 2694 1781 Annalium
2727 1723 2804 1794 Χ,
2833 1733 2945 1783 tum
2995 1744 3026 1784 a
3058 1729 3351 1809 Sirmondo
3382 1747 3438 1795 ct

271 1774 417 1809 nzm.
804 1794 807 1795 ν
1342 1782 1345 1789 ’

178 1754 417 1817 Baltizio.
804 1794 807 1795 ν

267 1945 631 1991 ερῐεεονοιωι
658 1950 902 1992 ιεωτιο
940 1952 1010 1993 ΑΙ)
1046 1952 1408 1997 ηιυυοπιωι
1444 1954 1645 1998 ΙΒΘΣΙ.

181 2019 303 2104 Haec
327 2024 567 2112 capitula
594 2035 821 2112 tractata
926 2027 1380 2112 ςςηῇτηιαςαβιιηι
1404 2031 1472 2086 ab
1499 2033 1753 2112 episcopis

241 2094 296 2147 in
319 2095 521 2186 δεηθείς
544 2096 897 2186 ἠμὺὶςιιμμιιζ
930 2094 1113 2186 Mettis
1152 2100 1445 2186 ciuitatem,
1483 2094 1549 2157 de
1576 2094 1754 2186 incliti-

242 2167 414 2250 qentia
442 2164 742 2248 Hludotqici
783 2164 925 2291 regis
966 2185 1061 2251 pro
1105 2171 1358 2253 seditione
1386 2164 1441 2228 et
1460 2175 1752 2231 excessibus

239 2250 297 2287 πη
323 2243 479 2306 regno
506 2235 693 2306 fratris
718 2253 803 2292 sui
884 2239 1018 2293 arolt
1043 2252 1374 2312 perpetratis.

240 2325 459 2384 Dilectis
503 2327 561 2383 in
605 2326 825 2389 Christo
870 2330 1133 2389 fratribus
1168 2342 1224 2390 et
1275 2337 1752 2396 consacerdotibus

174 2421 396 2489 nostris,
446 2421 637 2494 legatis
686 2425 939 2484 videlicet
986 2427 1182 2485 divina:
1229 2432 1382 2502 pacis
1436 2448 1501 2489 ac
1553 2442 1753 2492 nostra:

172 2517 573 2587 unanimitatis,
616 2517 946 2585 iliucmaro,
996 2523 1334 2591 Guntbario,
1366 2524 1751 2585 Wenilouiar-

174 2610 559 2684 cbiepiscopis,
612 2622 671 2670 et
714 2616 1116 2675 venerabilibus
1169 2619 1510 2691 coepiscopis
1547 2621 1749 2677 nostris

175 2699 445 2770 ilerluino,
469 2703 801 2777 Hildegario,
832 2705 1121 2776 Adventio,
1148 2710 1358 2766 Abboni
1381 2751 1396 2778 ,
1433 2711 1748 2779 llincmaro,

174 2791 508 2863 Erchsnrao,
532 2796 772 2869 episcopi
803 2784 1035 2869 quorum
1063 2801 1282 2857 nomina
1331 2802 1520 2860 subter
1545 2803 1749 2861 baben-

176 2891 263 2939 tnr
284 2887 586 2960 adscripta,
618 2889 713 2960 qui
741 2888 959 2947 favente
998 2892 1258 2960 Domino,
1289 2902 1344 2949 et
1387 2896 1748 2953 annuentibus

173 2973 408 3045 gloriosis
429 2979 766 3052 principibus
790 2982 993 3039 nostris
1035 2983 1235 3042 Karolo
1265 2995 1321 3041 et
1347 2985 1631 3044 Hlothario
1649 3028 1664 3055 ,
1690 2988 1747 3045 in

176 3062 629 3126 Mediomatricum
671 3071 983 3141 civitatem,
1014 3089 1160 3132 anno
1213 3074 1608 3133 incarnationis
1653 3078 1748 3134 do-

173 3156 375 3217 minica:
399 3160 537 3232 859,
563 3161 863 3222 indictione
912 3165 965 3233 7,
1008 3164 1046 3223 5
1092 3164 1213 3245 lia].
1263 3164 1456 3225 lunias
1498 3168 1745 3242 synodali

172 3247 380 3309 decreto
402 3256 778 3314 convenimus.

238 3343 292 3401 l.
325 3343 463 3403 Nota
486 3355 549 3404 et
584 3349 725 3427 proh
755 3349 940 3408 dolor!
976 3352 1140 3410 nimis
1176 3359 1262 3411 est
1305 3362 1435 3412 nota
1468 3354 1744 3437 discordia

174 3442 326 3505 atque
337 3437 667 3498 calamitatis
685 3438 977 3524 pernicies,
991 3460 1112 3518 quin
1128 3444 1362 3505 factione
1383 3449 1743 3521 quorumdam

172 3524 537 3587 seditiosorum
554 3530 844 3607 [hominum
868 3551 1039 3608 nuper
1059 3537 1202 3595 inter
1220 3538 1440 3609 fratres,
1455 3556 1611 3615 reges
1639 3557 1738 3599 no-

190 3623 354 3687 stros,
380 3620 758 3682 Hludowicum
786 3634 840 3683 et
866 3627 1123 3688 Karolum
1150 3632 1351 3689 accidit
1376 3648 1391 3688 :
1423 3636 1564 3692 unde
1593 3645 1742 3715 tanta

177 3721 234 3764 ac
264 3712 382 3769 talia
424 3713 482 3770 in
525 3717 766 3775 ecclesia
792 3721 954 3778 nobis
982 3723 1053 3779 ad
1083 3724 1380 3796 regendum
1399 3768 1416 3797 ,
1446 3728 1630 3785 divina
1660 3712 1740 3787 di-

173 3805 412 3872 gnatione
431 3848 448 3875 ,
474 3810 768 3869 commissa
795 3821 851 3869 et
890 3814 947 3870 in
993 3817 1096 3874 hoc
1138 3833 1307 3890 regno
1347 3835 1578 3892 perpere
1616 3831 1742 3881 sunt

177 3893 395 3954 admissa
412 3939 430 3965 ,
463 3908 525 3957 ut
552 3901 672 3973 ipso
698 3903 864 3960 etiam
888 3907 1071 3964 auditu
1096 3902 1380 3969 horribilia
1408 3928 1741 3985 cognoscan-

176 3991 280 4054 tur;
312 4000 367 4045 et
405 3990 454 4047 si
496 3991 615 4051 hac
652 3993 941 4055 discordia:
984 4000 1295 4069 pestilentia
1341 4004 1580 4073 diutius,
1610 4022 1737 4080 ope-

177 4086 316 4135 tante
361 4081 584 4138 humani
636 4087 855 4156 generis
901 4091 1128 4162 antiquo
1171 4093 1330 4151 hoste
1354 4134 1371 4162 ,
1421 4096 1736 4166 duraverit,

176 4178 320 4236 quam
343 4172 635 4231 exitiabilis
659 4185 721 4232 et
745 4176 1024 4237 mortifera
1050 4182 1252 4242 existat
1276 4186 1475 4246 melius
1500 4188 1604 4260 ipsi
1627 4190 1736 4253 sci-

173 4258 252 4316 tis.
279 4262 392 4332 Qua
417 4265 487 4357 de
524 4281 587 4324 re
626 4283 899 4328 memores
941 4274 1072 4345 quid
1100 4277 1302 4336 veritas
1333 4258 1738 4357 missisﬁpmdi-

174 4354 429 4413 caloribus
449 4356 694 4428 jusserit,
717 4369 780 4417 ut
804 4362 1022 4421 divinus
1053 4365 1253 4424 Paulus
1284 4369 1443 4439 dicit,
1473 4354 1734 4445 legatione

173 4441 426 4516 fungimur
444 4465 540 4517 pro
565 4447 808 4519 Christo,
849 4456 1261 4514 reconciliamini
1293 4460 1433 4527 Deo,
1464 4441 1735 4536 legatione

170 4545 256 4601 pro
274 4535 488 4594 Christo
510 4539 816 4613 fungentes,
836 4560 954 4614 vos,
982 4547 1181 4607 fratres
1206 4551 1502 4623 carissimi,
1528 4535 1737 4626 legatos

1769 3282 1816 3346 C

1780 1922 1833 1987 Β
1858 1946 2059 2021 legatio
2086 1965 2284 2016 vestrm
2306 1959 2667 2026 fraternitatis
2691 1968 3140 2044 huiusmodiaerit
3166 1986 3437 2044 conditio-

1856 2043 1974 2108 nis,
2021 2054 2085 2148 ut
2128 2046 2299 2107 isdem
2330 2068 2426 2110 rex
2468 2059 2655 2124 nobis.
2684 2071 2739 2119 et
2783 2068 2990 2125 utinam
3030 2070 3178 2141 Deo,
3225 2088 3440 2151 semper

1855 2135 2105 2238 amabilis
2124 2161 2139 2203 ,-
2166 2140 2234 2196 ad
2262 2143 2552 2204 missorum
2582 2151 2974 2226 indulgentiam
2992 2135 3407 2238 consequatur;

1923 2224 1979 2324 ξ.
2020 2225 2284 2324 Videlicet
2305 2234 2353 2291 si
2379 2251 2441 2293 se
2466 2238 2533 2296 de
2569 2224 2823 2304 omnibus
2850 2263 2971 2320 quae
2996 2266 3098 2324 per
3137 2224 3261 2317 eum

1852 2312 2153 2375 litiosorum
2179 2322 2459 2411 hominum
2485 2328 2837 2401 persuasione
2860 2312 3022 2411 atque
3038 2312 3350 2404 seductione
3378 2350 3433 2405 in

1852 2409 2128 2477 parochiis
2162 2404 2367 2473 nostris
2411 2418 2751 2496 fratrumque
2778 2404 3434 2510 nostrorumperpetrata

1852 2508 1982 2554 sunt
2019 2505 2288 2561 veraciter
2329 2517 2727 2589 recognoverit,
2776 2522 2919 2578 sicut
2952 2505 3237 2598 scripiuni
3278 2540 3365 2588 est
3416 2551 3431 2589 :

1849 2588 2018 2681 iuxta
2044 2604 2121 2650 est
2154 2595 2414 2657 Dominus
2443 2604 2527 2659 his
2559 2609 2650 2678 qui
2673 2611 2922 2670 tribulato
2947 2588 3277 2678 sunt'corde.

1850 2679 2190 2783 Sacri/ieiuni
2223 2689 2334 2746 Deo
2370 2705 2448 2749 est
2484 2696 2703 2766 spiritus
2728 2706 3146 2777 eontribulatus;
3172 2679 3431 2783 quoniam

1850 2787 1947 2830 cor
1983 2779 2277 2838 contritum
2304 2793 2360 2841 et
2385 2785 2729 2849 humiliatum
2763 2793 2907 2853 Deus
2930 2798 3045 2856 ‘non
3083 2779 3314 2874 spernit.
3359 2806 3431 2863 Bt

1848 2863 1990 2920 sicut
2011 2866 2067 2922 bi
2105 2870 2197 2940 qui
2236 2872 2361 2931 ficte
2392 2875 2564 2934 Deum
2588 2890 2857 2953 quaerunt,
2882 2863 3131 2948 invenire
3148 2908 3428 2969 nunquam

1828 2966 2152 3047 merentur,
2193 2963 2269 3020 ita
2298 2981 2469 3036 prope
2490 2981 2576 3028 est
2604 2972 2865 3035 Dominus
2890 2982 3143 3041 omnibus
3169 2963 3428 3047 invocan-

1849 3044 1995 3103 tibus
2016 3063 2079 3105 se
2103 3051 2159 3106 in
2190 3055 2438 3114 veritate.

1915 3138 1975 3195 ι.
2015 3139 2084 3196 Et
2126 3143 2173 3199 si
2216 3156 2339 3216 post
2374 3162 2561 3208 veram
2589 3158 3013 3228 recognitionem
3038 3166 3253 3235 pmiter
3294 3184 3432 3229 con-

1846 3227 2272 3332 fessusfuerit;
2311 3241 2441 3311 quia
2493 3243 2692 3303 iterum
2725 3227 2885 3307 dicit
2915 3227 3198 3328 Scriptura
3248 3278 3269 3317 ς
3322 3227 3432 3332 Qui

1845 3323 2119 3383 abscondit
2143 3330 2337 3389 scelere
2356 3350 2477 3404 sua,
2511 3352 2621 3394 non
2646 3340 2926 3414 dirigetur.
2961 3323 3067 3415 Qui
3102 3360 3280 3408 auten
3304 3323 3430 3413 c3.-

1843 3417 2014 3489 fesssts
2055 3422 2235 3495 fudit,
2269 3439 2322 3484 et
2346 3430 2617 3505 reliquerit
2642 3452 2707 3492 ea
2723 3477 2741 3505 ,
2781 3440 3198 3503 ntisericerdiam
3237 3466 3420 3507 conse-

1840 3526 2048 3608 quetur.
2082 3516 2151 3575 Et
2181 3534 2197 3575 :
2234 3518 2298 3578 Si
2320 3524 2667 3594 conﬁtemur
2686 3541 2901 3601 peccata
2924 3544 3133 3605 nostra,
3148 3540 3321 3608 ﬁdelis
3345 3556 3422 3599 est

1841 3615 1891 3659 et
1905 3607 2107 3695 justus,
2134 3618 2196 3666 ut
2220 3616 2451 3670 remittat
2472 3619 2622 3674 nobis
2647 3633 2861 3692 peccata
2883 3638 3082 3696 nostra,
3107 3607 3157 3684 et
3177 3635 3421 3691 emendet

1841 3713 1937 3754 nos
1972 3688 2042 3755 ab
2082 3704 2225 3759 omni
2251 3705 2543 3779 iniquitate.

1910 3791 1965 3848 5.
2005 3792 2137 3852 Post
2164 3808 2355 3869 puram
2378 3812 2561 3860 autem
2587 3805 3005 3880 confessionem,
3033 3814 3079 3869 si
3105 3818 3421 3886 promiserit

1840 3896 1962 3952 quae
1987 3884 2128 3941 male
2146 3896 2300 3958 gesta
2324 3898 2469 3957 sunt,
2490 3905 2592 3962 per
2613 3892 2803 3966 dignos
2824 3884 3161 3968 poenitentia:
3184 3905 3415 3975 fructus,

1836 3975 2201 4042 praeveniente
2228 4020 2243 4046 ,
2300 3978 2632 4052 adjuvante,
2679 3995 2735 4043 et
2800 3990 3164 4065 subsequente
3230 3998 3417 4055 divina

1836 4067 2038 4136 gratia,
2078 4084 2140 4125 se
2163 4085 2262 4141 pro
2287 4072 2496 4131 viribus
2521 4080 2959 4149 emendaturum,
2991 4085 3120 4155 quia
3149 4088 3413 4159 scriptum

1836 4166 1939 4224 est,
1973 4156 2161 4217 Facite
2202 4163 2405 4233 fructus
2442 4167 2628 4239 dignos
2661 4173 2993 4240 plenilentiae,
3031 4180 3091 4233 ut
3121 4156 3275 4236 tanto
3298 4196 3411 4240 ma-

1814 4246 1952 4317 ‘jora
1976 4259 2186 4320 quierat
2207 4251 2469 4312 bonorum
2489 4271 2715 4328 operum
2742 4260 2972 4334 quisque
2995 4263 3143 4322 lucra
3178 4282 3279 4339 per
3300 4283 3417 4341 pm-

1840 4339 2145 4411 nitentiam,
2176 4355 2379 4415 quanto
2416 4350 2667 4421 graviora
2696 4353 2800 4410 sibi
2849 4356 3032 4413 intulit
3072 4359 3273 4419 damna
3302 4339 3416 4435 per

1835 4428 2051 4501 culpam
2074 4448 2091 4500 ;
2117 4436 2374 4505 quoniam
2412 4447 2469 4493 ct
2505 4438 2583 4495 illi
2615 4441 2763 4500 beati
2804 4460 3033 4517 quorum
3072 4458 3215 4509 tecta
3256 4428 3419 4514 bonis

1837 4523 2090 4592 operibus
2117 4534 2241 4581 sunt
2269 4538 2515 4598 peccata,
2548 4542 2604 4588 et
2626 4541 2686 4589 ut
2710 4534 2973 4606 scriptum
2998 4548 3103 4608 est,
3130 4544 3258 4614 quia
3280 4550 3418 4616 pee-

171 4618 268 4680 Deo
310 4638 509 4685 amata:
558 4632 740 4701 pacis,
787 4636 1044 4704 quoniam
1090 4639 1283 4697 exinde
1311 4641 1427 4714 jam
1474 4617 1737 4717 aloriosos
1763 4636 1814 4695 ί)
2020 4619 2361 4729 ﬁlum
2382 4636 2612 4729 Peccare
2633 4624 2782 4695 feel"
2814 4638 2967 4729 mnu
2985 4631 3095 4690 Sim
3122 4632 3267 4693 bona
3295 4652 3416 4711 qum

164 4715 423 4790 principes
460 4732 679 4780 nostros
704 4723 963 4782 Karolum
986 4737 1042 4785 et
1070 4730 1413 4790 lilotbarium
1441 4715 1734 4807 episcopali

162 4810 476 4868 auctoritate
527 4816 865 4884 monuimus,
932 4819 1000 4873 ad
1055 4821 1311 4878 domnum
1361 4824 1733 4885 liludowicum

161 4915 334 4974 regem
376 4904 672 4974 gloriosum
719 4909 998 4967 mediante
1026 4913 1254 4971 Domino
1282 4917 1628 4986 ordinamus,
1660 4921 1734 4977 si-

155 5003 242 5048 cut
269 4994 520 5051 Salvator
545 4997 680 5054 dicit
711 5017 728 5054 :
776 4998 845 5054 In
874 5013 1289 5079 ‘quamcumque,
1324 5009 1603 5079 inquiens,
1636 5000 1731 5069 do-

153 5098 291 5136 mum
336 5082 692 5152 imraveritis,
719 5086 955 5160 primum
977 5092 1132 5147 dicite
1173 5111 1192 5149 :
1225 5092 1346 5151 Pax
1379 5098 1502 5152 ltuic
1524 5100 1725 5155 domui.

150 5167 217 5227 Et
245 5174 292 5229 si
322 5174 395 5229 ibi
424 5174 580 5245 fuerit
603 5176 747 5247 ﬁlius
770 5181 935 5251 pacis,
964 5184 1244 5254 requiescet
1269 5203 1426 5257 super
1449 5187 1599 5243 illum
1624 5208 1731 5261 pax

151 5274 339 5319 uestra.
385 5265 483 5322 Sin
507 5279 713 5336 autem,
744 5271 813 5324 ad
853 5288 944 5327 vos
973 5286 1277 5331 revertetur.
1324 5278 1458 5346 Quia
1492 5289 1587 5334 aut
1628 5282 1734 5337 erit

148 5356 379 5426 quisque
407 5358 818 5428 praedestinatus
849 5364 918 5419 ad
954 5365 1117 5421 vitam
1138 5408 1154 5433 ,
1180 5377 1235 5423 et
1260 5369 1481 5426 caeleste
1507 5372 1728 5431 verbum

149 5459 409 5520 sequetur
427 5451 569 5520 quod
597 5453 811 5520 audiet;
843 5466 936 5512 aut
965 5458 1010 5513 si
1036 5459 1214 5517 nullus
1242 5462 1432 5519 audire
1460 5464 1726 5534 voluerit,

147 5538 266 5609 ipse
294 5540 616 5608 praedicator
641 5544 760 5599 sine
806 5542 985 5601 fructu
1034 5563 1139 5603 non
1169 5547 1368 5618 fuerit,
1394 5555 1647 5622 quoniam
1678 5559 1730 5614 ei

146 5644 180 5682 a
210 5629 439 5687 Domino
484 5648 585 5705 pro
626 5633 813 5692 labore
844 5637 925 5693 sui
958 5641 1142 5721 operis
1171 5657 1382 5699 merces
1412 5661 1730 5720 recompen-

157 5718 375 5774 rabitur.

214 5814 272 5867 2.
312 5812 441 5870 Post
484 5819 831 5889 prtedicatam
878 5838 1007 5880 vero
1048 5834 1103 5881 et
1143 5827 1470 5897 postulatam
1500 5842 1727 5905 pacem,

1839 4713 1990 4761 tanta
2015 4710 2263 4779 operiant
2291 4711 2451 4768 mala.

1906 4819 1960 4875 6.
2000 4818 2203 4878 Deinde
2225 4821 2270 4877 si
2299 4814 2647 4896 spoponderit
2674 4828 2741 4886 ad
2778 4848 2966 4905 pacem
2991 4845 3047 4917 et
3074 4822 3416 4900 concordiam

1831 4919 2227 4987 przesentaliter
2249 4921 2305 4976 iu
2337 4931 2449 4978 toto
2471 4925 2632 4981 corde
2658 4936 2712 4983 et
2741 4946 2858 4998 ore,
2892 4941 2948 4989 et
2978 4938 3299 5005 quantocius
3328 4928 3416 4993 τὸν

1832 5010 2162 5068 tionabiliter
2206 5022 2262 5069 et
2309 5015 2640 5085 possibiliter
2692 5028 2856 5092 atque
2911 5028 3298 5083 convenienter
3343 5041 3416 5083 ex

1837 5104 2109 5158 communi
2131 5120 2400 5162 consensu
2419 5106 2534 5163 fieri
2552 5113 2772 5181 poterit,
2791 5102 2954 5171 etiam
2985 5119 3270 5189 prtesentia
3293 5134 3416 5175 cor—

1836 5193 1985 5262 poris
2007 5197 2074 5249 ad
2103 5210 2288 5265 pacem
2310 5206 2367 5253 ct
2387 5203 2733 5258 concordiam
2754 5220 2877 5259 cum
2905 5205 3077 5263 fratre
3097 5224 3195 5263 suo
3216 5206 3414 5265 Karolo

1836 5301 1896 5342 se
1924 5287 2242 5359 rediturum,
2271 5300 2326 5347 et
2349 5292 2404 5347 in
2434 5309 2567 5364 pace
2591 5312 2656 5353 ac
2686 5299 2916 5355 caritate
2939 5299 3048 5357 Deo
3068 5302 3263 5372 placita
3285 5302 3411 5360 cum

1836 5375 2074 5446 praefatis
2092 5380 2429 5451 principibus
2456 5388 2656 5441 nostris
2693 5387 2889 5444 Karolo
2918 5400 3078 5462 atque
3107 5390 3407 5458 Hlothario,

1836 5468 1880 5522 si
1906 5467 2008 5539 ipsi
2038 5471 2261 5526 eandem
2289 5489 2476 5544 pacem
2517 5487 2572 5532 ct
2601 5479 2946 5534 concordiam
2970 5498 3097 5553 erga
3129 5498 3250 5538 eum
3294 5490 3412 5539 scr-

1833 5563 2096 5628 vaverint,
2123 5580 2560 5635 permansurum,
2595 5570 2738 5626 etin
2767 5588 2826 5628 se
2852 5574 3202 5644 peccantibus
3229 5564 3412 5641 debita

1828 5651 2119 5718 dimiserit,
2156 5658 2297 5712 sicut
2325 5674 2420 5713 sua
2450 5674 2481 5713 a
2513 5652 2622 5715 Deo
2657 5661 2840 5718 debita
2869 5664 2972 5720 sibi
3009 5665 3157 5736 cupit
3188 5666 3405 5755 dimitti.

1832 5738 1968 5809 Quia
1994 5740 2185 5805 itidem
2210 5745 2488 5819 Scriptura
2528 5749 2701 5806 dicit:
2748 5749 2940 5809 Pacem
2969 5758 3246 5827 sequimini
3288 5750 3405 5813 cuin
3452 5795 3456 5799 ‹

1831 5835 2088 5906 omnibus,
2139 5848 2189 5893 et
2242 5841 2663 5912 sanctimoniam,
2713 5844 2823 5900 sine
2866 5864 2969 5918 qua
3020 5848 3168 5904 uenio
3219 5842 3408 5933 videbit

3638 2128 3666 2143 ἢ
