3876 5326
581 263 688 320 655
1292 259 1584 316 APPEND.
1625 260 1716 316 AD
1746 259 1928 318 SEC.
1977 260 2130 314 X.—-
2172 256 2606 316 MONUMENTA
2646 259 3124 318 DlPLOMATlCA.
3716 268 3798 328 655

527 393 530 396 ’
579 377 772 432 Deum.
817 374 1032 430 Etcum
1062 371 1204 428 mala
1250 381 1442 426 cuncta
1475 371 1630 426 bonis
1673 371 2026 440 sequentibus
2059 371 2156 426 di-
2180 374 2230 434 A
2255 370 2336 425 Itis
2358 369 2446 442 qui
2484 370 2702 426 oderunt
2743 371 3028 426 Dominum
3066 372 3297 427 amicitia
3337 373 3598 445 jungeris.
3639 375 3699 432 Et
3734 384 3797 436 id-

578 470 815 535 luantur,
865 476 1073 523 tantum
1135 473 1220 520 est
1264 465 1548 521 discordiae
1599 464 1820 529 malum,
1877 479 1999 534 quae
2050 464 2155 520 nisi
2258 458 2395 516 circa
2415 461 2551 517 iram
2571 463 2786 532 quidam
2817 463 3024 518 Domini
3048 463 3328 518 mercbaris
3344 467 3486 530 ;sed
3517 467 3646 522 bona
3669 489 3798 539 opera

577 562 813 616 extincta
860 557 1099 614 funditus
1142 555 1328 621 fuerit,
1387 555 1585 610 bonum
1632 555 1935 610 nullatenus
1978 554 2151 624 sequi,
2256 552 2464 607 inventa
2501 566 2620 608 sunt
2649 554 2795 609 inte.
2826 555 2963 612 Hinc
2993 558 3135 612 sacri
3165 572 3400 614 canones
3426 576 3456 614 a
3495 573 3677 618 sancto
3701 583 3797 637 pro-

571 652 854 723 evangelio
909 660 1064 713 teste,
1124 647 1452 719 permittat;
1513 654 1569 701 et
1629 646 1831 701 caritas
1887 654 1971 702 est
2004 661 2153 716 qua:
2255 643 2476 715 mulgati
2525 644 2728 714 Spiritu
2760 647 2963 712 dicunt,
2998 657 3056 702 ut
3082 649 3136 703 hi
3167 650 3260 720 qui
3307 661 3430 720 post
3459 661 3798 713 excommuni-

575 743 750 814 operit
798 737 1197 795 multitudinem
1239 745 1612 806 peccatorum,
1662 724 1781 790 sine
1835 750 1941 804 qua
1987 735 2150 789 etiam
2254 734 2524 790 cationem
2583 735 2668 791 vel
2737 735 3086 794 interdictum
3155 755 3278 796 eum
3345 747 3798 804 cxcommunicatis

571 836 638 892 si
667 835 790 905 quis
840 846 1038 902 corpus
1099 845 1258 886 suum
1318 830 1499 884 tradat
1548 827 1617 883 ad
1667 828 1869 896 ignem,
1920 826 2052 882 nihil
2099 827 2147 883 ei
2254 829 2793 897 connnunicaverint,
2815 832 3154 888 condemnati
3185 835 3473 890 anathema
3510 837 3796 895 habeantur.

558 928 676 989 .nisi
706 928 774 982 ad
813 923 1176 980 damnationis
1199 921 1464 992 judicium
1493 920 1754 990 proderit.
1787 918 1855 973 Et
1889 919 2150 974 Dominus
2253 919 2321 973 Et
2351 929 2572 976 sanctus
2604 919 2905 992 Cyprianus
2933 925 3074 995 regis
3114 926 3475 982 ministerium
3520 945 3637 986 esse
3673 933 3796 1000 dicit,

569 1019 702 1075 dicit
734 1036 749 1072 :
787 1017 849 1074 Si
887 1033 989 1072 non
1018 1013 1322 1078 dimiseritis
1360 1010 1658 1065 hominibus
1687 1019 1902 1079 peccata
1941 1026 2143 1072 eorum,
2253 1011 2446 1082 impios
2472 1014 2538 1067 de
2566 1022 2710 1068 terra
2739 1015 2986 1084 perdere,
3020 1015 3340 1082 homicidas,
3379 1020 3647 1090 perjuros,
3671 1024 3796 1078 adul-

567 1128 662 1167 nec
726 1110 889 1166 Pater
935 1119 1104 1164 vester
1164 1104 1384 1160 cwlestis
1434 1103 1659 1158 dimittet
1729 1102 1870 1158 vobis
1935 1115 2146 1173 peccata
2253 1107 2731 1172 teros,veneficos,
2765 1109 3060 1180 sacrilegos
3091 1126 3198 1165 non
3225 1111 3408 1168 sinere
3440 1113 3641 1170 vivere.
3674 1115 3731 1172 Et
3754 1118 3795 1173 in

565 1215 758 1262 υεεενα,
2251 1198 2390 1254 libro
2414 1215 2599 1270 regum
2641 1202 2900 1272 scriptum
2937 1213 3042 1268 est,
3073 1205 3288 1260 dicente
3318 1205 3553 1262 Domino
3585 1223 3674 1278 per
3695 1225 3796 1278 pro-

634 1297 689 1350 7.
729 1295 860 1350 Post
885 1293 1002 1349 haec
1034 1291 1080 1348 si
1116 1289 1445 1363 promiserit,
1475 1287 1618 1358 quod
1636 1287 1749 1356 jam
1779 1281 2006 1340 ulterius
2039 1283 2145 1339 tale
2247 1290 2466 1360 phetam
2511 1308 2524 1344 :
2571 1290 2708 1357 Quia
2747 1293 2994 1348 dimisisti
3043 1295 3210 1350 virum
3251 1307 3418 1351 morte
3457 1299 3686 1368 dignum,
3720 1303 3795 1353 erit

562 1388 650 1445 vel
675 1387 852 1443 simile
883 1387 1116 1442 sehisma
1160 1384 1214 1438 in
1246 1383 1347 1438 hac
1374 1390 1562 1437 sancta
1595 1380 1689 1434 Dei
1721 1378 1949 1434 ecclesia
1980 1387 2144 1447 atque
2249 1380 2426 1433 anima
2461 1390 2553 1434 tua
2577 1398 2671 1450 pro
2713 1384 2891 1438 anima
2919 1384 3083 1451 illius,
3114 1395 3161 1439 et
3187 1387 3412 1456 populus
3451 1399 3575 1442 tuus
3606 1406 3693 1459 pro
3724 1408 3795 1460 po-

561 1481 620 1537 in
667 1479 772 1535 ista
821 1475 1216 1532 cbristianitate
1259 1488 1366 1529 non
1410 1471 1653 1526 reiteret.
1686 1467 1840 1524 Unde
1880 1469 2142 1538 scriptum
2246 1469 2373 1541 pulo
2404 1470 2568 1525 illius.
2611 1472 2680 1526 Et
2705 1488 2866 1543 quam
2898 1475 3059 1530 noxia
3089 1476 3160 1530 sit
3194 1477 3435 1533 indebita
3465 1494 3593 1548 erga
3620 1480 3793 1550 iniquos

561 1579 648 1627 est
695 1586 711 1625 :
766 1569 869 1636 Qui
919 1568 1218 1638 baptizatur
1263 1582 1296 1618 a
1347 1571 1576 1627 mortuo,
1629 1570 1677 1616 et
1732 1561 1921 1614 iterum
1973 1559 2140 1629 tangit
2246 1562 2640 1629 misericordia,
2674 1573 3008 1620 monstratur
3035 1567 3088 1622 in
3129 1583 3293 1638 opere
3343 1568 3477 1624 Saul
3508 1585 3572 1624 ac
3613 1568 3796 1628 Samue-

459 1657 463 1662 ’
559 1664 733 1729 illum,
769 1661 896 1732 quid
925 1659 1132 1730 proﬁcit
1162 1656 1357 1711 lavatio
1397 1654 1552 1725 ejus?
1586 1653 1902 1724 Baptizatur
1942 1651 2140 1722 quippe
2246 1651 2343 1721 lis;
2371 1655 2624 1723 quoniam
2655 1656 2740 1710 cui
2768 1655 2896 1712 Saul
2927 1660 3173 1728 pepercit
3197 1659 3482 1716 offendens
3523 1660 3791 1729 Dominum,

559 1771 593 1810 a
643 1761 878 1818 mortuo,
929 1749 1021 1820 qui
1067 1746 1360 1803 mandatur
1400 1743 1614 1799 fletibus
1651 1758 1682 1798 a
1729 1749 1950 1814 peccato
1982 1759 1998 1809 ;
2048 1741 2143 1797 sed
2172 1747 2219 1808 B
2249 1743 2467 1800 Samuel
2493 1747 2756 1816 propheta
2787 1747 2839 1802 in
2869 1747 3040 1804 frusta
3063 1751 3319 1806 concidit.
3351 1751 3493 1806 Nam
3516 1753 3654 1809 sicut
3676 1755 3792 1824 quis-

553 1857 686 1920 post
723 1847 1305 1918 baptisma'mortuum
1340 1838 1530 1908 tangit,
1564 1836 1656 1908 qui
1686 1835 1872 1907 culpas
1896 1842 2018 1906 post
2060 1834 2139 1889 la-
2252 1853 2358 1908 que
2402 1837 2458 1893 in
2502 1852 2562 1894 se
2604 1841 2958 1909 peccantibus
3001 1843 3160 1898 debet
3186 1853 3406 1914 propter
3461 1845 3622 1900 Deum
3649 1845 3794 1900 dimit-

559 1957 777 2012 crymas
809 1938 1032 2009 repetit.
1063 1935 1133 1990 Et
1171 1933 1368 1990 iterum
1415 1930 1674 2002 scriptum
1711 1937 1796 1984 est
1825 1943 1840 1982 :
1873 1925 2031 1981 Canis
2061 1942 2141 1980 re-
2245 1935 2376 1993 tere,
2426 1928 2500 1983 ita
2550 1929 2605 1983 in
2620 1950 2630 1955 ’λ
2654 1930 2821 1985 Deutn
2853 1943 3162 2002 peccantes,
3198 1942 3254 1988 et
3281 1934 3577 1990 ecclesiam
3611 1935 3791 1990 concul-

556 2049 736 2089 versus
765 2031 834 2085 ad
882 2027 1132 2084 vomitum
1171 2039 1348 2088 suum,
1394 2030 1576 2098 et_sus
1607 2018 1714 2074 lota
1762 2018 1816 2073 in
1867 2016 2138 2072 volutabra
2241 2031 2449 2087 cantes,
2495 2029 2552 2076 et
2614 2023 2764 2094 regni
2811 2039 3152 2095 pervasorcs,
3203 2035 3258 2082 et
3307 2027 3359 2081 in
3405 2028 3790 2084 christianimis

555 2125 694 2191 luti;
734 2123 861 2194 quia
891 2121 984 2191 qui
1026 2124 1307 2190 peccatum
1338 2121 1462 2185 post
1499 2111 1873 2182 paenitentiam
1922 2108 2136 2180 repetit,
2240 2111 2672 2182 depOpnlatores,
2706 2123 2762 2170 et
2804 2115 2856 2170 in
2900 2117 3050 2186 pacis
3095 2119 3537 2188 perturliatones.
3565 2131 3616 2175 et
3644 2121 3689 2174 in
3716 2136 3792 2190 pa-

555 2216 714 2287 quasi
744 2217 798 2270 in
828 2213 1003 2268 lutosa
1031 2223 1170 2279 aqua
1192 2205 1542 2274 semetipsum
1571 2202 1759 2267 volvit,
1781 2202 1904 2256 vitae
1926 2199 2136 2254 mundi-
2239 2201 2359 2256 tria:
2397 2203 2703 2272 proditores
2733 2203 2892 2260 debet
2924 2206 3170 2262 minister
3215 2209 3429 2264 Domini
3467 2226 3560 2264 rex
3594 2210 3788 2265 debitam

553 2309 684 2363 tiam
721 2303 1014 2369 subtrahit,
1040 2300 1184 2372 ipsas
1204 2297 1371 2354 etiam
1392 2293 1662 2366 lacrymas
1682 2302 1808 2349 ante
1833 2291 1930 2348 Dei
1949 2290 2136 2346 oculos
2237 2294 2532 2350 vindictam
2561 2305 2786 2367 propter
2815 2296 2979 2352 Deum
3007 2313 3283 2354 exercere.
3315 2299 3659 2371 Quapropter
3679 2303 3788 2356 sciat

552 2398 802 2458 sordidas
825 2395 975 2452 facit.
2153 2431 2161 2457 ί
2237 2400 2332 2441 rex
2364 2386 2521 2442 nobis
2566 2388 2835 2454 amabilis,
2868 2391 2992 2459 quia
3037 2391 3179 2444 sicut
3225 2390 3478 2447 infirmus
3509 2393 3676 2448 sanari
3705 2410 3787 2448 non

622 2491 678 2546 8.
720 2485 872 2544 Tunc
896 2487 1110 2542 demum
1139 2483 1420 2555 promittat
1448 2496 1507 2538 se
1549 2479 1618 2535 ab
1654 2478 1866 2534 illorum
1895 2477 2134 2549 perdits-
2235 2486 2414 2549 potcst
2444 2478 2531 2548 qui
2563 2493 2593 2533 a
2626 2480 2831 2536 medie:
2867 2481 3138 2552 coquitur,
3171 2482 3406 2552 quandiu
3442 2483 3642 2538 ferrum
3677 2485 3785 2554 igni-

539 2594 674 2644 ‘rum
702 2577 982 2634 hominum
1015 2575 1245 2632 tuitione
1274 2583 1438 2644 atque
1477 2571 1687 2635 favore,
1733 2584 1830 2641 per
1854 2585 1992 2639 quos
2019 2577 2130 2624 tam
2238 2578 2353 2623 tum
2383 2569 2436 2624 in
2468 2569 2608 2625 illius
2645 2578 2858 2626 tenetur
2893 2589 3140 2642 corpore,
3196 2574 3266 2626 ita
3317 2582 3372 2628 et
3422 2590 3587 2630 nemo
3641 2575 3783 2629 sanari

533 2673 787 2745 graviter
826 2670 994 2726 Deum
1021 2666 1266 2732 oﬂ'endit,
1297 2665 1625 2736 disjungere.
1656 2661 1722 2716 Et
1747 2660 1837 2731 qui
1873 2659 2030 2730 quasi
2064 2659 2132 2715 ad
2235 2669 2417 2732 potest
2453 2676 2482 2716 a
2512 2672 2735 2732 peccato
2765 2663 3002 2732 quandiu
3043 2664 3095 2718 in
3135 2675 3358 2734 peccato
3408 2666 3785 2729 manserit,rel

545 2766 668 2836 ejus
703 2765 885 2829 ﬁdem,
927 2761 1022 2818 sed
1047 2759 1226 2830 potius
1268 2756 1557 2814 infideliter
1583 2755 1651 2809 ad
1693 2769 1816 2808 eum
1845 2760 2130 2818 venerunt,
2236 2752 2470 2822 quandiu
2497 2753 2549 2808 in
2573 2765 2796 2823 peccato
2819 2755 3052 2810 manenti
3083 2755 3316 2811 scienter
3337 2764 3392 2810 et
3419 2754 3655 2811 libenter
3672 2769 3786 2811 com-

549 2857 619 2912 ad
649 2862 856 2910 rectam
881 2852 1150 2907 rationem
1179 2850 1231 2903 in
1255 2848 1501 2919 proximo
1526 2845 1726 2917 placito
1748 2853 1874 2899 ante
1900 2842 2129 2900 fratrem
2236 2845 2615 2900 municaverit.

546 2962 720 3006 sum.
743 2943 998 3000 Karoium
1022 2949 1077 2998 et
1105 2949 1354 3011 nepotem
1381 2955 1537 2995 suum
1568 2936 1934 3002 lllotharium,
1967 2935 2128 3000 sicut,
2305 2935 2376 2997 9.,
2399 2935 2634 2992 Tandem
2666 2937 2709 2993 si
2749 2952 2808 2995 se
2841 2939 3151 3010 promiserit
3195 2939 3503 3010 adiutorem
3535 2950 3589 2996 et
3631 2955 3784 3011 coepe-

548 3037 660 3093 Deo
684 3044 846 3101 teste,
871 3032 987 3102 jam
1011 3031 1152 3102 apud
1181 3031 1452 3086 Marsnam
1492 3028 1710 3099 propria
1743 3043 1903 3082 manu
1938 3026 2125 3082 lirma-
2235 3027 2610 3106 remrem-Dei
2643 3043 2740 3097 pro
2766 3029 2975 3084 viribus
3010 3029 3076 3084 de
3103 3037 3301 3084 caetero
3336 3041 3390 3084 et
3419 3029 3783 3086 rationabiliter

547 3107 722 3194 verat,
755 3126 963 3190 venire,
1008 3123 1054 3180 si
1091 3122 1350 3194 potuerit,
1395 3121 1579 3177 faciat.
1617 3120 1686 3175 Et
1729 3135 2130 3190 quemcumque
2157 3115 2202 3177 C
2233 3114 2495 3184 futurum,
2526 3118 2758 3188 qualiter
2783 3120 3013 3175 ecclesia
3042 3120 3133 3175 Dei
3165 3136 3282 3188 quae
3314 3121 3365 3174 in
3399 3137 3506 3177 suo
3549 3136 3703 3191 regno
3733 3135 3780 3173 ac

544 3218 762 3274 illorum
799 3225 949 3272 recta
981 3214 1117 3270 ratio
1154 3211 1570 3284 dignilicaverit,
1596 3211 1756 3282 digne
1786 3209 1994 3264 honore
2027 3223 2125 3264 suo
2233 3208 2414 3278 regnis
2443 3218 2752 3264 nostrorum
2782 3211 3086 3281 principum
3123 3227 3228 3265 una
3250 3220 3354 3276 est,
3399 3213 3546 3267 sicut
3572 3223 3623 3266 ct
3648 3227 3779 3266 unum

543 3311 774 3368 fruatur.
803 3308 871 3362 Et
904 3306 997 3378 qui
1024 3321 1120 3377 per
1149 3313 1352 3361 rectam
1387 3303 1655 3358 rationem
1685 3317 1812 3374 erga
1853 3301 2124 3356 seniorem
2228 3299 2612 3365 sacerdotium,
2644 3301 2938 3356 secundum
2984 3302 3294 3371 qualitatem
3341 3302 3631 3371 periculosi
3672 3312 3780 3356 tem-

542 3416 698 3458 suum
714 3398 1001 3468 iustificari
1024 3413 1130 3454 non
1151 3391 1410 3467 potuerit,
1434 3403 1490 3450 et
1510 3391 1889 3450 rationabilem
1913 3390 2128 3446 miseri-
2226 3391 2375 3461 poris
2404 3393 2456 3446 in
2490 3407 2812 3464 unoquoque
2832 3394 3023 3450 ordine
3047 3396 3388 3463 restituatur,
3421 3407 3483 3453 et
3509 3396 3776 3453 sacerdotes

542 3492 781 3550 cordiam
809 3477 907 3561 pro
933 3505 998 3545 eo
1025 3483 1332 3559 expetierit,
1371 3486 1599 3543 eandem
1627 3483 2000 3541 rationabilem
2024 3481 2127 3538 mi-
2226 3484 2322 3539 Dei
2356 3483 2535 3540 debita
2563 3487 2838 3558 privilegia
2865 3495 2920 3542 et
2948 3489 3374 3546 ecclesiasticum
3406 3494 3643 3564 vigorem
3664 3488 3778 3545 obti-

530 3584 894 3643 sericordiam
927 3582 1002 3638 illi
1051 3582 1314 3637 obtineat.
1359 3579 1438 3634 De
1483 3578 1572 3634 illo
1610 3592 1742 3633 vero
1779 3591 1941 3647 quem
1973 3583 2125 3632 recta
2225 3585 2407 3643 neunt,
2441 3585 2496 3632 et
2525 3577 2756 3649 populus
2781 3578 3047 3647 justitiam
3097 3590 3153 3636 et
3198 3595 3386 3652 pacem
3437 3584 3776 3649 liabcat,con-

531 3678 682 3742 ratio
739 3684 795 3731 et
838 3673 1039 3745 justum
1079 3671 1342 3743 judicium
1401 3669 1866 3736 condemnaverit,
1916 3677 1977 3723 ut
2026 3682 2120 3723 rex
2223 3669 2461 3739 gregatis
2487 3670 2639 3740 vobis
2660 3677 2714 3725 et
2739 3679 2925 3726 nostro
2955 3671 3120 3726 immo
3157 3673 3338 3728 divino
3362 3674 3584 3743 spiritu,
3609 3673 3772 3744 quiest

531 3769 870 3828 cbristianus
908 3782 1030 3823 cum
1078 3780 1204 3836 rege
1239 3778 1426 3836 regum
1465 3762 1683 3818 Christo
1711 3762 2026 3826 concordet,
2067 3771 2125 3817 et
2224 3758 2474 3813 remissio
2528 3758 2770 3813 omnium
2822 3769 3191 3830 peccatorum,
3239 3777 3335 3831 per
3379 3764 3770 3819 ecclesiasticam

524 3861 732 3917 .aliena:
755 3857 1041 3931 perditioni
1069 3871 1126 3912 se
1149 3870 1252 3910 non
1276 3853 1860 3923 commisculet;quia,
1889 3862 1949 3907 ut
1983 3851 2124 3907 Pau-
2223 3847 2534 3918 apostolicae
2587 3849 2926 3905 auctoritatis
2981 3858 3302 3921 potestatem
3353 3851 3429 3906 illi
3482 3864 3691 3924 peccata
3731 3853 3770 3905 in

525 3952 624 4008 .lus
646 3952 802 4013 dicit,
833 3966 937 4005 non
964 3947 1134 4003 solum
1163 3946 1250 4016 qui
1296 3945 1516 4014 faciunt,
1542 3945 1631 3998 sed
1661 3944 1817 3996 etiam
1855 3943 1944 4012 qui
1985 3941 2121 3996 male
2223 3936 2426 3992 nostris
2456 3936 2729 4006 parochiis
2760 3953 2856 4008 per
2889 3939 3037 3993 illum
3068 3949 3121 3994 ct
3163 3940 3230 3994 ab
3263 3940 3353 3995 illo
3393 3945 3672 3998 commissa
3698 3958 3770 3995 ec-

528 4040 852 4112 facientibus
866 4038 1227 4102 consentiunt,
1262 4032 1414 4105 digni
1446 4042 1568 4088 sunt
1608 4043 1792 4088 morte.
1819 4032 1972 4088 Unde
2001 4048 2122 4088 san-
2221 4029 2521 4085 clesiastica
2549 4025 2754 4100 pietate
2784 4041 2839 4087 et
2875 4033 3134 4088 canonico
3162 4049 3312 4089 more
3351 4035 3622 4101 dimittite,
3644 4035 3770 4104 eique

527 4140 660 4187 etus
708 4127 1050 4184 Innocentius
1091 4125 1242 4189 dicit,
1289 4124 1414 4195 quia
1466 4140 1573 4178 non
1620 4123 1848 4178 multum
1892 4123 2120 4179 interest
2220 4123 2599 4195 indulgentiam
2635 4125 2928 4195 postulanti
2965 4126 3180 4192 donate,
3229 4135 3394 4196 atque
3440 4128 3591 4182 illum
3633 4139 3769 4182 sacra

531 4211 683 4277 inter
729 4203 1118 4274 committentis
1156 4215 1396 4270 animum
1441 4222 1496 4268 et
1540 4215 1932 4270 consentientis
1969 4214 2121 4269 favo-
2217 4213 2606 4277 communioni,
2630 4229 2732 4282 qua
2756 4213 2870 4284 ipse
2900 4227 2957 4268 se
2983 4213 3291 4284 privaverat
3321 4215 3768 4272 excommunicatis

535 4328 678 4368 rem.
717 4307 1171 4379 Addoamplius,
1199 4306 1515 4379 plerumque
1545 4307 1774 4362 dediscit
1814 4322 2001 4362 errare
2029 4306 2116 4363 cui
2218 4303 2660 4371 commnnicans,
2691 4305 2982 4360 restituite.

534 4422 696 4463 nemo
722 4401 1009 4461 consentit.
1041 4400 1109 4455 Et
1141 4401 1336 4454 iterum
1369 4409 1590 4454 sanctus
1613 4397 1812 4454 Paulus
1841 4413 1961 4453 cum
1987 4397 2112 4452 tali-
2143 4472 2190 4487 _
2293 4413 2378 4468 ιο,
2419 4413 2484 4468 Et
2515 4413 2641 4470 ιίρρι
2685 4413 2976 4469 multorum
3017 4431 3300 4479 annorum,
3348 4419 3636 4473 secundum
3661 4430 3767 4487 ρηε.

533 4499 638 4554 bus
659 4495 969 4552 hominibus
1005 4506 1106 4547 nec
1131 4490 1309 4546 cibum
1337 4503 1552 4544 sumere
1580 4488 1865 4559 permittit.
1893 4489 1960 4544 Et
1987 4503 2115 4543 san-
2143 4472 2194 4534 Ῑ)
2224 4501 2360 4558 ﬁxos
2406 4518 2437 4557 α
2470 4503 2641 4557 sacris
2684 4505 2984 4559 canonibus
3030 4507 3253 4575 gradus,
3304 4508 3627 4576 pmniicmix
3661 4472 3765 4562 lhii‘c

535 4600 657 4648 ctus
689 4587 876 4653 David,
903 4586 1029 4642 dum
1059 4592 1228 4639 totum
1260 4596 1318 4638 se
1350 4582 1417 4636 ad
1461 4580 1665 4637 fmdera
1696 4581 1846 4651 pacis
1888 4580 2116 4634 interna:
2220 4602 2529 4664 perpetrata
2560 4593 2797 4649 facinora
2828 4594 3148 4665 indigerent,
3184 4605 3360 4650 tamen
3391 4598 3575 4652 confisi
3603 4598 3662 4650 de
3691 4591 3764 4647 Dei

534 4681 951 4747 constringeret,
977 4683 1229 4738 testatur,
1269 4673 1556 4742 quodcum
1582 4670 1743 4726 malis
1764 4671 2113 4726 concordiam
2222 4685 2614 4750 misericordia,
2652 4687 2792 4755 apud
2828 4701 2988 4756 quem
3022 4703 3126 4742 non
3164 4687 3244 4742 sic
3285 4697 3592 4758 accepmmr
3637 4702 3762 4741 ηιοη.

533 4789 641 4829 non
673 4778 896 4835 teneret,
943 4768 1128 4824 dicens
1173 4783 1188 4820 :
1239 4763 1430 4818 Nonne
1467 4762 1556 4834 qui
1593 4762 1812 4816 oderunt
1851 4772 1917 4827 te,
1949 4761 2062 4816 Deu

2230 4790 2346 4830 sura
2381 4775 2639 4846 temporis
2676 4785 2736 4830 nt
2779 4777 2999 4843 doloris,
3032 4794 3133 4836 nec
3179 4780 3500 4836 abstinentia
3549 4781 3761 4835 ciborum

530 4868 744 4923 oderam
802 4862 941 4928 illos,
998 4870 1048 4916 et
1098 4874 1255 4929 super
1303 4857 1542 4910 inimicos
1585 4864 1701 4909 (uos
1742 4855 2061 4909 tabescebam

2229 4867 2359 4923 sicut
2388 4867 2733 4924 mortificatio
2762 4869 3039 4936 vitiorum,
3089 4887 3195 4927 non
3244 4871 3649 4940 praejudicantcs
3685 4886 3760 4940 pa-

531 4957 774 5026 Perfecto
806 4953 926 5010 odio
964 4952 1178 5008 oderam
1208 4947 1349 5012 “(08,
1398 4945 1597 5000 inimici
1636 4945 1766 5014 facti
1808 4955 1927 4999 sunt
1955 4945 2106 5000 mihi.
2217 4965 2359 5012 trum
2390 4959 2674 5014 sententiis
2703 4975 2823 5030 qua;
2853 4959 2919 5014 de
2952 4958 3257 5028 huiusmodi
3291 4961 3657 5024 decreverunt,
3683 4958 3759 5013 sed

527 5049 781 5105 Inimicos
805 5047 968 5101 etiam
992 5041 1085 5098 θεῖ
1119 5037 1361 5111 Ρθνῖθοίο
1385 5036 1511 5091 Ollio
1532 5037 1712 5091 Odisse
1741 5046 1843 5102 εει»
1878 5037 1944 5092 ad
1969 5037 2112 5106 quOd
2212 5046 2392 5117 potius
2421 5062 2609 5104 eorum
2656 5058 2946 5119 sequentes
2978 5050 3352 5104 humaniorem
3392 5049 3757 5111 diﬂinitioncm,

527 5141 659 5206 ,ΐειειί
681 5140 806 5195 sum
834 5137 1082 5208 diligere.
1112 5140 1168 5187 ει
1193 5131 1337 5201 ιιιιοᾱ
1361 5129 1568 5183 “Cium
1590 5129 1904 5198 increpare;
1931 5143 2110 5188 mores
2212 5140 2329 5194 haec
2360 5137 2664 5195 scribimus.
2688 5141 2777 5195 Ait
2807 5152 2994 5196 sancta
3020 5142 3256 5214 synodus
3279 5141 3528 5198 Africana
3561 5157 3578 5196 :
3609 5140 3758 5195 Pani-

501 5227 816 5302 'pravorum
839 5241 1106 5300 premere,
1137 5226 1264 5278 vitae
1293 5222 1570 5292 prodesse.
1604 5221 1737 5275 Hinc
1766 5221 1959 5276 Finces
1981 5237 2032 5292 pe

2227 5233 2460 5298 ’entibus,
2489 5233 2773 5287 secundum
2800 5235 3148 5303 differentiam
3183 5245 3529 5306 peccqtorum,
3560 5231 3758 5304 episcopi
