3960 6320
204 441 279 496 657
1197 429 1625 488 FRANCORUM
1663 425 1902 484 REGUM
1941 425 2418 484 CAPITULARIA.

3316 425 3440 484 658’

148 587 151 600 ι
202 554 509 628 deneganda;
542 553 668 624 quia
693 549 1061 606 misericordia
1082 546 1179 602 Dei
1205 564 1296 602 nec
1320 560 1593 600 mensuras
1621 559 1742 612 pos-
1773 555 1821 614 Α
1849 534 1903 598 et
1929 540 2264 597 imminentia
2290 551 2450 612 atque
2477 541 2657 597 futura
2695 554 2895 596 cavens
2919 579 2934 606 ,
2966 539 3077 595 Deo
3107 537 3338 596 militare
3365 543 3422 598 in

197 665 346 702 sumus
381 661 596 716 ponere,
640 659 729 697 nec
759 653 988 711 tempora
1015 638 1254 706 deﬁnire,
1281 637 1420 706 apud
1443 651 1594 706 quem
1625 632 1744 686 nul-

195 742 258 794 las
288 739 479 808 patitur
504 737 668 790 venite
711 749 886 786 moras
917 748 1036 786 vera
1072 729 1328 799 confessio
1356 769 1370 793 ,
1403 728 1603 780 dicente
1650 723 1745 778 Dei

191 831 352 902 spiritu
389 845 481 900 per
504 827 811 899 praplietam
839 840 858 878 :
884 822 1015 877 Cum
1061 835 1339 876 conversus
1387 817 1702 888 ingemueris
1726 854 1742 880 ,

189 934 292 974 tunc
314 919 485 972 salvus
525 918 650 970 eris.
684 915 751 970 Et
778 913 902 970 alibi
935 930 950 967 :
981 912 1080 966 Dic
1105 912 1406 981 iniquitates
1433 919 1550 962 tuas
1577 906 1743 977 prior,

186 1022 232 1065 ut
251 1009 574 1081 justiﬁceris.
604 1006 671 1060 Et
696 1005 826 1060 item
873 1021 887 1058 :
935 1001 1075 1068 Quia
1105 1001 1244 1071 apud
1275 999 1559 1054 DomEnum
1587 997 1745 1050 mise-

183 1103 394 1158 ricordia
423 1109 531 1166 est,
558 1109 606 1152 et
633 1099 844 1168 copiosa
887 1095 1025 1165 apud
1055 1111 1172 1150 eum
1200 1092 1502 1161 redemptio.
1533 1089 1598 1142 In
1639 1089 1747 1141 dis-

176 1191 443 1266 pensandis
479 1192 653 1260 itaque
701 1187 854 1241 donis
895 1185 992 1240 Dei
1023 1201 1125 1238 non
1160 1182 1403 1237 debemus
1429 1196 1539 1234 esse
1565 1178 1746 1248 cli/ﬁci-

174 1287 268 1350 les,
305 1301 396 1337 nec
441 1298 495 1336 se
541 1281 902 1335 accusantium
933 1277 1155 1348 gemitus
1185 1273 1547 1343 lacrymasqae
1577 1269 1748 1340 negle-

169 1396 302 1451 gere,
331 1393 449 1430 cum
476 1377 643 1446 ipsam
669 1370 950 1444 paenitendi
985 1369 1310 1439 affectionem
1339 1381 1404 1419 ea:
1442 1364 1536 1418 Dei
1559 1365 1745 1417 creda-

172 1487 281 1524 mus
334 1467 675 1538 inspiratione
720 1471 1044 1531 conceptam,
1088 1459 1287 1510 dicente
1330 1452 1626 1525 Apostolo:
1664 1451 1748 1505 Ne

166 1561 298 1630 forte
347 1562 430 1613 det
482 1556 587 1611 illis
648 1555 787 1609 Deus
829 1551 1224 1624 paenitentiam,
1280 1559 1329 1604 et
1371 1549 1673 1618 resipiscam
1714 1564 1748 1602 a

168 1655 364 1709 diaboli
387 1651 611 1718 laqueis,
639 1667 669 1704 a
693 1664 794 1719 quo
817 1646 1002 1718 captivi
1025 1651 1266 1698 tenentur
1287 1642 1356 1696 ad
1383 1641 1545 1711 ipsius
1567 1638 1748 1693 volun-

165 1754 348 1798 tatem.
391 1741 456 1795 Et
504 1750 724 1793 sanctus
767 1735 1065 1807 Gregorius
1107 1733 1162 1787 in
1209 1730 1474 1802 evangelii
1514 1729 1746 1784 bomelia

164 1839 295 1893 dicit
328 1856 341 1890 :
369 1834 550 1890 Veniat
573 1834 716 1905 foras
737 1841 999 1895 mortuus,
1015 1827 1068 1881 id
1091 1835 1184 1895 est,
1209 1825 1415 1895 culpam
1437 1823 1750 1892 conﬁteatur

163 1941 424 2001 peccator.
466 1928 768 1982 Venientem
814 1941 931 1979 vero
980 1922 1124 1993 foras
1153 1921 1355 1975 solvant
1388 1918 1659 1989 discipuli,
1690 1927 1746 1971 ut

163 2033 402 2092 pastores
428 2019 658 2074 ecclesia:
703 2019 752 2072 ei
779 2031 983 2088 paenam
1023 2015 1241 2068 debeant
1281 2027 1540 2077 amovere,
1588 2025 1747 2081 quam

165 2114 355 2168 meruit
391 2113 478 2183 qui
509 2127 612 2165 non
641 2109 843 2164 erubuit
866 2106 1104 2175 conﬁteri
1137 2104 1276 2176 quod
1299 2103 1441 2174 fecit.

235 2204 330 2258 il.
371 2202 463 2257 His
501 2200 800 2273 perpensis,
843 2198 1041 2254 fratres
1069 2195 1360 2262 carissimi,
1392 2194 1461 2260 si,
1506 2202 1567 2249 ut
1615 2193 1755 2249 dixi-

168 2315 311 2364 mus,
348 2299 458 2369 jam
489 2298 689 2352 dictum
731 2308 911 2364 regem
943 2308 972 2346 a
1003 2291 1158 2346 nobis
1203 2289 1486 2344 amabilem
1518 2289 1592 2342 ita
1626 2303 1753 2342 con-

170 2399 527 2460 temperatum
575 2387 771 2441 divinae
823 2383 1084 2439 voluntati
1138 2387 1194 2435 et
1241 2395 1411 2434 sacra:
1441 2379 1754 2435 auctoritati

171 2482 528 2545 inveneritis,
577 2477 875 2533 secundum
928 2472 1292 2528 ministerium
1348 2471 1503 2526 vobis
1554 2486 1584 2524 a
1642 2470 1754 2526 Deo

177 2574 423 2627 traditum
477 2587 600 2626 cum
665 2577 849 2623 nostra
914 2563 1273 2619 unanimitate
1321 2561 1603 2618 absolvite.
1659 2559 1755 2617 Sin

173 2664 326 2728 alias,
355 2679 451 2718 vos
482 2661 626 2716 nullo
656 2659 816 2715 modo
847 2671 968 2713 cum
999 2670 1064 2710 eo
1083 2696 1097 2719 ,
1146 2669 1306 2725 quem
1339 2653 1621 2709 absolvere
1649 2668 1755 2708 non

174 2756 437 2826 poteritis,
459 2754 628 2825 ligare
657 2751 854 2816 nolite;
880 2747 1134 2820 quoniam
1157 2759 1257 2800 nec
1282 2760 1466 2800 coram
1495 2746 1624 2810 Deo,
1657 2757 1758 2800 nec

180 2849 230 2902 in
272 2847 478 2921 synodo
525 2861 627 2901 nos
665 2843 788 2898 inde
846 2848 1099 2896 auctores
1146 2838 1458 2904 habebitis,
1501 2837 1546 2892 si
1594 2850 1756 2906 agere

180 2940 367 3006 aliter,
420 2936 564 3008 quod
615 2935 789 2999 absit,
837 2928 1324 3004 praesumpseritis;
1356 2942 1560 2998 vosque
1600 2935 1657 2983 et
1701 2927 1757 2982 in

180 3029 378 3100 synodo
420 3036 476 3084 et
522 3042 705 3083 coram
750 3025 862 3081 Deo
904 3037 1005 3094 pro
1042 3020 1188 3077 facto
1229 3020 1401 3089 irrito,
1433 3018 1630 3076 dabitis
1672 3033 1760 3075 ra-

184 3124 368 3180 tiones.

247 3217 376 3272 Etsi
406 3217 539 3287 ipse,
568 3213 710 3284 quod
735 3212 877 3268 Deus
918 3211 1077 3284 longe
1121 3209 1308 3277 faciat,
1359 3223 1422 3265 ea
1474 3222 1594 3279 qua:
1627 3207 1758 3278 egit,

185 3309 318 3364 unde
346 3309 490 3364 illum
524 3321 667 3372 nunc
693 3319 1040 3362 commonere
1079 3319 1175 3359 vos
1216 3302 1503 3369 mittimus,
1535 3301 1762 3357 reitera-

187 3399 336 3465 verit,
366 3399 547 3455 omnia
595 3409 652 3452 et
679 3407 806 3452 ante
835 3396 1048 3453 divinos
1075 3393 1262 3451 oculos
1288 3401 1345 3448 et
1386 3391 1454 3447 ad
1500 3391 1760 3446 ecclesia-
1786 3370 1831 3434 C

189 3491 313 3547 stica
330 3490 528 3561 judicia
551 3488 794 3546 redivivo
821 3487 1045 3542 vulnere
1067 3483 1308 3540 curanda
1325 3483 1408 3540 vel
1429 3482 1760 3553 amputanda

191 3583 388 3637 noverit
416 3581 683 3636 revenire.
735 3577 794 3634 Si
839 3578 968 3649 quid
1017 3591 1235 3649 quoque
1281 3584 1469 3632 contra
1513 3584 1758 3630 sanctam

193 3673 552 3727 auctoritatem
583 3680 968 3740 pnesumptum
993 3669 1077 3723 vel
1105 3668 1417 3737 subreptum
1440 3667 1553 3721 sive
1575 3674 1759 3721 extor-

196 3767 294 3814 tum
321 3761 502 3828 fuerit,
554 3776 661 3815 non
701 3759 874 3815 solum
921 3759 976 3814 in
1024 3758 1222 3813 divinis
1249 3757 1761 3823 examinationibus,

197 3865 364 3908 verum
406 3869 506 3909 nec
532 3852 587 3907 in
629 3851 825 3906 divinis
854 3851 1062 3923 legibus
1108 3851 1380 3922 quippiam
1431 3849 1760 3920 praevalebit.

198 3939 255 3995 Et
283 3958 384 3998 non
413 3943 485 3997 sit
518 3944 585 3997 de
632 3950 826 3996 caetero
862 3942 1147 3996 immemor
1195 3941 1335 3996 idem
1367 3956 1461 3996 rex
1492 3941 1763 4012 gloriosus

197 4033 322 4100 quod
347 4032 475 4088 dicit
496 4042 717 4088 sanctus
739 4031 1034 4103 Gregorius
1059 4049 1074 4088 :
1109 4031 1393 4086 Sciendum
1437 4041 1534 4097 est,
1563 4032 1760 4102 inquit,

197 4123 305 4191 quia
329 4125 561 4195 quisquis
586 4123 787 4176 inlicita
817 4122 964 4176 nulla
990 4123 1272 4187 commisit,
1295 4124 1414 4176 huic
1426 4122 1552 4193 jure
1577 4139 1764 4177 conce-

196 4211 324 4267 ditur
354 4224 408 4268 ut
446 4213 602 4268 licitis
650 4223 865 4279 utatur;
902 4214 1076 4284 sicque
1109 4213 1314 4282 pietatis
1357 4228 1513 4281 opera
1559 4213 1763 4282 faciat,

198 4314 248 4358 ut
272 4317 460 4373 tamen,
496 4309 541 4361 si
586 4305 831 4372 noluerit,
876 4323 935 4360 ea
965 4322 1082 4376 qua:
1112 4305 1292 4358 mundi
1320 4313 1438 4360 sunt
1472 4323 1574 4360 non
1607 4306 1766 4360 relin-

194 4405 326 4464 quat.
359 4396 585 4462 Quilibet
616 4413 732 4450 vero
765 4406 910 4450 tanto
954 4413 985 4450 a
1031 4412 1085 4450 se
1115 4395 1258 4450 licita
1301 4396 1448 4450 debet
1475 4396 1763 4464 abscidere,

194 4500 371 4556 quanto
398 4506 454 4543 se
482 4489 715 4542 meminit
743 4500 788 4543 et
817 4489 1018 4543 inlicita
1046 4499 1384 4559 perpetrasse.
1418 4489 1600 4561 Neque
1629 4492 1762 4544 enim

193 4593 280 4644 par
303 4579 504 4647 fructus
553 4596 662 4632 esse
696 4579 815 4632 boni
846 4581 1015 4648 operis
1043 4579 1187 4633 debet
1218 4579 1326 4650 ejus
1368 4581 1458 4650 qui
1502 4582 1678 4636 minus
1717 4593 1764 4637 et

193 4666 292 4736 ejus
325 4671 414 4739 qui
464 4669 691 4736 amplius
734 4669 967 4740 deliquit,
1011 4680 1102 4723 aut
1145 4670 1258 4740 ejus
1299 4673 1389 4741 qui
1424 4673 1477 4726 in
1524 4671 1687 4727 nullis
1715 4685 1762 4727 et

190 4854 392 4924 quisque
437 4853 644 4923 majora
688 4863 886 4926 quwrat
929 4853 1181 4907 bonorum
1219 4871 1432 4926 operum
1477 4857 1625 4912 lucra
1669 4873 1762 4925 per

188 4945 555 5010 paenitentiam,
583 4954 780 5015 quanto
815 4944 1059 5014 graviora
1089 4935 1200 4999 sibi
1235 4947 1410 5001 intulit
1442 4949 1636 5004 damna
1670 4967 1764 5020 per

188 5034 408 5106 culpam.
443 5034 595 5092 Unde
634 5053 664 5091 a
693 5037 843 5092 vobis
882 5047 1086 5104 nostra,
1115 5039 1243 5107 quin
1279 5041 1456 5109 potius
1485 5043 1576 5097 Dei
1604 5059 1760 5110 voce,

188 5139 594 5184 commoneatur
622 5139 680 5183 ut
707 5130 784 5185 sic
804 5131 1016 5184 studeat
1043 5133 1438 5200 praeteritorum
1469 5136 1760 5204 paenitens,

1850 647 2016 704 regno
2047 642 2284 698 terreno,
2311 641 2578 702 quatenus
2603 640 2878 688 mereatur
2907 645 3240 702 conregnare
3267 629 3423 687 Chri-

1849 728 1934 776 sto
1973 721 2026 775 in
2054 736 2218 792 regno
2237 722 2466 777 cmlesti.

1852 831 1981 886 Ha'c
2006 849 2122 902 qua:
2141 843 2446 903 sequuntur,
2497 844 2727 916 peracta.
2755 833 3031 905 legatione,
3049 835 3425 891 renuntiarunt

2503 921 2747 976 episcopi.

2339 996 2462 1066 (An.
2510 995 2636 1062 359,
2687 995 2816 1050 Jun.
2863 996 2945 1067 4.)

1920 1105 1997 1162 De
2021 1104 2355 1177 indulgentia
2378 1120 2476 1160 sua
2521 1105 2680 1162 nobis
2720 1105 3067 1162 llludowicus
3113 1120 3208 1164 rex
3257 1104 3432 1176 pridie

1851 1197 2032 1253 Nonas
2049 1196 2236 1254 lunias
2265 1199 2317 1252 in
2360 1197 2664 1253 Wormatia
2709 1198 2878 1254 dixit:
2918 1197 3042 1255 Volo
3068 1215 3155 1254 uos
3203 1199 3432 1269 precari,

1851 1300 1907 1344 ut
1936 1291 1979 1344 si
2006 1292 2060 1343 in
2088 1291 2265 1361 aliquo
2291 1299 2485 1344 vestros
2539 1291 2740 1345 animos
2777 1291 2995 1360 offendi,
3055 1303 3110 1345 ut
3160 1291 3257 1344 ltoc
3304 1290 3434 1343 mihi

1850 1380 2168 1450 perdonetis,
2197 1388 2253 1432 ut
2282 1379 2495 1433 inantea
2521 1395 2734 1434 securas
2770 1379 3036 1434 vobiscum
3082 1379 3226 1450 loqui
3260 1378 3432 1449 possi-

1852 1488 1986 1524 mus.
2013 1471 2094 1525 Ad
2122 1471 2238 1524 haec
2288 1469 2633 1534 Hincmarus,
2661 1470 2754 1539 qui
2813 1471 3023 1540 primus
3052 1468 3107 1524 in
3152 1469 3343 1525 ordine
3365 1483 3433 1523 ex

1853 1563 2074 1617 sinistra
2107 1571 2260 1632 parte
2314 1562 2457 1617 illius
2512 1562 2683 1626 stetit,
2736 1561 3016 1632 respondit
3060 1561 3288 1618 dicens:
3320 1559 3437 1615 Ista

1855 1669 2015 1708 causa
2042 1653 2142 1706 cito
2167 1651 2235 1704 ad
2264 1652 2500 1722 e/fectum
2525 1652 2790 1722 pervenire
2801 1663 2996 1722 potest;
3025 1652 3149 1723 quia
3173 1652 3312 1721 quod
3341 1667 3440 1706 nos

1855 1745 2144 1816 offerimus,
2159 1745 2257 1798 hoc
2279 1760 2365 1798 vos
2384 1745 2576 1814 petitis.
2603 1745 2670 1798 Et
2689 1755 2942 1800 monente
2965 1743 3246 1800 Grimoido
3285 1743 3439 1814 (ηε)

1856 1851 1920 1891 ac
1945 1833 2282 1890 Theodorico
2304 1835 2555 1906 episcopo
2569 1834 2740 1906 (129),
2759 1837 2953 1891 iterum
2979 1836 3093 1908 ipse
3113 1835 3439 1892 llincmarns

1854 1926 2030 1980 dixit:
2058 1924 2208 1979 Nihil
2235 1935 2417 1979 contra
2444 1942 2524 1979 me
2551 1926 2746 1996 fecistis
2796 1927 2936 1982 unde
2977 1928 3199 1982 noxium
3246 1943 3434 1984 ranco-

1855 2031 1961 2070 rem
1987 2015 2043 2068 in
2068 2024 2236 2069 mente
2261 2024 2445 2069 contra
2484 2032 2570 2070 vos
2593 2024 2818 2083 teneam,
2866 2017 2991 2088 quia
3025 2018 3070 2072 si
3093 2017 3338 2086 facerem,
3365 2016 3437 2073 ad

1852 2106 2042 2172 altare,
2071 2115 2125 2160 ut
2159 2105 2385 2161 Domino
2411 2107 2786 2176 sacrificarent,
2835 2109 3081 2164 accedere
3127 2125 3234 2164 non
3275 2109 3440 2163 aude-

1854 2215 1984 2254 rem.
2012 2198 2211 2253 lterum
2259 2199 2606 2256 monentibus
2643 2200 2844 2256 eisdem
2867 2200 3150 2257 Grimoldo
3179 2211 3235 2256 et
3266 2201 3444 2258 Theo.

1852 2291 2037 2347 dorico
2077 2305 2142 2347 ac
2195 2289 2484 2348 Salomone
2507 2291 2689 2363 (130),
2714 2293 2928 2348 dicente
2956 2293 3074 2364 ipso
3101 2292 3448 2350 Theoderico.

1854 2386 1971 2440 haec
1997 2383 2158 2438 verba
2187 2398 2202 2437 :
2234 2382 2421 2438 Facite
2447 2386 2581 2439 sicut
2609 2385 2784 2440 senior
2823 2395 3002 2441 noster
3022 2399 3442 2460 precatur,.par»

1854 2475 1954 2529 cite
1981 2473 2082 2541 illi,
2111 2476 2390 2545 respondit
2411 2475 2526 2545 ipse
2539 2474 2865 2534 Hinemarus
2888 2480 3005 2535 11330
3023 2479 3215 2535 eadem
3238 2481 3444 2536 verba:

1859 2563 2012 2631 Quod
2057 2566 2114 2620 in
2166 2583 2270 2633 me,
2314 2567 2369 2621 id
2414 2577 2490 2622 est
2519 2569 2572 2622 in
2610 2585 2726 2625 mea
2767 2587 3013 2641 persona,
3044 2573 3360 2642 offendistis,
3392 2583 3444 2628 et

1854 2659 2058 2729 peperci
2086 2667 2132 2712 et
2157 2676 2337 2727 parco.
2370 2659 2445 2714 De
2481 2660 2579 2716 lsoc
2608 2672 2784 2716 autem
2808 2664 2949 2734 quod
2982 2664 3039 2719 in
3067 2665 3287 2720 ecclesia
3311 2667 3443 2721 milii

1856 2750 2134 2804 commissa
2147 2759 2195 2804 et
2210 2751 2275 2804 in
2284 2751 2476 2822 populo
2495 2752 2713 2808 maleest
2745 2754 2966 2824 factum,
2993 2756 3284 2814 voluntarie
3299 2761 3442 2814 vobis

1857 2841 1995 2897 dono
2020 2842 2314 2910 consilium,
2340 2853 2391 2897 et
2415 2844 2702 2899 secundum
2729 2845 2896 2901 Deum
2937 2859 3129 2919 prtesto
3179 2851 3444 2906 auxilium

1858 2943 1917 2990 ut
1965 2936 2088 2990 inde
2123 2933 2253 2990 salvi
2317 2937 2456 3004 sitis,
2503 2937 2549 2992 si
2599 2937 2738 2992 vobis
2764 2937 2955 3009 placet.
3001 2939 3072 2996 Et
3099 2940 3309 3012 praefati
3340 2942 3444 2998 viri

1858 3027 2292 3100 responderunt:
2326 3027 2477 3083 Certe
2531 3029 2656 3084 bene
2711 3030 2862 3086 dicit.
2895 3030 2966 3087 Et
3010 3033 3193 3088 caeteri
3246 3032 3448 3090 fratres

1859 3119 2032 3176 nostri
2062 3120 2116 3174 in
2149 3121 2266 3176 haec
2290 3121 2459 3178 verba
2487 3129 2544 3178 et
2571 3131 2858 3179 senserunt
2880 3132 2936 3180 et
2964 3123 3242 3196 prosecuti
3294 3135 3444 3182 sunt.

1862 3211 2034 3267 Tanta
2064 3219 2121 3266 et
2145 3211 2271 3267 talis
2317 3211 2651 3284 indulgentia
2680 3212 2752 3269 illi
2778 3213 2973 3286 largita
3002 3214 3124 3284 fuit,
3151 3224 3332 3272 etnon
3361 3216 3446 3272 al-

1863 3313 2000 3371 tera,
2025 3317 2199 3375 neque
2221 3303 2470 3374 amplius.
2506 3305 2583 3360 De
2622 3306 2826 3378 scripto
2864 3315 3047 3364 autem
3083 3308 3226 3379 quod
3252 3307 3452 3365 conﬁr-

1861 3404 2068 3450 matum
2090 3395 2247 3451 nobis
2267 3404 2352 3452 est
2381 3396 2662 3464 traditum,
2689 3413 2790 3454 nee
2813 3398 2928 3470 ipse
2945 3414 2978 3455 a
3002 3399 3162 3457 nobis
3187 3401 3448 3472 quiddam

1860 3490 2134 3561 quaesivit,
2182 3503 2286 3546 nee
2335 3504 2437 3546 nos
2481 3489 2558 3546 illi
2617 3491 2819 3563 aliquid
2877 3492 3143 3560 diximus,
3193 3494 3449 3564 quoniam

1861 3583 2091 3638 necdum
2123 3597 2244 3638 cum
2276 3581 2369 3638 illo
2396 3597 2464 3638 ex
2515 3582 2822 3655 huiusmodi
2850 3585 2905 3640 in
2957 3577 3172 3642 ratione
3207 3600 3448 3644 eramus.

1860 3674 1980 3744 ipse
2025 3681 2207 3729 autem
2250 3673 2518 3746 posthaec
2563 3683 2619 3731 et
2654 3675 2760 3730 alia
2790 3676 2928 3733 dixit
2971 3693 3072 3734 nos
3098 3679 3274 3750 egisse
3304 3680 3452 3751 quod

1863 3783 1968 3823 non
2005 3769 2234 3840 egimus,
2263 3781 2332 3823 ex
2360 3768 2465 3825 hoc
2518 3770 2803 3826 materiam
2847 3787 3088 3839 sumens,
3118 3775 3261 3844 quod
3303 3774 3452 3830 Gun-

1862 3859 2072 3914 tltarius
2114 3858 2191 3914 illi
2233 3858 2594 3929 familiariter,
2628 3870 2687 3916 ut
2714 3876 2837 3916 eum
2881 3863 3174 3918 instrueret
3193 3871 3248 3918 et
3275 3864 3342 3919 ad
3365 3879 3454 3920 sa-
3519 3915 3531 3923 .

1862 3949 2225 4007 tisfaetionem
2261 3961 2613 4024 provocaret,
2665 3953 2929 4025 scriptum
2983 3954 3175 4027 relegit
3227 3955 3300 4010 ita
3363 3957 3450 4011 in-

1862 4045 2100 4114 quiens:
2141 4043 2246 4100 Vos
2295 4045 2425 4099 mihi
2472 4045 2835 4101 transmisistis
2884 4055 3108 4101 vestram
3176 4044 3452 4115 epistolam

1863 4149 1982 4187 cum
2011 4133 2299 4203 capitulis:
2331 4151 2420 4189 vos
2467 4135 2677 4190 venistis
2733 4151 2852 4190 cum
2895 4151 3060 4190 causa
3113 4135 3278 4206 facta.
3337 4133 3453 4191 Nos

1865 4243 1967 4282 non
1993 4243 2174 4282 sumus
2220 4229 2305 4282 hic
2358 4228 2458 4282 nisi
2503 4228 2610 4283 duo
2663 4229 2742 4284 vel
2773 4239 2897 4296 tres,
2928 4231 3018 4302 qui
3059 4229 3171 4284 sine
3208 4229 3328 4284 aliis
3351 4229 3454 4284 huc

1864 4318 2158 4374 exilivimus
2189 4336 2209 4372 .'
2238 4320 2295 4374 in
2345 4321 2465 4374 illas
2501 4337 2689 4376 causas
2748 4322 2948 4376 intrare
2994 4337 3097 4376 non
3147 4337 3452 4392 possumus,

1865 4419 2145 4482 antequam
2165 4428 2284 4466 cum
2313 4414 2504 4467 nostris
2524 4413 2778 4484 episcopis
2813 4413 2933 4468 inde
2963 4421 3284 4481 tractemus;
3305 4411 3453 4485 quia,

1865 4499 1975 4554 Deo
2001 4502 2226 4570 gratias,
2257 4501 2390 4556 nihil
2417 4503 2528 4556 sine
2550 4501 2764 4556 illorum
2785 4502 3004 4558 consilio
3031 4504 3171 4574 feci;
3200 4515 3249 4559 et
3272 4515 3455 4576 postea

1865 4593 1986 4647 inde
2013 4593 2373 4663 respondeam.
2404 4593 2512 4650 Nos
2553 4603 2734 4650 autem
2760 4595 3205 4667 expectabamus,
3232 4605 3291 4652 ut
3319 4611 3453 4652 con-

193 4683 292 4736 ‘1‘“
325 4685 413 4739 (1⁸η
464 4683 691 4736 “mplius
734 4683 967 4740 αειτφαιν
1011 4683 1102 4723 at“
1145 4687 1258 4740 ⁸1⁸³
1299 4683 1388 4741 (Iul
1424 4683 1477 4726 τη
1524 4683 1687 4727 "ulla
1715 4685 1762 4727 ει
1815 4738 1817 4740 .
1866 4683 2044 4737 silium
2077 4684 2284 4740 anobis
2311 4685 2378 4740 de
2401 4700 2496 4739 sua
2524 4685 2698 4742 salute
2720 4686 2964 4742 oblatum
3013 4688 3127 4759 ipse
3160 4697 3454 4760 quaereret,

192 4760 294 4829 ejus
315 4763 404 4832 qui
436 4761 490 4814 in
518 4761 826 4831 quibuslibet
856 4761 1177 4831 facinoribus
1223 4764 1425 4818 cecidit.
1471 4764 1579 4820 Sed
1615 4776 1761 4820 tanto
1796 4737 1840 4794 υ
1869 4785 1924 4832 ει
1951 4784 2077 4831 tunc
2099 4778 2147 4831 ei
2179 4777 2476 4832 secundum
2506 4777 2634 4832 illud
2664 4778 2930 4832 scrinium
2959 4781 3286 4832 donaremus
3325 4795 3454 4832 ροη-

1869 4785 1924 4832 et
1951 4784 2077 4831 tunc
2099 4778 2147 4831 ei
2179 4777 2476 4832 secundum
2506 4777 2634 4833 illud
2664 4778 2930 4849 scriptum
2959 4781 3286 4836 donaremus
3325 4795 3456 4838 eon-

1871 4868 2068 4924 silium.
2093 4869 2210 4939 ipse
2237 4878 2419 4924 autem
2452 4869 2518 4925 de
2543 4884 2643 4926 suo
2679 4871 2857 4941 gradu.
2889 4873 3188 4942 respondit,
3223 4873 3369 4944 quod
3399 4873 3455 4929 in

1871 4960 2003 5015 illud
2051 4961 2314 5030 scriptum
2369 4974 2477 5015 non
2523 4960 2786 5026 intraret,
2830 4971 3120 5034 antequam
3170 4979 3292 5020 cum
3342 4963 3456 5018 suis

1871 5052 2140 5123 episcopis
2183 5052 2575 5106 consideraret.
2622 5051 2690 5107 Et
2719 5052 2798 5108 sic
2825 5054 3080 5125 quicquid
3113 5054 3166 5109 in
3213 5053 3452 5126 generali

1871 5155 2036 5197 causa
2063 5141 2305 5197 ecclesiae
2325 5150 2379 5196 et
2403 5141 2580 5212 populi
2628 5142 2759 5215 egit,
2784 5158 2950 5215 penes
2977 5144 3123 5199 illum
3167 5143 3452 5200 remansit.

250 5265 510 5323 KABOLI
546 5265 589 5320 ll
625 5265 714 5320 ET
754 5264 1128 5322 HLOTHABII
1164 5266 1209 5321 ll
1245 5265 1482 5336 ATQUE
1530 5269 1785 5326 KAROLI
1825 5271 2199 5338 FRATRUM,
2239 5271 2668 5330 (.IONVENTUS~
2695 5273 2884 5331 APUD
2923 5273 3397 5362 SAPONARIAS.‘

1521 5377 1643 5448 (An.
1678 5378 1804 5448 859,
1842 5381 1976 5439 Jun.
2004 5383 2117 5455 14.)

255 5484 506 5574 lii-saetis
520 5493 820 5574 conventus
840 5483 1260 5574 gsaponariensis
1294 5498 1588 5574 supersunt
1634 5489 1846 5574 libellus
1882 5495 2088 5574 synodo
2119 5495 2384 5574 auGarolo
2416 5513 2543 5574 rege
2578 5509 2772 5574 contra
2819 5500 3156 5558 Wenilonem
3183 5502 3454 5574 archiepi-

189 5571 408 5626 scopum
443 5555 811 5612 Senonensetn
839 5555 1142 5627 porrectus,
1189 5566 1245 5613 et
1283 5555 1518 5629 capitula
1545 5555 2093 5633 promulgataflllum
2132 5566 2376 5626 Pitbteus
2413 5555 2557 5626 infer
2586 5555 3455 5644 ScriptorescoaetanieosetG'ol-

1706 5676 1916 5734 ΝΟΤᾸῦ
1927 5716 1940 5733 .

259 5787 407 5862 (tes)
445 5787 652 5862 Abbate
677 5791 852 5847 sancti
879 5789 1015 5846 Galli
1048 5799 1101 5847 et
1132 5790 1586 5862 archicapellano.

260 5858 406 5930 (129)
447 5857 730 5916 Mindensi.

1933 5797 2083 5872 (l30)
2124 5796 2552 5856 Constantiensi.
