3960 6320
166 415 249 474 661

1233 399 1667 461 FRANCOBUM
1700 393 1944 456 REGUM
1973 400 2456 459 CAPITULARIA.

162 533 414 594 consilium
439 535 596 601 atque
617 527 871 586 auxilium
901 543 1060 584 manu
1083 528 1301 610 propria
1327 527 1704 584 conﬁrmatum
1738 520 1782 581 A
1811 523 1948 588 vari,
1996 532 2052 578 et
2088 538 2117 577 a
2166 537 2424 594 perverso
2465 521 2749 578 conamine
2793 519 2860 576 ad
2906 517 3208 575 salubriora
3257 533 3391 574 con-

161 631 284 683 ferre
312 623 618 688 debuerant,
667 621 962 676 deﬁcerent
988 626 1041 674 et
1068 619 1134 674 ad
1161 617 1348 674 fratris
1375 619 1479 673 mei
1504 615 1701 672 Hludo-
1800 615 1963 670 verti.
3384 616 3394 628 ‘

159 719 262 775 wici
296 715 602 786 obsequium
632 721 686 770 et
706 713 1069 770 subditionem
1101 727 1160 768 se
1181 719 1478 768 verterent.

217 812 290 865 lt).
321 809 393 864 De
419 807 628 864 abbatis
657 816 861 862 sanctae
893 806 1170 862 Columbae
1207 815 1264 861 et
1306 807 1469 862 rebus
1491 805 1576 860 vel
1603 804 1704 860 bo-

157 901 347 958 noribus
371 899 515 971 regni
545 898 649 953 mei
673 897 1223 967 apndllludowicum,
1248 895 1470 952 fratrem
1502 911 1701 962 meum,

157 998 444 1063 [incoeptum
467 987 723 1054 obtinuit,
770 997 825 1044 et
858 988 1070 1043 litteras
1100 988 1165 1042 ad
1191 989 1409 1056 missos,
1440 1004 1547 1060 quo
1570 1002 1704 1044 ean-

156 1083 254 1140 dem
279 1080 536 1137 abbatiam
565 1090 904 1145 revocarent,
957 1079 1264 1136 Echardum
1313 1091 1370 1138 et
1409 1081 1706 1138 Theodori-

158 1188 258 1228 cum
285 1171 605 1241 impetravit.
647 1171 753 1227 Sed
781 1171 836 1226 in
867 1171 1073 1227 eisdem
1107 1171 1302 1228 litteris
1346 1171 1413 1226 ad
1453 1171 1706 1245 praefatos

157 1267 322 1322 missos
352 1263 645 1334 iussionem
672 1265 860 1321 fratris
881 1266 986 1321 mei
1011 1265 1308 1322 Hludowici
1329 1264 1543 1323 Wenilo
1563 1266 1706 1323 obti-

158 1357 271 1422 nuit,
295 1363 351 1410 ut
375 1355 439 1411 de
470 1371 626 1412 muro
667 1355 876 1412 castelli
917 1355 1210 1424 Meloduni,
1246 1357 1391 1427 quod
1427 1356 1519 1428 jus
1546 1358 1708 1429 regite

158 1456 222 1501 est
245 1447 511 1516 potestatis
532 1488 548 1513 ,
593 1456 780 1517 petras
820 1449 1088 1504 haberent
1116 1449 1391 1505 licentiam
1422 1450 1707 1521 prendere.

161 1537 286 1593 Unde
310 1547 534 1605 constat,
561 1541 706 1610 quod
738 1540 790 1594 in
825 1540 982 1610 plebe
1003 1540 1162 1598 istius
1191 1541 1344 1612 regni
1384 1542 1516 1597 mihi
1542 1557 1571 1596 a
1599 1541 1712 1597 Deo

160 1628 308 1686 collati
341 1645 458 1686 eum
485 1631 742 1686 studebat
761 1630 941 1687 colere
961 1639 1014 1687 et
1043 1633 1324 1705 satagebat
1361 1642 1568 1688 tenere.

217 1719 291 1776 ll.
320 1717 527 1776 Wenilo
556 1719 611 1775 in
642 1736 707 1777 eo
725 1721 954 1778 consilio
973 1730 1028 1778 et
1056 1730 1292 1780 tractatu
1320 1738 1445 1780 cum
1472 1724 1714 1796 przefatis

162 1810 610 1867 exeommunieatis
649 1811 782 1878 fuit,
814 1812 902 1867 ubi
931 1813 1339 1870 consideratam
1383 1822 1488 1881 est,
1530 1825 1717 1886 quate-

1870 705 1927 760 2.
1961 705 2211 776 Episcopi
2269 720 2504 776 namque
2547 703 2841 761 secundum
2887 701 3100 758 illorum
3144 691 3392 758 ministcs

1803 797 1943 853 rium
1980 812 2043 852 ac
2065 813 2274 853 sacram
2303 797 2680 852 auctoritatem
2705 796 2840 851 uniti
2869 795 2997 861 sint,
3025 801 3082 850 et
3102 792 3173 826 ἠ’
3200 800 3393 848 mutuo

1803 887 2030 944 consilio
2057 895 2219 958 atque
2253 887 2456 943 auxilio
2491 902 2646 959 reges
2697 900 3097 958 regnorumque
3124 885 3394 956 primores

1805 987 1969 1047 atque
1997 978 2253 1049 populum
2283 979 2387 1035 sibi
2437 978 2784 1036 commissum
2830 979 2882 1034 in
2928 978 3155 1050 Domino
3198 981 3394 1048 regant

1805 1077 1860 1126 et
1887 1070 2193 1140 corrigam;
2224 1078 2456 1126 ctnemo
2491 1085 2550 1126 se
2577 1085 2607 1125 a
2635 1069 2830 1125 solatio
2868 1077 3060 1124 mutuo
3084 1066 3390 1132 subtrahat,

1806 1161 1904 1218 sed
1923 1161 1996 1194 τ’*
2019 1161 2306 1234 synodales
2334 1171 2630 1219 conventus
2657 1162 2952 1219 secundum
2973 1159 3277 1231 jussioncm
3303 1172 3394 1216 ca-

1809 1257 2058 1313 nonicam
2092 1255 2444 1327 frequentare
2477 1266 2771 1328 procurent
2798 1274 2813 1312 :
2841 1265 3110 1327 quatenus
3142 1255 3277 1312 ordo
3305 1269 3397 1312 ec-

1810 1348 2171 1413 clesiasticus,
2199 1349 2292 1420 qui
2328 1349 2483 1420 quasi
2528 1348 2848 1405 obliteratus
2887 1348 2997 1420 jam
3031 1345 3228 1414 fuerat,
3263 1359 3398 1417 quo-

1811 1441 1958 1496 niam
1996 1440 2184 1512 synodi
2209 1446 2430 1511 propter
2475 1439 2801 1497 discordiam
2832 1454 3020 1511 regum
3064 1435 3399 1508 frequentari

1811 1545 1919 1587 non
1946 1529 2518 1600 poteranl,episcopali
2549 1529 2838 1586 collatione
2865 1529 2929 1584 ad
2946 1528 3308 1586 necessarium
3337 1541 3402 1582 ac

1814 1622 2055 1678 debitum
2084 1631 2285 1678 statum
2313 1623 2496 1678 reduci
2534 1622 2844 1692 praevaleat.
2878 1619 3033 1677 Unde
3072 1620 3239 1676 etiam
3273 1633 3402 1676 con-

1816 1729 2035 1772 sensum
2075 1715 2214 1786 apud
2239 1729 2396 1788 reges
2427 1714 2723 1785 expetitum
2750 1713 3120 1768 obtinuerunt.

1885 1809 1939 1864 5.
1981 1807 2157 1880 Reges
2176 1807 2532 1863 nihilominus
2556 1821 2618 1860 ac
2655 1805 2928 1877 principes
2957 1803 3127 1859 nostri
3152 1800 3404 1868 Karolus,

163 1915 245 1956 nus
268 1900 335 1954 illi
359 1900 601 1958 homines
627 1903 719 1974 qui
742 1903 873 1958 mihi
901 1903 1087 1961 ﬁdeles
1111 1914 1269 1962 erant
1293 1915 1347 1962 et
1377 1906 1508 1962 mihi
1529 1921 1714 1963 sacra-
1739 1889 1788 1951 Β
1817 1897 2152 1965 Hlotharius,
2200 1907 2364 1969 atque
2393 1899 2521 1954 item
2565 1896 2796 1953 Karolus
2841 1896 2910 1952 ad
2944 1896 3038 1952 Dei
3069 1895 3404 1951 volunlalem

164 2001 314 2048 mento
349 1993 660 2050 ﬁdelitatem
705 1997 1113 2067 promiserant,
1159 1997 1275 2055 sive
1311 1999 1556 2056 nolentes
1599 2000 1717 2056 sive

165 2085 389 2154 volentes,
439 2087 597 2144 fratri
635 2103 759 2144 meo
789 2089 1105 2145 Hludowico
1126 2090 1377 2163 jurarent
1404 2098 1463 2146 ut
1487 2091 1537 2146 ei
1559 2088 1715 2162 adju-

167 2178 332 2233 torium
375 2179 599 2246 ferrent,
642 2179 880 2251 qualiter
913 2196 1140 2255 regnum
1191 2197 1370 2240 meum
1399 2192 1591 2240 contra
1629 2199 1718 2241 me

166 2267 371 2328 obtinere
390 2272 678 2344 potuisset.
702 2271 770 2328 Et
798 2289 906 2329 non
937 2274 1111 2331 solum
1138 2276 1365 2334 consilio
1394 2276 1610 2334 Wenilo
1638 2277 1719 2334 in-

171 2357 351 2428 terfuit,
405 2363 497 2418 sed
522 2371 579 2418 et
610 2363 726 2435 ipse
751 2363 856 2420 hoc
886 2364 1029 2421 idem
1083 2366 1369 2424 consilium
1400 2367 1554 2426 fratri
1596 2385 1717 2428 meo

169 2449 417 2512 Hludovico
439 2467 632 2514 contra
661 2473 837 2514 meam
868 2459 1204 2528 ﬁdelitatem,
1244 2477 1408 2534 quam
1432 2463 1563 2520 mihi
1591 2479 1719 2536 pro-

171 2545 284 2599 misit
303 2557 662 2616 sacramento,
696 2549 938 2606 donavit.
1680 2553 1684 2558 ’

224 2636 516 2694 12.Wenilo
561 2655 670 2713 per
693 2655 753 2698 se
782 2649 838 2696 et
881 2656 979 2713 per
1006 2641 1305 2700 familiares
1334 2658 1480 2709 suos,
1529 2660 1719 2718 supra-

170 2726 307 2783 dictos
330 2729 524 2786 scilicet
553 2735 1084 2802 excommunicatos,
1112 2736 1253 2808 apud
1280 2735 1503 2792 fratrem
1537 2753 1716 2794 meum

171 2814 492 2877 lliudowicum
522 2822 785 2890 obtinuit,
826 2833 886 2880 ut
913 2840 1116 2884 vacans
1157 2827 1520 2899 episcOpatus,
1555 2828 1716 2900 Bajo-

170 2915 370 2970 cacensis
391 2917 599 2973 scilicet
631 2918 888 2986 civitatis,
919 2921 1224 2992 propinquo
1248 2937 1346 2978 suo
1376 2923 1575 2980 clerico
1596 2939 1718 2981 meo

171 3006 346 3061 nomine
385 3007 672 3075 Tortoldo,
723 3011 815 3080 qui
841 3011 974 3066 mihi
997 3027 1056 3068 se
1085 3014 1486 3070 commendavit
1511 3024 1567 3071 et
1591 3017 1720 3074 fide-

170 3094 332 3153 litatem
362 3110 706 3160 sacramento
729 3104 996 3173 promisit,
1020 3106 1334 3176 donaretur,
1357 3110 1447 3179 qui
1486 3109 1716 3166 eundem

170 3192 489 3266 episcopatum
516 3197 572 3254 in
609 3212 728 3253 mea
765 3198 1086 3256 inﬁdelitate
1114 3209 1169 3256 et
1189 3211 1377 3258 contra
1401 3202 1715 3259 ﬁdelitatem

1820 1999 1984 2061 atque
2009 1996 2210 2046 sancta:
2251 1988 2495 2045 ecclesia:
2523 1995 2745 2052 statum,
2776 2001 3039 2056 suamque
3082 1985 3311 2042 salutem
3352 1991 3407 2039 et

1820 2081 2002 2154 p0puli
2040 2081 2415 2150 salvationem,
2466 2080 2670 2153 gratias
2697 2079 2837 2148 Deo,
2866 2079 3005 2134 uniti
3032 2086 3090 2134 et
3114 2078 3166 2133 in
3215 2079 3407 2134 eadem

1819 2174 2042 2232 salutari
2072 2174 2282 2232 unitate
2312 2173 2515 2231 ﬁrmati
2547 2181 2693 2232 sunt.

1888 2266 1944 2322 4.
1973 2265 2303 2323 Perventum
2343 2274 2428 2322 est
2470 2273 2599 2322 ante
2640 2271 2967 2322 conventum
3008 2263 3407 2335 episcoporum,

1819 2357 2090 2429 quendam
2129 2357 2435 2423 diaconum,
2476 2357 2565 2413 cui
2612 2355 2900 2412 Tortoldns
2929 2370 3124 2411 nomen
3150 2363 3252 2420 est,
3297 2351 3412 2423 epi-

1818 2447 2090 2520 scopalem
2124 2457 2448 2521 potestatem
2497 2449 2550 2504 in
2589 2447 2724 2504 urbe
2751 2447 3194 2518 Bajocacensium
3241 2461 3411 2502 occu-

1818 2554 1997 2612 passe,
2021 2549 2076 2596 et
2093 2539 2575 2611 pollicitationibus
2611 2555 2676 2596 ac
2705 2538 2866 2594 minis
2890 2539 3186 2596 sollicitare
3213 2537 3411 2592 multos

1819 2645 1883 2686 ac
1912 2630 2252 2702 perturbare.
2316 2628 2472 2686 Unde
2527 2629 2773 2686 deﬁnivit
2820 2639 3009 2685 saneta
3049 2628 3308 2701 synodus,
3350 2633 3412 2682 ut

1820 2725 2056 2791 Wenilo,
2114 2725 2387 2780 Senonum
2441 2725 2897 2796 archiepiscopus,
2950 2721 3105 2793 cujus
3151 2721 3410 2777 diaconus

1818 2817 1938 2882 fuit,
1981 2817 2248 2890 adjunclis
2278 2832 2464 2873 secum
2509 2817 2684 2872 tribus
2715 2816 2854 2880 aliis,
2890 2822 3253 2872 memoratum
3284 2811 3409 2869 dia-

1819 2928 2015 2970 conum
2039 2921 2322 2969 evocatum
2351 2910 2592 2978 audiant,
2624 2918 2679 2967 et
2709 2909 3004 2966 secundum
3033 2905 3410 2964 auctoritatem

1818 3001 2134 3060 canonicam
2158 3000 2226 3058 de
2248 3015 2314 3058 eo
2337 2999 2614 3058 deﬁniant.
2650 3001 2706 3056 Si
2735 3008 2912 3056 autem
2936 2997 3195 3068 refugerit
3222 3011 3411 3054 eorum

1819 3093 2206 3168 cognitionem,
2247 3092 2526 3147 annitente
2569 3089 2854 3162 principali
2906 3097 3172 3160 potestate
3225 3085 3412 3142 venire

1819 3185 1888 3240 ad
1915 3183 2246 3240 audientiam
2293 3181 2671 3252 compellatur.
2733 3179 2887 3248 Quod
2920 3179 2968 3235 si
3010 3179 3152 3236 hanc
3196 3188 3413 3248 quoque

170 3282 270 3338 mihi
294 3289 606 3355 promissam
659 3303 928 3346 consensu
975 3289 1296 3360 mudowici,
1345 3293 1536 3348 {mnis
1584 3291 1711 3359 me},
1743 3255 1788 3318 Ο
1821 3269 2194 3336 declinaverit,
2228 3269 2573 3324 anathemate
2599 3265 2842 3360 feriatur.

170 3379 355 3448 accepit.
963 3443 969 3446 _

224 3470 293 3526 15.
319 3471 547 3531 Tandem
603 3485 893 3546 postquam
940 3475 1247 3532 mihi‘Deus
1291 3477 1438 3532 vires
1487 3491 1714 3548 recupe—

170 3562 288 3617 randi
309 3565 404 3620 mei
429 3583 525 3638 per
554 3566 814 3624 solatium
845 3567 1086 3622 ﬁdelium
1113 3581 1358 3624 meorum
1385 3576 1575 3624 contra
1607 3568 1718 3624 fra-

171 3661 277 3710 trem
297 3672 462 3716 meum
487 3659 738 3725 donavit,
785 3660 1004 3732 perrexi
1029 3676 1197 3732 prope
1227 3661 1295 3718 de
1341 3663 1562 3720 civitate
1586 3662 1719 3721 We—

170 3743 347 3813 niloais,
371 3749 458 3821 qui
496 3765 593 3807 me
612 3761 800 3808 contra
832 3750 1059 3807 fratrem
1081 3767 1262 3810 meum
1298 3753 1366 3810 ad
1391 3769 1716 3827 recuperan-

170 3832 268 3888 dum
303 3853 514 3911 regnum
543 3856 729 3897 meum
752 3857 979 3914 pergere
1009 3842 1190 3912 scivit,
1215 3855 1273 3901 et
1322 3846 1525 3902 nullum
1565 3848 1719 3920 adju-

172 3923 328 3980 torium
351 3928 429 3985 vel
465 3945 568 4000 per
592 3945 671 3996 se,
719 3933 988 4002 promisso
1026 3949 1091 3989 ac
1112 3936 1420 4008 subscripto
1463 3939 1717 4006 consilio,

170 4012 234 4065 vel
259 4030 342 4084 per
367 4020 642 4088 militiam,
667 4038 788 4092 qua:
824 4040 888 4079 ex
912 4024 1143 4081 ecclesia
1190 4026 1291 4083 sibi
1317 4029 1606 4086 commissa
1629 4045 1720 4088 so-

172 4097 228 4156 let
256 4107 405 4176 exire,
432 4111 767 4184 adjutorium
791 4111 1009 4184 aliquod
1035 4117 1310 4185 prazstitit.

757 4263 1090 4311 CAPITULA.

171 4346 564 4456 liga-mutilata,
597 4365 838 4449 deﬁnita,
861 4376 1014 4438 atque
1041 4367 1249 4456 obtenta
1273 4381 1393 4425 sunt
1418 4373 1473 4427 in
1520 4374 1720 4456 synodo

223 4423 467 4512 duodecim
486 4423 883 4512 prouinciarum
910 4423 1033 4512 qua:
1054 4423 1243 4512 habita
1263 4423 1340 4495 est
1358 4423 1503 4497 anno

224 4506 426 4577 nation
449 4506 744 4577 dominica:
771 4507 878 4562 859
909 4509 980 4540 ⁷⁹²
999 4548 1014 4572 ,
1044 4510 1328 4566 indictione
1360 4528 1456 4577 vn,
1490 4516 1544 4568 in
1570 4516 1727 4568 terri-

225 4569 339 4649 torio
364 4570 616 4649 Tu_l_lensi,
649 4576 744 4630 sub
781 4569 1101 4647 principibus
1140 4579 1366 4649 Karolo,

222 4645 261 4684 et
290 4642 402 4693 item
423 4642 649 4700 Karolo.

225 4724 268 4778 l.
298 4728 362 4784 Ut
401 4736 598 4792 caritas
649 4736 887 4794 fraterna
932 4748 986 4795 et
1031 4744 1317 4798 concordia
1363 4746 1515 4814 pacis
1543 4745 1714 4805 refor-

159 4825 318 4902 tnetur
349 4820 485 4878 inter
509 4825 708 4882 fratres
730 4867 745 4893 ,
778 4829 1051 4901 principes
1093 4832 1302 4887 scilicet
1340 4834 1603 4904 gloriosos
1631 4850 1715 4891 re-

170 4914 244 4967 368
303 4923 505 4969 nostros
568 4915 940 4974 llludowicnm
1003 4929 1057 4976 et
1119 4920 1417 4990 Karolum;
1485 4923 1717 4994 qualiter

169 4996 366 5056 schisma
395 5009 534 5074 quod
573 5019 752 5066 ortum
776 5023 859 5067 est
885 5029 1056 5084 nuper
1084 5017 1134 5069 in
1166 5015 1413 5081 ecclesia,
1451 5019 1518 5072 ad
1541 5018 1718 5073 unita-

169 5091 258 5184 tem
285 5090 619 5166 benignitatis
644 5101 819 5156 valeat
847 5102 1225 5175 rcd'integrari,
1256 5115 1311 5159 et
1336 5114 1509 5162 status
1538 5107 1714 5164 cccle-

169 5188 245 5231 slae
267 5196 389 5249 pene
412 5190 696 5260 conlapsus
725 5194 957 5261 restitui,
983 5205 1037 5250 et
1060 5212 1160 5266 pax
1200 5211 1265 5252 ac
1281 5197 1490 5267 justitia
1541 5199 1594 5253 in
1620 5215 1718 5270 po-

148 5271 272 5359 ppulo
297 5278 580 5339 christiano
608 5285 784 5340 valeat
822 5288 1140 5356 procurari;
1177 5295 1234 5342 et
1268 5289 1360 5359 qui
1389 5305 1418 5342 a
1456 5289 1718 5346 ﬁdelitate

171 5357 319 5458 debita
347 5371 671 5440 defecerunt,
700 5377 904 5447 judicio
949 5387 998 5433 et
1020 5379 1228 5450 jnstitia
1274 5357 1373 5450 per
1399 5390 1603 5436 rectam
1631 5397 1721 5436 ra-

173 5455 342 5511 tionem
368 5470 422 5515 et
468 5465 832 5521 rationabilem
889 5469 1313 5524 misericordiam
1353 5471 1562 5540 possint
1615 5473 1720 5528 sal-

1409 4583 1711 4652 Hlothario,
1745 4619 1794 4679 ο

1891 3364 1944 3420 5.
1978 3363 2056 3420 De
2099 3362 2332 3434 quodam
2386 3361 2552 3418 etiam
2611 3359 2940 3416 subdiacono
2987 3355 3272 3422 Anscario,
3320 3355 3414 3427 qui

1818 3456 1944 3513 vivo
1973 3465 2031 3512 et
2058 3454 2314 3512 incolumi
2341 3455 2600 3525 episcopo
2626 3449 2864 3507 civitatis
2891 3448 3196 3522 Lingonum
3225 3447 3412 3504 sedem

1818 3548 2080 3621 pervasit,
2126 3546 2289 3604 simili
2332 3553 2412 3602 est
2445 3543 2712 3602 sententia
2750 3541 3054 3599 deﬁnitum.
3109 3540 3217 3598 Sed
3243 3539 3413 3596 inter-

1817 3639 2164 3696 venientibus
2207 3636 2400 3709 legatis
2436 3635 2678 3706 ejusdem
2733 3632 3072 3698 subdiaconi,
3125 3630 3415 3688 humanior

1819 3739 1902 3788 est
1929 3727 2141 3801 prolata
2167 3725 2473 3792 sententia;
2529 3723 2781 3780 videlicet
2824 3730 2883 3777 ut
2907 3729 3249 3779 sacramento
3284 3734 3414 3775 con-

1819 3821 2020 3888 ﬁrmet,
2071 3834 2130 3876 se
2162 3833 2438 3892 nunquam
2487 3817 2610 3874 talia
2647 3813 2952 3886 hujusmodi
2993 3812 3416 3886 praesumptione

1819 3910 2113 3967 facturum.
2163 3906 2329 3980 Cujus
2357 3907 2684 3964 sacramenti
2726 3914 2968 3982 tenorem
2997 3903 3127 3959 huic
3175 3902 3415 3974 capitulo

1821 4004 2146 4061 subnectere
2181 4001 2402 4074 dignum
2445 3997 2916 4054 existimavimus:
2954 3995 3069 4068 Ego
3098 3995 3413 4066 Anscarius,

1819 4093 2198 4159 subdiaconus,
2238 4091 2492 4160 conﬁteor
2541 4105 2718 4144 coram
2746 4086 2972 4142 Domino
3015 4095 3064 4142 et
3092 4085 3289 4142 sanctis
3314 4102 3413 4142 an-

1821 4186 1950 4260 gelis
1980 4184 2120 4255 ejus,
2152 4183 2453 4259 reverentia:
2475 4190 2675 4238 sancite
2698 4173 3033 4252 paternitatis
3054 4189 3258 4245 vestrm,
3287 4193 3416 4233 con-

1821 4289 1905 4334 tra
1931 4276 2030 4332 Dei
2057 4276 2376 4333 uoluntatem
2405 4283 2453 4330 et
2485 4283 2671 4329 contra
2699 4272 2956 4328 canonica
2995 4281 3194 4327 statuta
3224 4279 3413 4325 temere

1820 4387 1903 4426 me
1933 4369 2116 4440 fecisse
2143 4370 2198 4424 in
2225 4367 2385 4424 Isaac
2405 4364 2748 4422 venerabilem
2765 4363 3084 4436 pontiﬁcem,
3107 4361 3413 4434 usurpando

1820 4461 1993 4516 sedem
2021 4447 2277 4516 'ecclesia:
2312 4467 2510 4513 sancite
2545 4457 2646 4513 sibi
2673 4457 2962 4512 commissa:
2992 4455 3314 4528 Lingonicw,
3364 4463 3417 4510 et

1823 4551 2159 4606 sollicitando
2201 4549 2416 4604 clericos
2464 4557 2514 4602 et
2553 4545 2803 4603 vassallos
2837 4547 2954 4617 ejus
2989 4563 3293 4618 omnemque
3323 4545 3412 4616 fa-

1819 4642 2042 4698 miliam.
2070 4641 2238 4713 Atque
2261 4641 2380 4695 ideo
2412 4656 2507 4709 pro
2534 4649 2696 4692 tanta:
2733 4637 3154 4708 prwsumptionis
3177 4652 3412 4705 excessu,

1816 4750 1911 4806 per
1957 4733 2095 4788 sacri
2144 4732 2418 4786 ministerii
2456 4731 2612 4785 vestri
2653 4728 2794 4784 vobis
2836 4727 3083 4798 largitam
3125 4744 3158 4782 a
3188 4727 3414 4783 Domino

1817 4811 2147 4897 potestatem,
2176 4824 2378 4878 veniam
2423 4821 2550 4876 mihi
2592 4821 2859 4892 pa’nitenti
2886 4819 3072 4892 largiri
3112 4819 3417 4892 suppliciter

1820 4917 2088 4986 deprecor.
2129 4913 2384 4983 Deinceps
2441 4927 2559 4967 vero
2609 4926 2701 4965 nec
2752 4910 2806 4964 in
2855 4910 3075 4966 eundem
3104 4910 3412 4976 antistitem,

1822 5026 1914 5064 nec
1937 5009 1991 5063 in
2027 5008 2191 5062 alium
2211 5004 2512 5078 quemlibet,
2548 5020 2642 5059 nec
2662 5004 2716 5058 in
2743 5003 2837 5058 illa
2866 5020 2960 5058 nec
2976 5004 3033 5057 in
3058 5003 3168 5057 alia
3196 5001 3414 5057 ecclesia

1817 5100 2121 5171 hujusmodi
2170 5095 2629 5168 prwsumplionem
2667 5094 2840 5165 facere
2874 5093 3116 5159 tentabo,
3155 5100 3205 5148 et
3248 5107 3414 5162 neque

1820 5193 1900 5249 illi
1939 5202 2032 5247 aut
2067 5191 2227 5246 alicui
2285 5205 2502 5245 suorum
2556 5188 2869 5244 clericorum
2915 5194 3008 5240 aut
3057 5184 3314 5242 laicorum
3355 5184 3413 5240 in

1820 5285 1996 5356 aliqua
2012 5301 2065 5338 re
2079 5282 2506 5354 impedimentum
2529 5280 2722 5351 faciam
2734 5295 2828 5349 pro
2854 5279 2953 5333 hac
2975 5293 3158 5344 causa,
3184 5278 3309 5348 quia
3326 5293 3410 5331 me

1821 5377 2050 5449 graviter
2070 5374 2351 5446 deliquisse
2380 5373 2652 5443 conﬁteor.
2692 5370 2875 5440 Neque
2904 5366 3128 5423 insidias
3155 5368 3230 5423 eis
3249 5365 3412 5422 ullius

1824 5467 2197 5540 inquietudinis
2221 5466 2438 5537 parabo,
2469 5481 2630 5535 neque
2658 5479 2751 5534 per
2773 5477 2854 5516 me
2887 5476 3050 5531 neque
3073 5469 3165 5531 per
3183 5458 3410 5529 aliquem

1440 5611 1674 5668 VARle
1714 5611 2116 5671 LECTIONES.

229 5715 289 5787 '_”
314 5717 628 5782 DCCCLVIII
677 5729 836 5787 Stult.

175 5782 250 5836 κα
273 5794 557 5858 synodalcs.
581 5799 645 5854 Β.

931 5733 1001 5765 ⁷³³
1031 5730 1344 5790 Sirmondus
1374 5721 1532 5789 manu
1563 5734 1785 5789 correxit
1814 5743 1873 5791 ut
1904 5733 1968 5789 Β.

2065 5735 2134 5769 ⁷³⁸
2157 5732 2494 5800 Sirmondus,
2520 5739 2576 5788 et
2599 5726 2883 5802 synodales
2911 5744 2924 5782 :
2956 5734 3010 5780 at
3045 5739 3204 5780 manu
3235 5718 3410 5794 posuit

3284 397 3432 456 662‘?
3473 435 3478 440 -
