  <div class='ocr_page' id='page_1' title='image "/cluster/home/n/w/nwhite01/storage/ocr_20150623/138/hvd.32044015471774/337.png"; bbox 0 0 3876 5326; ppageno 0'>
   <div class='ocr_carea' id='block_1_1' title="bbox 526 392 632 447">
    <p class='ocr_par' dir='ltr' id='par_1_1' title="bbox 526 392 632 447">
     <span class='ocr_line' id='line_1_1' title="bbox 526 392 632 447; baseline -0.009 0"><span class='ocrx_word' id='word_1_1' title='bbox 526 392 632 447; x_wconf 72' lang='lat' dir='ltr'><strong>(iii?)</strong></span> 
     </span>
    </p>
   </div>
   <div class='ocr_carea' id='block_1_2' title="bbox 1196 386 3047 481">
    <p class='ocr_par' dir='ltr' id='par_1_2' title="bbox 1196 386 3047 481">
     <span class='ocr_line' id='line_1_2' title="bbox 1196 386 3047 481; baseline -0.001 -37"><span class='ocrx_word' id='word_1_2' title='bbox 1196 389 1484 445; x_wconf 77' lang='lat' dir='ltr'><strong>APPEND.</strong></span> <span class='ocrx_word' id='word_1_3' title='bbox 1523 389 1616 445; x_wconf 85' lang='lat' dir='ltr'><strong>AD</strong></span> <span class='ocrx_word' id='word_1_4' title='bbox 1654 387 1828 445; x_wconf 62' lang='lat' dir='ltr'><strong>SEC.</strong></span> <span class='ocrx_word' id='word_1_5' title='bbox 1860 388 1929 444; x_wconf 74' lang='grc' dir='ltr'>Χ.</span> <span class='ocrx_word' id='word_1_6' title='bbox 1968 418 2040 429; x_wconf 86' lang='lat'><strong>-—</strong></span> <span class='ocrx_word' id='word_1_7' title='bbox 2069 386 2502 475; x_wconf 63' lang='lat' dir='ltr'><strong>MONUMENTA</strong></span> <span class='ocrx_word' id='word_1_8' title='bbox 2544 386 3047 481; x_wconf 31' lang='lat' dir='ltr'><strong>DIPLOMATICAz</strong></span> 
     </span>
    </p>
   </div>
   <div class='ocr_carea' id='block_1_3' title="bbox 3682 378 3782 438">
    <p class='ocr_par' dir='ltr' id='par_1_3' title="bbox 3682 378 3782 438">
     <span class='ocr_line' id='line_1_3' title="bbox 3682 378 3782 438; baseline 0 -2"><span class='ocrx_word' id='word_1_9' title='bbox 3682 378 3782 438; x_wconf 65' lang='grc'><strong>664</strong></span> 
     </span>
    </p>
   </div>
   <div class='ocr_carea' id='block_1_4' title="bbox 522 484 3500 578">
    <p class='ocr_par' dir='ltr' id='par_1_4' title="bbox 522 484 3500 578">
     <span class='ocr_line' id='line_1_4' title="bbox 522 484 3500 578; baseline -0.002 -19"><span class='ocrx_word' id='word_1_10' title='bbox 522 522 781 578; x_wconf 86' lang='lat' dir='ltr'><strong>meorum_</strong></span> <span class='ocrx_word' id='word_1_11' title='bbox 807 506 1238 577; x_wconf 86' lang='lat' dir='ltr'><strong>propinquorum,</strong></span> <span class='ocrx_word' id='word_1_12' title='bbox 1280 522 1372 560; x_wconf 83' lang='lat' dir='ltr'><strong>nec</strong></span> <span class='ocrx_word' id='word_1_13' title='bbox 1399 521 1491 576; x_wconf 85' lang='lat' dir='ltr'><strong>per</strong></span> <span class='ocrx_word' id='word_1_14' title='bbox 1532 522 1906 577; x_wconf 83' lang='lat' dir='ltr'><strong><em>quemcumque</em></strong></span> <span class='ocrx_word' id='word_1_15' title='bbox 1938 504 2111 560; x_wconf 80' lang='lat' dir='ltr'><strong>homi-</strong></span> <span class='ocrx_word' id='word_1_16' title='bbox 2133 516 2185 574; x_wconf 73' lang='grc' dir='ltr'>Α</span> <span class='ocrx_word' id='word_1_17' title='bbox 2211 484 2567 565; x_wconf 86' lang='lat' dir='ltr'><strong>unanimitate</strong></span> <span class='ocrx_word' id='word_1_18' title='bbox 2592 508 2939 564; x_wconf 90' lang='lat' dir='ltr'><strong>anathemate</strong></span> <span class='ocrx_word' id='word_1_19' title='bbox 2967 503 3194 562; x_wconf 92' lang='lat' dir='ltr'><strong>terribili</strong></span> <span class='ocrx_word' id='word_1_20' title='bbox 3216 502 3500 560; x_wconf 79' lang='lat' dir='ltr'><strong>ferientur.</strong></span> 
     </span>
    </p>
   </div>
   <div class='ocr_carea' id='block_1_5' title="bbox 528 597 2105 669">
    <p class='ocr_par' dir='ltr' id='par_1_5' title="bbox 528 597 2105 669">
     <span class='ocr_line' id='line_1_5' title="bbox 528 597 2105 669; baseline -0.002 -16"><span class='ocrx_word' id='word_1_21' title='bbox 528 615 682 664; x_wconf 80' lang='lat' dir='ltr'><strong>nem;</strong></span> <span class='ocrx_word' id='word_1_22' title='bbox 720 598 812 656; x_wconf 77' lang='lat' dir='ltr'><strong>sed</strong></span> <span class='ocrx_word' id='word_1_23' title='bbox 837 598 1008 669; x_wconf 82' lang='lat' dir='ltr'><strong>potius</strong></span> <span class='ocrx_word' id='word_1_24' title='bbox 1046 597 1263 668; x_wconf 84' lang='lat' dir='ltr'><strong>adjutor</strong></span> <span class='ocrx_word' id='word_1_25' title='bbox 1303 613 1399 668; x_wconf 89' lang='lat' dir='ltr'><strong>pro</strong></span> <span class='ocrx_word' id='word_1_26' title='bbox 1437 597 1633 654; x_wconf 78' lang='lat' dir='ltr'><strong>viribus</strong></span> <span class='ocrx_word' id='word_1_27' title='bbox 1671 608 1720 652; x_wconf 85' lang='lat' dir='ltr'><strong>et</strong></span> <span class='ocrx_word' id='word_1_28' title='bbox 1764 597 2105 668; x_wconf 73' lang='lat' dir='ltr'><strong>intelligentia</strong></span> 
     </span>
    </p>
   </div>
   <div class='ocr_carea' id='block_1_6' title="bbox 525 687 2105 761">
    <p class='ocr_par' dir='ltr' id='par_1_6' title="bbox 525 687 2105 761">
     <span class='ocr_line' id='line_1_6' title="bbox 525 687 2105 761; baseline 0.002 -17"><span class='ocrx_word' id='word_1_29' title='bbox 525 692 627 761; x_wconf 82' lang='lat' dir='ltr'><strong>ipsi</strong></span> <span class='ocrx_word' id='word_1_30' title='bbox 649 691 861 761; x_wconf 73' lang='lat' dir='ltr'><strong>suisque</strong></span> <span class='ocrx_word' id='word_1_31' title='bbox 882 705 993 753; x_wconf 86' lang='lat' dir='ltr'><strong>ero,</strong></span> <span class='ocrx_word' id='word_1_32' title='bbox 1033 699 1185 758; x_wconf 83' lang='lat' dir='ltr'><strong>prout</strong></span> <span class='ocrx_word' id='word_1_33' title='bbox 1207 690 1307 743; x_wconf 72' lang='lat' dir='ltr'><strong>sibi</strong></span> <span class='ocrx_word' id='word_1_34' title='bbox 1343 688 1621 760; x_wconf 80' lang='lat' dir='ltr'><strong>placuerit.</strong></span> <span class='ocrx_word' id='word_1_35' title='bbox 1670 687 1740 745; x_wconf 88' lang='lat' dir='ltr'><strong>Et</strong></span> <span class='ocrx_word' id='word_1_36' title='bbox 1768 691 1858 761; x_wconf 88' lang='lat' dir='ltr'><strong><em>qui</em></strong></span> <span class='ocrx_word' id='word_1_37' title='bbox 1885 689 1985 744; x_wconf 79' lang='lat' dir='ltr'><strong>sibi</strong></span> <span class='ocrx_word' id='word_1_38' title='bbox 2011 705 2105 760; x_wconf 87' lang='lat' dir='ltr'><strong>pro</strong></span> 
     </span>
    </p>
   </div>
   <div class='ocr_carea' id='block_1_7' title="bbox 525 780 2105 855">
    <p class='ocr_par' dir='ltr' id='par_1_7' title="bbox 525 780 2105 855">
     <span class='ocr_line' id='line_1_7' title="bbox 525 780 2105 855; baseline 0.001 -20"><span class='ocrx_word' id='word_1_39' title='bbox 525 782 622 837; x_wconf 83' lang='lat' dir='ltr'><strong>hoc</strong></span> <span class='ocrx_word' id='word_1_40' title='bbox 650 784 759 855; x_wconf 79' lang='lat' dir='ltr'><strong>ipso</strong></span> <span class='ocrx_word' id='word_1_41' title='bbox 798 780 998 836; x_wconf 85' lang='lat' dir='ltr'><strong>inimici</strong></span> <span class='ocrx_word' id='word_1_42' title='bbox 1027 792 1180 847; x_wconf 77' lang='lat' dir='ltr'><strong>sunt,</strong></span> <span class='ocrx_word' id='word_1_43' title='bbox 1227 798 1358 853; x_wconf 81' lang='lat' dir='ltr'><strong><em>quos</em></strong></span> <span class='ocrx_word' id='word_1_44' title='bbox 1386 783 1495 854; x_wconf 80' lang='lat' dir='ltr'><strong><em>ipse</em></strong></span> <span class='ocrx_word' id='word_1_45' title='bbox 1520 781 1757 847; x_wconf 80' lang='lat' dir='ltr'><strong>uoluerit,</strong></span> <span class='ocrx_word' id='word_1_46' title='bbox 1788 784 1834 837; x_wconf 81' lang='lat' dir='ltr'><strong>si</strong></span> <span class='ocrx_word' id='word_1_47' title='bbox 1866 792 2105 854; x_wconf 77' lang='lat' dir='ltr'><strong>potuero,</strong></span> 
     </span>
    </p>
   </div>
   <div class='ocr_carea' id='block_1_8' title="bbox 524 870 2105 943">
    <p class='ocr_par' dir='ltr' id='par_1_8' title="bbox 524 870 2105 943">
     <span class='ocr_line' id='line_1_8' title="bbox 524 870 2105 943; baseline -0.001 -15"><span class='ocrx_word' id='word_1_48' title='bbox 524 872 693 930; x_wconf 80' lang='lat' dir='ltr'><strong>eidem</strong></span> <span class='ocrx_word' id='word_1_49' title='bbox 718 870 997 926; x_wconf 86' lang='lat' dir='ltr'><strong>conciliare</strong></span> <span class='ocrx_word' id='word_1_50' title='bbox 1030 871 1105 904; x_wconf 83' lang='lat'>&quot;&#39;</span> <span class='ocrx_word' id='word_1_51' title='bbox 1126 872 1441 942; x_wconf 82' lang='lat' dir='ltr'><strong>procumbo.</strong></span> <span class='ocrx_word' id='word_1_52' title='bbox 1493 872 1581 928; x_wconf 79' lang='lat' dir='ltr'><strong>Sic</strong></span> <span class='ocrx_word' id='word_1_53' title='bbox 1603 890 1682 928; x_wconf 84' lang='lat' dir='ltr'><strong>me</strong></span> <span class='ocrx_word' id='word_1_54' title='bbox 1709 873 1851 928; x_wconf 82' lang='lat' dir='ltr'><strong>Deus</strong></span> <span class='ocrx_word' id='word_1_55' title='bbox 1874 873 2105 943; x_wconf 83' lang='lat' dir='ltr'><strong><em>adjuvet,</em></strong></span> 
     </span>
    </p>
   </div>
   <div class='ocr_carea' id='block_1_9' title="bbox 522 959 2110 1033">
    <p class='ocr_par' dir='ltr' id='par_1_9' title="bbox 522 959 2110 1033">
     <span class='ocr_line' id='line_1_9' title="bbox 522 959 2110 1033; baseline 0.001 -17"><span class='ocrx_word' id='word_1_56' title='bbox 522 970 572 1016; x_wconf 76' lang='lat' dir='ltr'><strong><em>et</em></strong></span> <span class='ocrx_word' id='word_1_57' title='bbox 602 959 716 1015; x_wconf 73' lang='lat' dir='ltr'><strong>ista:</strong></span> <span class='ocrx_word' id='word_1_58' title='bbox 744 969 941 1015; x_wconf 77' lang='lat' dir='ltr'><strong>sancto:</strong></span> <span class='ocrx_word' id='word_1_59' title='bbox 968 970 1270 1015; x_wconf 79' lang='lat' dir='ltr'><strong>sanctorum</strong></span> <span class='ocrx_word' id='word_1_60' title='bbox 1291 961 1544 1033; x_wconf 73' lang='lat' dir='ltr'><strong>reliquire.</strong></span> <span class='ocrx_word' id='word_1_61' title='bbox 1582 961 1780 1018; x_wconf 82' lang='lat' dir='ltr'><strong>Statuit</strong></span> <span class='ocrx_word' id='word_1_62' title='bbox 1800 962 1961 1019; x_wconf 86' lang='lat' dir='ltr'><strong>etiam</strong></span> <span class='ocrx_word' id='word_1_63' title='bbox 1988 978 2110 1018; x_wconf 88' lang='lat' dir='ltr'><strong>san-</strong></span> 
     </span>
    </p>
   </div>
   <div class='ocr_carea' id='block_1_10' title="bbox 516 1049 2109 1125">
    <p class='ocr_par' dir='ltr' id='par_1_10' title="bbox 516 1049 2109 1125">
     <span class='ocr_line' id='line_1_10' title="bbox 516 1049 2109 1125; baseline 0.003 -21"><span class='ocrx_word' id='word_1_64' title='bbox 516 1058 612 1125; x_wconf 82' lang='lat' dir='ltr'><strong>_cta</strong></span> <span class='ocrx_word' id='word_1_65' title='bbox 648 1049 903 1121; x_wconf 86' lang='lat' dir='ltr'><strong>synodus,</strong></span> <span class='ocrx_word' id='word_1_66' title='bbox 948 1058 1007 1104; x_wconf 90' lang='lat' dir='ltr'><strong>ut</strong></span> <span class='ocrx_word' id='word_1_67' title='bbox 1036 1065 1311 1121; x_wconf 84' lang='lat' dir='ltr'><strong><em>nunquam</em></strong></span> <span class='ocrx_word' id='word_1_68' title='bbox 1359 1052 1427 1106; x_wconf 88' lang='lat' dir='ltr'><strong>ad</strong></span> <span class='ocrx_word' id='word_1_69' title='bbox 1461 1053 1685 1109; x_wconf 79' lang='lat' dir='ltr'><strong>eandem</strong></span> <span class='ocrx_word' id='word_1_70' title='bbox 1713 1052 2109 1124; x_wconf 70' lang='lat' dir='ltr'><strong>Liugonensen</strong></span> 
     </span>
    </p>
   </div>
   <div class='ocr_carea' id='block_1_11' title="bbox 523 1136 2113 1216">
    <p class='ocr_par' dir='ltr' id='par_1_11' title="bbox 523 1136 2113 1216">
     <span class='ocr_line' id='line_1_11' title="bbox 523 1136 2113 1216; baseline 0.001 -18"><span class='ocrx_word' id='word_1_71' title='bbox 523 1136 808 1198; x_wconf 77' lang='lat' dir='ltr'><strong>ecclesiam</strong></span> <span class='ocrx_word' id='word_1_72' title='bbox 831 1184 845 1208; x_wconf 93' lang='lat'><strong>,</strong></span> <span class='ocrx_word' id='word_1_73' title='bbox 874 1143 989 1199; x_wconf 89' lang='lat' dir='ltr'><strong>sive</strong></span> <span class='ocrx_word' id='word_1_74' title='bbox 1009 1142 1089 1209; x_wconf 38' lang='lat' dir='ltr'><strong>,ad</strong></span> <span class='ocrx_word' id='word_1_75' title='bbox 1111 1141 1505 1200; x_wconf 86' lang='lat' dir='ltr'><strong>Januacensem</strong></span> <span class='ocrx_word' id='word_1_76' title='bbox 1528 1144 1620 1212; x_wconf 76' lang='grc'><strong>⁷⁸⁸,</strong></span> <span class='ocrx_word' id='word_1_77' title='bbox 1661 1161 1824 1215; x_wconf 89' lang='lat' dir='ltr'><strong>quam</strong></span> <span class='ocrx_word' id='word_1_78' title='bbox 1843 1146 1957 1216; x_wconf 89' lang='lat' dir='ltr'><strong>jam</strong></span> <span class='ocrx_word' id='word_1_79' title='bbox 1996 1145 2113 1216; x_wconf 86' lang='lat' dir='ltr'><strong>pri-</strong></span> 
     </span>
    </p>
   </div>
   <div class='ocr_carea' id='block_1_12' title="bbox 524 1222 2110 1309">
    <p class='ocr_par' dir='ltr' id='par_1_12' title="bbox 524 1222 2110 1309">
     <span class='ocr_line' id='line_1_12' title="bbox 524 1222 2110 1309; baseline 0.001 -18"><span class='ocrx_word' id='word_1_80' title='bbox 524 1236 648 1299; x_wconf 89' lang='lat' dir='ltr'><strong>dem</strong></span> <span class='ocrx_word' id='word_1_81' title='bbox 678 1235 795 1305; x_wconf 90' lang='lat' dir='ltr'><strong>pari</strong></span> <span class='ocrx_word' id='word_1_82' title='bbox 850 1236 1013 1291; x_wconf 87' lang='lat' dir='ltr'><strong>modo</strong></span> <span class='ocrx_word' id='word_1_83' title='bbox 1058 1236 1359 1304; x_wconf 80' lang='lat' dir='ltr'><strong>adﬂixerat,</strong></span> <span class='ocrx_word' id='word_1_84' title='bbox 1392 1237 1585 1294; x_wconf 84' lang='lat' dir='ltr'><strong>debeat</strong></span> <span class='ocrx_word' id='word_1_85' title='bbox 1635 1239 1933 1309; x_wconf 90' lang='lat' dir='ltr'><strong>adspirare.</strong></span> <span class='ocrx_word' id='word_1_86' title='bbox 1973 1222 2110 1295; x_wconf 78' lang='lat' dir='ltr'><strong>Etsi</strong></span> 
     </span>
    </p>
   </div>
   <div class='ocr_carea' id='block_1_13' title="bbox 520 1326 2113 1399">
    <p class='ocr_par' dir='ltr' id='par_1_13' title="bbox 520 1326 2113 1399">
     <span class='ocr_line' id='line_1_13' title="bbox 520 1326 2113 1399; baseline 0.002 -17"><span class='ocrx_word' id='word_1_87' title='bbox 520 1326 598 1382; x_wconf 87' lang='lat' dir='ltr'><strong>ita</strong></span> <span class='ocrx_word' id='word_1_88' title='bbox 626 1333 684 1381; x_wconf 89' lang='lat' dir='ltr'><strong>ut</strong></span> <span class='ocrx_word' id='word_1_89' title='bbox 704 1327 1066 1397; x_wconf 73' lang='lat' dir='ltr'><strong>praemisimus</strong></span> <span class='ocrx_word' id='word_1_90' title='bbox 1090 1326 1259 1398; x_wconf 86' lang='lat' dir='ltr'><strong>jussis</strong></span> <span class='ocrx_word' id='word_1_91' title='bbox 1288 1328 1684 1399; x_wconf 84' lang='lat' dir='ltr'><strong>episcopalibus</strong></span> <span class='ocrx_word' id='word_1_92' title='bbox 1712 1331 1934 1385; x_wconf 83' lang='lat' dir='ltr'><strong>obedire</strong></span> <span class='ocrx_word' id='word_1_93' title='bbox 1967 1329 2113 1391; x_wconf 82' lang='lat' dir='ltr'><strong>relu-</strong></span> 
     </span>
    </p>
   </div>
   <div class='ocr_carea' id='block_1_14' title="bbox 526 1418 2053 1491">
    <p class='ocr_par' dir='ltr' id='par_1_14' title="bbox 526 1418 2053 1491">
     <span class='ocr_line' id='line_1_14' title="bbox 526 1418 2053 1491; baseline 0.001 -18"><span class='ocrx_word' id='word_1_94' title='bbox 526 1418 687 1491; x_wconf 87' lang='lat' dir='ltr'><strong>gerit,</strong></span> <span class='ocrx_word' id='word_1_95' title='bbox 707 1418 1029 1473; x_wconf 88' lang='lat' dir='ltr'><strong>sententiam</strong></span> <span class='ocrx_word' id='word_1_96' title='bbox 1061 1418 1308 1488; x_wconf 87' lang='lat' dir='ltr'><strong>superius</strong></span> <span class='ocrx_word' id='word_1_97' title='bbox 1333 1418 1561 1474; x_wconf 79' lang='lat' dir='ltr'><strong>diacono</strong></span> <span class='ocrx_word' id='word_1_98' title='bbox 1581 1420 1760 1473; x_wconf 85' lang='lat' dir='ltr'><strong>datam</strong></span> <span class='ocrx_word' id='word_1_99' title='bbox 1795 1419 2053 1476; x_wconf 84' lang='lat' dir='ltr'><strong>incurrat.</strong></span> 
     </span>
    </p>
   </div>
   <div class='ocr_carea' id='block_1_15' title="bbox 596 1506 2115 1579">
    <p class='ocr_par' dir='ltr' id='par_1_15' title="bbox 596 1506 2115 1579">
     <span class='ocr_line' id='line_1_15' title="bbox 596 1506 2115 1579; baseline 0.001 -15"><span class='ocrx_word' id='word_1_100' title='bbox 596 1507 651 1565; x_wconf 86' lang='lat'><strong>6.</strong></span> <span class='ocrx_word' id='word_1_101' title='bbox 683 1506 885 1562; x_wconf 87' lang='lat' dir='ltr'><strong>Deinde</strong></span> <span class='ocrx_word' id='word_1_102' title='bbox 931 1506 1197 1579; x_wconf 89' lang='lat' dir='ltr'><strong>gloriosus</strong></span> <span class='ocrx_word' id='word_1_103' title='bbox 1233 1524 1325 1564; x_wconf 78' lang='lat' dir='ltr'><strong>rex</strong></span> <span class='ocrx_word' id='word_1_104' title='bbox 1372 1508 1623 1565; x_wconf 88' lang='lat' dir='ltr'><strong>dominus</strong></span> <span class='ocrx_word' id='word_1_105' title='bbox 1673 1509 1902 1566; x_wconf 83' lang='lat' dir='ltr'><strong>Karolus</strong></span> <span class='ocrx_word' id='word_1_106' title='bbox 1944 1526 2115 1566; x_wconf 73' lang='lat' dir='ltr'><strong>sacra:</strong></span> 
     </span>
    </p>
   </div>
   <div class='ocr_carea' id='block_1_16' title="bbox 525 1599 2113 1672">
    <p class='ocr_par' dir='ltr' id='par_1_16' title="bbox 525 1599 2113 1672">
     <span class='ocr_line' id='line_1_16' title="bbox 525 1599 2113 1672; baseline 0.001 -18"><span class='ocrx_word' id='word_1_107' title='bbox 525 1601 731 1672; x_wconf 84' lang='lat' dir='ltr'><strong>synodo</strong></span> <span class='ocrx_word' id='word_1_108' title='bbox 753 1600 991 1657; x_wconf 84' lang='lat' dir='ltr'><strong>libellum</strong></span> <span class='ocrx_word' id='word_1_109' title='bbox 1020 1599 1398 1671; x_wconf 86' lang='lat' dir='ltr'><strong>appellationis</strong></span> <span class='ocrx_word' id='word_1_110' title='bbox 1426 1600 1829 1671; x_wconf 86' lang='lat' dir='ltr'><strong>electorumque</strong></span> <span class='ocrx_word' id='word_1_111' title='bbox 1850 1599 2113 1669; x_wconf 83' lang='lat' dir='ltr'><strong>judicium</strong></span> 
     </span>
    </p>
   </div>
   <div class='ocr_carea' id='block_1_17' title="bbox 529 1685 2114 1761">
    <p class='ocr_par' dir='ltr' id='par_1_17' title="bbox 529 1685 2114 1761">
     <span class='ocr_line' id='line_1_17' title="bbox 529 1685 2114 1761; baseline -0.001 -15"><span class='ocrx_word' id='word_1_112' title='bbox 529 1691 674 1747; x_wconf 86' lang='lat' dir='ltr'><strong>inter</strong></span> <span class='ocrx_word' id='word_1_113' title='bbox 713 1685 873 1747; x_wconf 41' lang='lat' dir='ltr'><strong>se‘et</strong></span> <span class='ocrx_word' id='word_1_114' title='bbox 906 1689 1269 1757; x_wconf 83' lang='lat' dir='ltr'><strong>Wenilonem,</strong></span> <span class='ocrx_word' id='word_1_115' title='bbox 1322 1688 1596 1746; x_wconf 87' lang='lat' dir='ltr'><strong>Senonum</strong></span> <span class='ocrx_word' id='word_1_116' title='bbox 1624 1690 2114 1761; x_wconf 82' lang='lat' dir='ltr'><strong>archiepiscopum,</strong></span> 
     </span>
    </p>
   </div>
   <div class='ocr_carea' id='block_1_18' title="bbox 2277 592 3782 668">
    <p class='ocr_par' dir='ltr' id='par_1_18' title="bbox 2277 592 3782 668">
     <span class='ocr_line' id='line_1_18' title="bbox 2277 592 3782 668; baseline -0.006 -12"><span class='ocrx_word' id='word_1_117' title='bbox 2277 601 2364 656; x_wconf 77' lang='grc'><strong>10.</strong></span> <span class='ocrx_word' id='word_1_118' title='bbox 2394 600 2614 657; x_wconf 83' lang='lat' dir='ltr'><strong>Relecta</strong></span> <span class='ocrx_word' id='word_1_119' title='bbox 2661 608 2789 657; x_wconf 90' lang='lat' dir='ltr'><strong>sunt</strong></span> <span class='ocrx_word' id='word_1_120' title='bbox 2822 598 3053 668; x_wconf 88' lang='lat' dir='ltr'><strong>denique</strong></span> <span class='ocrx_word' id='word_1_121' title='bbox 3080 598 3133 655; x_wconf 90' lang='lat' dir='ltr'><strong>in</strong></span> <span class='ocrx_word' id='word_1_122' title='bbox 3181 597 3371 659; x_wconf 83' lang='lat' dir='ltr'><strong>eadem</strong></span> <span class='ocrx_word' id='word_1_123' title='bbox 3404 592 3617 666; x_wconf 86' lang='lat' dir='ltr'><strong>synodo</strong></span> <span class='ocrx_word' id='word_1_124' title='bbox 3645 607 3782 664; x_wconf 70' lang='lat' dir='ltr'><strong>qua:-</strong></span> 
     </span>
    </p>
   </div>
   <div class='ocr_carea' id='block_1_19' title="bbox 2207 683 3782 763">
    <p class='ocr_par' dir='ltr' id='par_1_19' title="bbox 2207 683 3782 763">
     <span class='ocr_line' id='line_1_19' title="bbox 2207 683 3782 763; baseline -0.008 -14"><span class='ocrx_word' id='word_1_125' title='bbox 2207 689 2331 748; x_wconf 81' lang='lat' dir='ltr'><strong>d‘am</strong></span> <span class='ocrx_word' id='word_1_126' title='bbox 2367 692 2639 763; x_wconf 88' lang='lat' dir='ltr'><strong>capitula,</strong></span> <span class='ocrx_word' id='word_1_127' title='bbox 2696 704 2861 761; x_wconf 89' lang='lat' dir='ltr'><strong>super</strong></span> <span class='ocrx_word' id='word_1_128' title='bbox 2922 688 3117 761; x_wconf 85' lang='lat' dir='ltr'><strong>quibus</strong></span> <span class='ocrx_word' id='word_1_129' title='bbox 3166 687 3501 760; x_wconf 84' lang='lat' dir='ltr'><strong>quorundam</strong></span> <span class='ocrx_word' id='word_1_130' title='bbox 3555 683 3782 739; x_wconf 74' lang='lat' dir='ltr'><strong>fratrum</strong></span> 
     </span>
    </p>
   </div>
   <div class='ocr_carea' id='block_1_20' title="bbox 2205 775 3784 850">
    <p class='ocr_par' dir='ltr' id='par_1_20' title="bbox 2205 775 3784 850">
     <span class='ocr_line' id='line_1_20' title="bbox 2205 775 3784 850; baseline -0.006 -12"><span class='ocrx_word' id='word_1_131' title='bbox 2205 796 2400 840; x_wconf 84' lang='lat' dir='ltr'><strong>sensus</strong></span> <span class='ocrx_word' id='word_1_132' title='bbox 2443 780 2735 837; x_wconf 87' lang='lat' dir='ltr'><strong>dissentire</strong></span> <span class='ocrx_word' id='word_1_133' title='bbox 2786 779 3104 850; x_wconf 79' lang='lat' dir='ltr'><strong>probantur.</strong></span> <span class='ocrx_word' id='word_1_134' title='bbox 3145 777 3297 835; x_wconf 89' lang='lat' dir='ltr'><strong>Unde</strong></span> <span class='ocrx_word' id='word_1_135' title='bbox 3344 776 3603 833; x_wconf 79' lang='lat' dir='ltr'><strong>convenit</strong></span> <span class='ocrx_word' id='word_1_136' title='bbox 3652 775 3784 839; x_wconf 78' lang='lat' dir='ltr'><strong>inter</strong></span> 
     </span>
    </p>
   </div>
   <div class='ocr_carea' id='block_1_21' title="bbox 2210 864 3784 943">
    <p class='ocr_par' dir='ltr' id='par_1_21' title="bbox 2210 864 3784 943">
     <span class='ocr_line' id='line_1_21' title="bbox 2210 864 3784 943; baseline -0.004 -16"><span class='ocrx_word' id='word_1_137' title='bbox 2210 872 2498 943; x_wconf 87' lang='lat' dir='ltr'><strong>episcopos</strong></span> <span class='ocrx_word' id='word_1_138' title='bbox 2523 911 2538 936; x_wconf 93' lang='lat'><strong>,</strong></span> <span class='ocrx_word' id='word_1_139' title='bbox 2593 878 2652 924; x_wconf 89' lang='lat' dir='ltr'><strong>ut</strong></span> <span class='ocrx_word' id='word_1_140' title='bbox 2692 870 2802 926; x_wconf 81' lang='lat' dir='ltr'><strong>Deo</strong></span> <span class='ocrx_word' id='word_1_141' title='bbox 2838 868 3072 934; x_wconf 83' lang='lat' dir='ltr'><strong>favente,</strong></span> <span class='ocrx_word' id='word_1_142' title='bbox 3108 881 3240 937; x_wconf 88' lang='lat' dir='ltr'><strong>pace</strong></span> <span class='ocrx_word' id='word_1_143' title='bbox 3277 882 3340 923; x_wconf 88' lang='lat' dir='ltr'><strong>ac</strong></span> <span class='ocrx_word' id='word_1_144' title='bbox 3399 864 3784 936; x_wconf 80' lang='lat' dir='ltr'><strong>tranquillitate</strong></span> 
     </span>
    </p>
   </div>
   <div class='ocr_carea' id='block_1_22' title="bbox 2207 956 3782 1033">
    <p class='ocr_par' dir='ltr' id='par_1_22' title="bbox 2207 956 3782 1033">
     <span class='ocr_line' id='line_1_22' title="bbox 2207 956 3782 1033; baseline -0.005 -15"><span class='ocrx_word' id='word_1_145' title='bbox 2207 970 2550 1033; x_wconf 85' lang='lat' dir='ltr'><strong>recuperata,</strong></span> <span class='ocrx_word' id='word_1_146' title='bbox 2585 959 2746 1015; x_wconf 88' lang='lat' dir='ltr'><strong>simul</strong></span> <span class='ocrx_word' id='word_1_147' title='bbox 2782 958 3123 1022; x_wconf 86' lang='lat' dir='ltr'><strong>conveniant,</strong></span> <span class='ocrx_word' id='word_1_148' title='bbox 3150 967 3204 1014; x_wconf 92' lang='lat' dir='ltr'><strong>et</strong></span> <span class='ocrx_word' id='word_1_149' title='bbox 3225 956 3450 1029; x_wconf 88' lang='lat' dir='ltr'><strong>prolatis</strong></span> <span class='ocrx_word' id='word_1_150' title='bbox 3472 966 3782 1014; x_wconf 84' lang='lat' dir='ltr'><strong>sanctarum</strong></span> 
     </span>
    </p>
   </div>
   <div class='ocr_carea' id='block_1_23' title="bbox 2209 1049 3784 1124">
    <p class='ocr_par' dir='ltr' id='par_1_23' title="bbox 2209 1049 3784 1124">
     <span class='ocr_line' id='line_1_23' title="bbox 2209 1049 3784 1124; baseline -0.006 -14"><span class='ocrx_word' id='word_1_151' title='bbox 2209 1054 2598 1124; x_wconf 87' lang='lat' dir='ltr'><strong>scripturarum</strong></span> <span class='ocrx_word' id='word_1_152' title='bbox 2628 1060 2793 1123; x_wconf 90' lang='lat' dir='ltr'><strong>atque</strong></span> <span class='ocrx_word' id='word_1_153' title='bbox 2838 1049 3232 1105; x_wconf 79' lang='lat' dir='ltr'><strong>catholicorum</strong></span> <span class='ocrx_word' id='word_1_154' title='bbox 3257 1049 3542 1105; x_wconf 88' lang='lat' dir='ltr'><strong>doctorum</strong></span> <span class='ocrx_word' id='word_1_155' title='bbox 3573 1056 3784 1104; x_wconf 83' lang='lat' dir='ltr'><strong>senten-</strong></span> 
     </span>
    </p>
   </div>
   <div class='ocr_carea' id='block_1_24' title="bbox 2212 1140 3782 1218">
    <p class='ocr_par' dir='ltr' id='par_1_24' title="bbox 2212 1140 3782 1218">
     <span class='ocr_line' id='line_1_24' title="bbox 2212 1140 3782 1218; baseline -0.005 -17"><span class='ocrx_word' id='word_1_156' title='bbox 2212 1145 2324 1213; x_wconf 91' lang='lat' dir='ltr'><strong>tiis,</strong></span> <span class='ocrx_word' id='word_1_157' title='bbox 2352 1160 2474 1218; x_wconf 70' lang='lat' dir='ltr'><strong>quae</strong></span> <span class='ocrx_word' id='word_1_158' title='bbox 2501 1143 2719 1201; x_wconf 83' lang='lat' dir='ltr'><strong>saniora</strong></span> <span class='ocrx_word' id='word_1_159' title='bbox 2744 1150 2871 1199; x_wconf 90' lang='lat' dir='ltr'><strong>sunt</strong></span> <span class='ocrx_word' id='word_1_160' title='bbox 2901 1141 3156 1198; x_wconf 86' lang='lat' dir='ltr'><strong>concordi</strong></span> <span class='ocrx_word' id='word_1_161' title='bbox 3182 1140 3541 1198; x_wconf 87' lang='lat' dir='ltr'><strong>unanimitate</strong></span> <span class='ocrx_word' id='word_1_162' title='bbox 3560 1154 3782 1211; x_wconf 67' lang='lat' dir='ltr'><strong>sequam</strong></span> 
     </span>
    </p>
   </div>
   <div class='ocr_carea' id='block_1_25' title="bbox 2212 1245 2319 1293">
    <p class='ocr_par' dir='ltr' id='par_1_25' title="bbox 2212 1245 2319 1293">
     <span class='ocr_line' id='line_1_25' title="bbox 2212 1245 2319 1293; baseline -0.009 0"><span class='ocrx_word' id='word_1_163' title='bbox 2212 1245 2319 1293; x_wconf 87' lang='lat' dir='ltr'><strong>tur.</strong></span> 
     </span>
    </p>
   </div>
   <div class='ocr_carea' id='block_1_26' title="bbox 2284 1324 3784 1399">
    <p class='ocr_par' dir='ltr' id='par_1_26' title="bbox 2284 1324 3784 1399">
     <span class='ocr_line' id='line_1_26' title="bbox 2284 1324 3784 1399; baseline -0.003 -16"><span class='ocrx_word' id='word_1_164' title='bbox 2284 1328 2369 1383; x_wconf 84' lang='lat' dir='ltr'><strong>ll.</strong></span> <span class='ocrx_word' id='word_1_165' title='bbox 2402 1327 2640 1383; x_wconf 84' lang='lat' dir='ltr'><strong>Tandem</strong></span> <span class='ocrx_word' id='word_1_166' title='bbox 2669 1326 2960 1399; x_wconf 82' lang='lat' dir='ltr'><strong>postulavit</strong></span> <span class='ocrx_word' id='word_1_167' title='bbox 2988 1325 3270 1383; x_wconf 80' lang='lat' dir='ltr'><strong>humiliter</strong></span> <span class='ocrx_word' id='word_1_168' title='bbox 3297 1324 3539 1397; x_wconf 80' lang='lat' dir='ltr'><strong>synodus</strong></span> <span class='ocrx_word' id='word_1_169' title='bbox 3562 1338 3784 1397; x_wconf 80' lang='lat' dir='ltr'><strong>genera—</strong></span> 
     </span>
    </p>
   </div>
   <div class='ocr_carea' id='block_1_27' title="bbox 2211 1412 3782 1490">
    <p class='ocr_par' dir='ltr' id='par_1_27' title="bbox 2211 1412 3782 1490">
     <span class='ocr_line' id='line_1_27' title="bbox 2211 1412 3782 1490; baseline -0.003 -18"><span class='ocrx_word' id='word_1_170' title='bbox 2211 1418 2301 1485; x_wconf 88' lang='lat' dir='ltr'><strong>lis,</strong></span> <span class='ocrx_word' id='word_1_171' title='bbox 2347 1434 2406 1474; x_wconf 89' lang='lat' dir='ltr'><strong>se</strong></span> <span class='ocrx_word' id='word_1_172' title='bbox 2434 1420 2500 1474; x_wconf 91' lang='lat' dir='ltr'><strong>ad</strong></span> <span class='ocrx_word' id='word_1_173' title='bbox 2543 1430 2741 1474; x_wconf 85' lang='lat' dir='ltr'><strong>terram</strong></span> <span class='ocrx_word' id='word_1_174' title='bbox 2780 1433 2948 1490; x_wconf 90' lang='lat' dir='ltr'><strong>usque</strong></span> <span class='ocrx_word' id='word_1_175' title='bbox 2983 1425 3331 1487; x_wconf 87' lang='lat' dir='ltr'><strong>prosternens</strong></span> <span class='ocrx_word' id='word_1_176' title='bbox 3359 1426 3488 1471; x_wconf 85' lang='lat' dir='ltr'><strong>ante</strong></span> <span class='ocrx_word' id='word_1_177' title='bbox 3533 1412 3782 1470; x_wconf 78' lang='lat' dir='ltr'><strong>Karolum</strong></span> 
     </span>
    </p>
   </div>
   <div class='ocr_carea' id='block_1_28' title="bbox 2214 1506 3780 1581">
    <p class='ocr_par' dir='ltr' id='par_1_28' title="bbox 2214 1506 3780 1581">
     <span class='ocr_line' id='line_1_28' title="bbox 2214 1506 3780 1581; baseline -0.003 -16"><span class='ocrx_word' id='word_1_178' title='bbox 2214 1526 2395 1581; x_wconf 81' lang='lat' dir='ltr'><strong>regem</strong></span> <span class='ocrx_word' id='word_1_179' title='bbox 2447 1519 2501 1565; x_wconf 84' lang='lat' dir='ltr'><strong>et</strong></span> <span class='ocrx_word' id='word_1_180' title='bbox 2555 1508 2842 1567; x_wconf 79' lang='lat' dir='ltr'><strong>Rodull&#39;um</strong></span> <span class='ocrx_word' id='word_1_181' title='bbox 2906 1508 3209 1579; x_wconf 79' lang='lat' dir='ltr'><strong>Biturigum</strong></span> <span class='ocrx_word' id='word_1_182' title='bbox 3282 1506 3780 1578; x_wconf 85' lang='lat' dir='ltr'><strong>archiepiscopum,</strong></span> 
     </span>
    </p>
   </div>
   <div class='ocr_carea' id='block_1_29' title="bbox 2215 1595 3782 1670">
    <p class='ocr_par' dir='ltr' id='par_1_29' title="bbox 2215 1595 3782 1670">
     <span class='ocr_line' id='line_1_29' title="bbox 2215 1595 3782 1670; baseline -0.006 -15"><span class='ocrx_word' id='word_1_183' title='bbox 2215 1598 2512 1655; x_wconf 85' lang='lat' dir='ltr'><strong>obsecrans</strong></span> <span class='ocrx_word' id='word_1_184' title='bbox 2537 1608 2592 1654; x_wconf 91' lang='lat' dir='ltr'><strong>et</strong></span> <span class='ocrx_word' id='word_1_185' title='bbox 2616 1597 2871 1666; x_wconf 86' lang='lat' dir='ltr'><strong>adjurans</strong></span> <span class='ocrx_word' id='word_1_186' title='bbox 2895 1612 2992 1670; x_wconf 91' lang='lat' dir='ltr'><strong>per</strong></span> <span class='ocrx_word' id='word_1_187' title='bbox 3014 1611 3232 1652; x_wconf 88' lang='lat' dir='ltr'><strong>crucem</strong></span> <span class='ocrx_word' id='word_1_188' title='bbox 3256 1605 3311 1652; x_wconf 91' lang='lat' dir='ltr'><strong>et</strong></span> <span class='ocrx_word' id='word_1_189' title='bbox 3337 1595 3542 1652; x_wconf 88' lang='lat' dir='ltr'><strong>Christi</strong></span> <span class='ocrx_word' id='word_1_190' title='bbox 3570 1596 3782 1665; x_wconf 79' lang='lat' dir='ltr'><strong>sangui-</strong></span> 
     </span>
    </p>
   </div>
   <div class='ocr_carea' id='block_1_30' title="bbox 2218 1685 3778 1760">
    <p class='ocr_par' dir='ltr' id='par_1_30' title="bbox 2218 1685 3778 1760">
     <span class='ocr_line' id='line_1_30' title="bbox 2218 1685 3778 1760; baseline -0.003 -18"><span class='ocrx_word' id='word_1_191' title='bbox 2218 1702 2361 1753; x_wconf 90' lang='lat' dir='ltr'><strong>nem,</strong></span> <span class='ocrx_word' id='word_1_192' title='bbox 2409 1696 2467 1743; x_wconf 89' lang='lat' dir='ltr'><strong>ut</strong></span> <span class='ocrx_word' id='word_1_193' title='bbox 2512 1687 2850 1760; x_wconf 74' lang='lat' dir='ltr'><strong>privilegium</strong></span> <span class='ocrx_word' id='word_1_194' title='bbox 2905 1687 3223 1743; x_wconf 87' lang='lat' dir='ltr'><strong>monasterii</strong></span> <span class='ocrx_word' id='word_1_195' title='bbox 3262 1687 3441 1742; x_wconf 87' lang='lat' dir='ltr'><strong>sancti</strong></span> <span class='ocrx_word' id='word_1_196' title='bbox 3492 1685 3778 1751; x_wconf 86' lang='lat' dir='ltr'><strong>Benedicti,</strong></span> 
     </span>
    </p>
   </div>
   <div class='ocr_carea' id='block_1_31' title="bbox 529 1776 3776 1855">
    <p class='ocr_par' dir='ltr' id='par_1_31' title="bbox 529 1776 3776 1855">
     <span class='ocr_line' id='line_1_31' title="bbox 529 1776 3776 1855; baseline -0.002 -20"><span class='ocrx_word' id='word_1_197' title='bbox 529 1783 623 1855; x_wconf 83' lang='lat' dir='ltr'><strong>qui</strong></span> <span class='ocrx_word' id='word_1_198' title='bbox 649 1783 717 1838; x_wconf 91' lang='lat' dir='ltr'><strong>ab</strong></span> <span class='ocrx_word' id='word_1_199' title='bbox 738 1798 805 1837; x_wconf 90' lang='lat' dir='ltr'><strong>eo</strong></span> <span class='ocrx_word' id='word_1_200' title='bbox 829 1779 1119 1848; x_wconf 80' lang='lat' dir='ltr'><strong>defecerat,</strong></span> <span class='ocrx_word' id='word_1_201' title='bbox 1142 1789 1198 1837; x_wconf 91' lang='lat' dir='ltr'><strong>et</strong></span> <span class='ocrx_word' id='word_1_202' title='bbox 1231 1781 1669 1852; x_wconf 86' lang='lat' dir='ltr'><strong>proclamationis</strong></span> <span class='ocrx_word' id='word_1_203' title='bbox 1710 1780 1945 1851; x_wconf 89' lang='lat' dir='ltr'><strong>diploma</strong></span> <span class='ocrx_word' id='word_1_204' title='bbox 1993 1797 2121 1851; x_wconf 91' lang='lat' dir='ltr'><strong>por-</strong></span> <span class='ocrx_word' id='word_1_205' title='bbox 2218 1780 2361 1849; x_wconf 90' lang='lat' dir='ltr'><strong>quod</strong></span> <span class='ocrx_word' id='word_1_206' title='bbox 2409 1786 2681 1835; x_wconf 90' lang='lat' dir='ltr'><strong>annuente</strong></span> <span class='ocrx_word' id='word_1_207' title='bbox 2711 1793 2837 1850; x_wconf 80' lang='lat' dir='ltr'><strong>rege</strong></span> <span class='ocrx_word' id='word_1_208' title='bbox 2876 1778 3103 1850; x_wconf 65' lang='lat' dir='ltr'><strong>praefato</strong></span> <span class='ocrx_word' id='word_1_209' title='bbox 3142 1778 3514 1842; x_wconf 81' lang='lat' dir='ltr'><strong>ﬁrmaverant,</strong></span> <span class='ocrx_word' id='word_1_210' title='bbox 3535 1776 3776 1848; x_wconf 84' lang='lat' dir='ltr'><strong>quodque</strong></span> 
     </span>
    </p>
   </div>
   <div class='ocr_carea' id='block_1_32' title="bbox 530 1869 3781 1943">
    <p class='ocr_par' dir='ltr' id='par_1_32' title="bbox 530 1869 3781 1943">
     <span class='ocr_line' id='line_1_32' title="bbox 530 1869 3781 1943; baseline -0.004 -8"><span class='ocrx_word' id='word_1_211' title='bbox 530 1876 692 1935; x_wconf 73' lang='lat' dir='ltr'><strong>rexit.</strong></span> <span class='ocrx_word' id='word_1_212' title='bbox 734 1874 888 1933; x_wconf 88' lang='lat' dir='ltr'><strong>Unde</strong></span> <span class='ocrx_word' id='word_1_213' title='bbox 911 1876 1207 1931; x_wconf 90' lang='lat' dir='ltr'><strong>secundum</strong></span> <span class='ocrx_word' id='word_1_214' title='bbox 1238 1890 1449 1931; x_wconf 89' lang='lat' dir='ltr'><strong>sacram</strong></span> <span class='ocrx_word' id='word_1_215' title='bbox 1490 1875 1865 1931; x_wconf 87' lang='lat' dir='ltr'><strong>auctoritatem</strong></span> <span class='ocrx_word' id='word_1_216' title='bbox 1887 1914 1903 1940; x_wconf 94' lang='lat'><strong>,</strong></span> <span class='ocrx_word' id='word_1_217' title='bbox 1950 1883 2005 1930; x_wconf 91' lang='lat' dir='ltr'><strong>et</strong></span> <span class='ocrx_word' id='word_1_218' title='bbox 2031 1874 2116 1929; x_wconf 92' lang='lat' dir='ltr'><strong>in-</strong></span> <span class='ocrx_word' id='word_1_219' title='bbox 2142 1886 2189 1943; x_wconf 76' lang='grc' dir='ltr'><strong>Β</strong></span> <span class='ocrx_word' id='word_1_220' title='bbox 2218 1870 2358 1925; x_wconf 89' lang='lat' dir='ltr'><strong>idem</strong></span> <span class='ocrx_word' id='word_1_221' title='bbox 2381 1869 2645 1926; x_wconf 80' lang='lat' dir='ltr'><strong>Rodull&#39;us</strong></span> <span class='ocrx_word' id='word_1_222' title='bbox 2675 1870 3072 1942; x_wconf 88' lang='lat' dir='ltr'><strong>subscripserat</strong></span> <span class='ocrx_word' id='word_1_223' title='bbox 3094 1870 3187 1941; x_wconf 90' lang='lat' dir='ltr'><strong>qui</strong></span> <span class='ocrx_word' id='word_1_224' title='bbox 3212 1869 3493 1940; x_wconf 66' lang='lat' dir='ltr'><strong>praefatam</strong></span> <span class='ocrx_word' id='word_1_225' title='bbox 3524 1869 3781 1925; x_wconf 86' lang='lat' dir='ltr'><strong>abbatiam</strong></span> 
     </span>
    </p>
   </div>
   <div class='ocr_carea' id='block_1_33' title="bbox 532 1966 2113 2034">
    <p class='ocr_par' dir='ltr' id='par_1_33' title="bbox 532 1966 2113 2034">
     <span class='ocr_line' id='line_1_33' title="bbox 532 1966 2113 2034; baseline -0.004 -8"><span class='ocrx_word' id='word_1_226' title='bbox 532 1968 703 2026; x_wconf 65' lang='lat' dir='ltr'><strong>duciaa</strong></span> <span class='ocrx_word' id='word_1_227' title='bbox 722 1983 787 2023; x_wconf 89' lang='lat' dir='ltr'><strong>ac</strong></span> <span class='ocrx_word' id='word_1_228' title='bbox 807 1967 1015 2023; x_wconf 88' lang='lat' dir='ltr'><strong>dierum</strong></span> <span class='ocrx_word' id='word_1_229' title='bbox 1038 1966 1226 2023; x_wconf 86' lang='lat' dir='ltr'><strong>dilatio</strong></span> <span class='ocrx_word' id='word_1_230' title='bbox 1255 1975 1337 2022; x_wconf 89' lang='lat' dir='ltr'><strong>est</strong></span> <span class='ocrx_word' id='word_1_231' title='bbox 1374 1980 1654 2034; x_wconf 89' lang='lat' dir='ltr'><strong>concessa,</strong></span> <span class='ocrx_word' id='word_1_232' title='bbox 1696 1974 1752 2022; x_wconf 92' lang='lat' dir='ltr'><strong>et</strong></span> <span class='ocrx_word' id='word_1_233' title='bbox 1776 1974 1922 2021; x_wconf 89' lang='lat' dir='ltr'><strong>certa</strong></span> <span class='ocrx_word' id='word_1_234' title='bbox 1949 1980 2113 2020; x_wconf 90' lang='lat' dir='ltr'><strong>accu-</strong></span> 
     </span>
    </p>
   </div>
   <div class='ocr_carea' id='block_1_34' title="bbox 528 2055 2116 2129">
    <p class='ocr_par' dir='ltr' id='par_1_34' title="bbox 528 2055 2116 2129">
     <span class='ocr_line' id='line_1_34' title="bbox 528 2055 2116 2129; baseline -0.003 -16"><span class='ocrx_word' id='word_1_235' title='bbox 528 2058 667 2114; x_wconf 88' lang='lat' dir='ltr'><strong>satio</strong></span> <span class='ocrx_word' id='word_1_236' title='bbox 702 2073 798 2128; x_wconf 88' lang='lat' dir='ltr'><strong>per</strong></span> <span class='ocrx_word' id='word_1_237' title='bbox 822 2058 1102 2128; x_wconf 87' lang='lat' dir='ltr'><strong>episcopos</strong></span> <span class='ocrx_word' id='word_1_238' title='bbox 1130 2066 1185 2113; x_wconf 86' lang='lat' dir='ltr'><strong>et</strong></span> <span class='ocrx_word' id='word_1_239' title='bbox 1214 2057 1502 2129; x_wconf 85' lang='lat' dir='ltr'><strong>synodicas</strong></span> <span class='ocrx_word' id='word_1_240' title='bbox 1530 2056 1739 2112; x_wconf 89' lang='lat' dir='ltr'><strong>litteras</strong></span> <span class='ocrx_word' id='word_1_241' title='bbox 1770 2055 1997 2128; x_wconf 69' lang='lat' dir='ltr'><strong>praelato</strong></span> <span class='ocrx_word' id='word_1_242' title='bbox 2024 2071 2116 2110; x_wconf 87' lang='lat' dir='ltr'><strong>ar-</strong></span> 
     </span>
    </p>
   </div>
   <div class='ocr_carea' id='block_1_35' title="bbox 531 2143 2114 2218">
    <p class='ocr_par' dir='ltr' id='par_1_35' title="bbox 531 2143 2114 2218">
     <span class='ocr_line' id='line_1_35' title="bbox 531 2143 2114 2218; baseline -0.001 -17"><span class='ocrx_word' id='word_1_243' title='bbox 531 2148 874 2218; x_wconf 86' lang='lat' dir='ltr'><strong>chiepiscopo</strong></span> <span class='ocrx_word' id='word_1_244' title='bbox 914 2155 998 2202; x_wconf 91' lang='lat' dir='ltr'><strong>est</strong></span> <span class='ocrx_word' id='word_1_245' title='bbox 1033 2146 1282 2202; x_wconf 89' lang='lat' dir='ltr'><strong>intimata</strong></span> <span class='ocrx_word' id='word_1_246' title='bbox 1311 2154 1472 2218; x_wconf 89' lang='lat' dir='ltr'><strong>atque</strong></span> <span class='ocrx_word' id='word_1_247' title='bbox 1514 2160 1773 2203; x_wconf 87' lang='lat' dir='ltr'><strong>concessa</strong></span> <span class='ocrx_word' id='word_1_248' title='bbox 1818 2143 2114 2201; x_wconf 88' lang='lat' dir='ltr'><strong>secundum</strong></span> 
     </span>
    </p>
   </div>
   <div class='ocr_carea' id='block_1_36' title="bbox 531 2236 1443 2310">
    <p class='ocr_par' dir='ltr' id='par_1_36' title="bbox 531 2236 1443 2310">
     <span class='ocr_line' id='line_1_36' title="bbox 531 2236 1443 2310; baseline 0 -19"><span class='ocrx_word' id='word_1_249' title='bbox 531 2236 744 2310; x_wconf 87' lang='lat' dir='ltr'><strong>regulas</strong></span> <span class='ocrx_word' id='word_1_250' title='bbox 778 2236 1034 2292; x_wconf 89' lang='lat' dir='ltr'><strong>divinitus</strong></span> <span class='ocrx_word' id='word_1_251' title='bbox 1057 2236 1443 2309; x_wconf 82' lang='lat' dir='ltr'><strong>promulgatas.</strong></span> 
     </span>
    </p>
   </div>
   <div class='ocr_carea' id='block_1_37' title="bbox 601 2326 2117 2399">
    <p class='ocr_par' dir='ltr' id='par_1_37' title="bbox 601 2326 2117 2399">
     <span class='ocr_line' id='line_1_37' title="bbox 601 2326 2117 2399; baseline 0.002 -17"><span class='ocrx_word' id='word_1_252' title='bbox 601 2329 655 2382; x_wconf 88' lang='grc'><strong>7.</strong></span> <span class='ocrx_word' id='word_1_253' title='bbox 685 2326 831 2384; x_wconf 78' lang='lat' dir='ltr'><strong>Mota</strong></span> <span class='ocrx_word' id='word_1_254' title='bbox 872 2337 955 2383; x_wconf 88' lang='lat' dir='ltr'><strong>est</strong></span> <span class='ocrx_word' id='word_1_255' title='bbox 975 2329 1140 2384; x_wconf 88' lang='lat' dir='ltr'><strong>etiam</strong></span> <span class='ocrx_word' id='word_1_256' title='bbox 1164 2329 1391 2399; x_wconf 64' lang='lat' dir='ltr'><strong>quaestio</strong></span> <span class='ocrx_word' id='word_1_257' title='bbox 1430 2330 1498 2385; x_wconf 92' lang='lat' dir='ltr'><strong>de</strong></span> <span class='ocrx_word' id='word_1_258' title='bbox 1540 2330 1760 2394; x_wconf 75' lang='lat' dir='ltr'><strong>Attene,</strong></span> <span class='ocrx_word' id='word_1_259' title='bbox 1811 2330 2117 2386; x_wconf 80' lang='lat' dir='ltr'><strong>Virdunen-</strong></span> 
     </span>
    </p>
   </div>
   <div class='ocr_carea' id='block_1_38' title="bbox 532 2419 2117 2492">
    <p class='ocr_par' dir='ltr' id='par_1_38' title="bbox 532 2419 2117 2492">
     <span class='ocr_line' id='line_1_38' title="bbox 532 2419 2117 2492; baseline 0.001 -17"><span class='ocrx_word' id='word_1_260' title='bbox 532 2421 670 2475; x_wconf 88' lang='lat' dir='ltr'><strong>sium</strong></span> <span class='ocrx_word' id='word_1_261' title='bbox 700 2420 973 2492; x_wconf 86' lang='lat' dir='ltr'><strong>episcopo,</strong></span> <span class='ocrx_word' id='word_1_262' title='bbox 1006 2420 1149 2489; x_wconf 85' lang='lat' dir='ltr'><strong>quod</strong></span> <span class='ocrx_word' id='word_1_263' title='bbox 1173 2419 1445 2477; x_wconf 90' lang='lat' dir='ltr'><strong>oblatione</strong></span> <span class='ocrx_word' id='word_1_264' title='bbox 1480 2421 1737 2492; x_wconf 82' lang='lat' dir='ltr'><strong>regulari,</strong></span> <span class='ocrx_word' id='word_1_265' title='bbox 1762 2423 1903 2479; x_wconf 85' lang='lat' dir='ltr'><strong>unde</strong></span> <span class='ocrx_word' id='word_1_266' title='bbox 1928 2421 2117 2492; x_wconf 90' lang='lat' dir='ltr'><strong>petitio</strong></span> 
     </span>
    </p>
   </div>
   <div class='ocr_carea' id='block_1_39' title="bbox 530 2509 2117 2584">
    <p class='ocr_par' dir='ltr' id='par_1_39' title="bbox 530 2509 2117 2584">
     <span class='ocr_line' id='line_1_39' title="bbox 530 2509 2117 2584; baseline -0.002 -18"><span class='ocrx_word' id='word_1_267' title='bbox 530 2509 729 2566; x_wconf 87' lang='lat' dir='ltr'><strong>ibidem</strong></span> <span class='ocrx_word' id='word_1_268' title='bbox 768 2520 854 2566; x_wconf 87' lang='lat' dir='ltr'><strong>est</strong></span> <span class='ocrx_word' id='word_1_269' title='bbox 894 2518 1236 2584; x_wconf 66' lang='lat' dir='ltr'><strong>prtesentata,</strong></span> <span class='ocrx_word' id='word_1_270' title='bbox 1287 2511 1341 2566; x_wconf 93' lang='lat' dir='ltr'><strong>in</strong></span> <span class='ocrx_word' id='word_1_271' title='bbox 1388 2511 1716 2567; x_wconf 87' lang='lat' dir='ltr'><strong>monasterio</strong></span> <span class='ocrx_word' id='word_1_272' title='bbox 1760 2511 1935 2566; x_wconf 89' lang='lat' dir='ltr'><strong>sancti</strong></span> <span class='ocrx_word' id='word_1_273' title='bbox 1983 2509 2117 2566; x_wconf 85' lang='lat' dir='ltr'><strong>Cer-</strong></span> 
     </span>
    </p>
   </div>
   <div class='ocr_carea' id='block_1_40' title="bbox 425 2600 2120 2672">
    <p class='ocr_par' dir='ltr' id='par_1_40' title="bbox 425 2600 2120 2672">
     <span class='ocr_line' id='line_1_40' title="bbox 425 2600 2120 2672; baseline 0.004 -21"><span class='ocrx_word' id='word_1_274' title='bbox 425 2643 435 2651; x_wconf 84' lang='lat'><strong>.</strong></span> <span class='ocrx_word' id='word_1_275' title='bbox 532 2602 678 2657; x_wconf 88' lang='lat' dir='ltr'><strong>mani</strong></span> <span class='ocrx_word' id='word_1_276' title='bbox 707 2601 1258 2656; x_wconf 82' lang='lat' dir='ltr'><strong>Antissiodoreusium</strong></span> <span class='ocrx_word' id='word_1_277' title='bbox 1286 2601 1549 2665; x_wconf 82' lang='lat' dir='ltr'><strong>extiterit,</strong></span> <span class='ocrx_word' id='word_1_278' title='bbox 1600 2610 1656 2655; x_wconf 91' lang='lat' dir='ltr'><strong>et</strong></span> <span class='ocrx_word' id='word_1_279' title='bbox 1682 2609 1873 2656; x_wconf 90' lang='lat' dir='ltr'><strong>contra</strong></span> <span class='ocrx_word' id='word_1_280' title='bbox 1906 2600 2120 2672; x_wconf 84' lang='lat' dir='ltr'><strong>regulas</strong></span> 
     </span>
    </p>
   </div>
   <div class='ocr_carea' id='block_1_41' title="bbox 531 2689 2116 2760">
    <p class='ocr_par' dir='ltr' id='par_1_41' title="bbox 531 2689 2116 2760">
     <span class='ocr_line' id='line_1_41' title="bbox 531 2689 2116 2760; baseline -0.001 -14"><span class='ocrx_word' id='word_1_281' title='bbox 531 2690 930 2749; x_wconf 88' lang='lat' dir='ltr'><strong>ecclesiasticas</strong></span> <span class='ocrx_word' id='word_1_282' title='bbox 969 2689 1093 2745; x_wconf 88' lang='lat' dir='ltr'><strong>inde</strong></span> <span class='ocrx_word' id='word_1_283' title='bbox 1140 2690 1440 2758; x_wconf 84' lang='lat' dir='ltr'><strong>discedens,</strong></span> <span class='ocrx_word' id='word_1_284' title='bbox 1486 2690 1665 2745; x_wconf 90' lang='lat' dir='ltr'><strong>minus</strong></span> <span class='ocrx_word' id='word_1_285' title='bbox 1693 2690 1908 2759; x_wconf 78' lang='lat' dir='ltr'><strong>proviso</strong></span> <span class='ocrx_word' id='word_1_286' title='bbox 1952 2706 2116 2760; x_wconf 87' lang='lat' dir='ltr'><strong>quam</strong></span> 
     </span>
    </p>
   </div>
   <div class='ocr_carea' id='block_1_42' title="bbox 512 2778 2118 2850">
    <p class='ocr_par' dir='ltr' id='par_1_42' title="bbox 512 2778 2118 2850">
     <span class='ocr_line' id='line_1_42' title="bbox 512 2778 2118 2850; baseline -0.001 -14"><span class='ocrx_word' id='word_1_287' title='bbox 512 2778 689 2837; x_wconf 51' lang='lat' dir='ltr'><strong>&quot;sacra</strong></span> <span class='ocrx_word' id='word_1_288' title='bbox 738 2781 1035 2835; x_wconf 88' lang='lat' dir='ltr'><strong>auctoritas</strong></span> <span class='ocrx_word' id='word_1_289' title='bbox 1078 2781 1290 2846; x_wconf 89' lang='lat' dir='ltr'><strong>doceat,</strong></span> <span class='ocrx_word' id='word_1_290' title='bbox 1341 2779 1408 2835; x_wconf 91' lang='lat' dir='ltr'><strong>ad</strong></span> <span class='ocrx_word' id='word_1_291' title='bbox 1462 2781 1708 2835; x_wconf 82' lang='lat' dir='ltr'><strong>ordinem</strong></span> <span class='ocrx_word' id='word_1_292' title='bbox 1757 2779 2118 2850; x_wconf 85' lang='lat' dir='ltr'><strong>episcopalem</strong></span> 
     </span>
    </p>
   </div>
   <div class='ocr_carea' id='block_1_43' title="bbox 533 2869 2121 2944">
    <p class='ocr_par' dir='ltr' id='par_1_43' title="bbox 533 2869 2121 2944">
     <span class='ocr_line' id='line_1_43' title="bbox 533 2869 2121 2944; baseline -0.001 -19"><span class='ocrx_word' id='word_1_293' title='bbox 533 2873 864 2944; x_wconf 84' lang='lat' dir='ltr'><strong>pervenerit.</strong></span> <span class='ocrx_word' id='word_1_294' title='bbox 921 2871 1077 2929; x_wconf 86' lang='lat' dir='ltr'><strong>Unde</strong></span> <span class='ocrx_word' id='word_1_295' title='bbox 1132 2870 1298 2928; x_wconf 91' lang='lat' dir='ltr'><strong>etiam</strong></span> <span class='ocrx_word' id='word_1_296' title='bbox 1352 2870 1630 2925; x_wconf 89' lang='lat' dir='ltr'><strong>dellnitum</strong></span> <span class='ocrx_word' id='word_1_297' title='bbox 1687 2878 1790 2936; x_wconf 86' lang='lat' dir='ltr'><strong>est,</strong></span> <span class='ocrx_word' id='word_1_298' title='bbox 1842 2869 1958 2924; x_wconf 89' lang='lat' dir='ltr'><strong>dari</strong></span> <span class='ocrx_word' id='word_1_299' title='bbox 2014 2869 2121 2925; x_wconf 86' lang='lat' dir='ltr'><strong>sibi</strong></span> 
     </span>
    </p>
   </div>
   <div class='ocr_carea' id='block_1_44' title="bbox 508 2958 2117 3032">
    <p class='ocr_par' dir='ltr' id='par_1_44' title="bbox 508 2958 2117 3032">
     <span class='ocr_line' id='line_1_44' title="bbox 508 2958 2117 3032; baseline 0.001 -16"><span class='ocrx_word' id='word_1_300' title='bbox 508 2958 896 3018; x_wconf 74' lang='lat' dir='ltr'><strong>&#39;commeatum</strong></span> <span class='ocrx_word' id='word_1_301' title='bbox 931 2961 1182 3017; x_wconf 89' lang='lat' dir='ltr'><strong>veniendi</strong></span> <span class='ocrx_word' id='word_1_302' title='bbox 1213 2961 1282 3016; x_wconf 88' lang='lat' dir='ltr'><strong>ad</strong></span> <span class='ocrx_word' id='word_1_303' title='bbox 1328 2961 1489 3016; x_wconf 89' lang='lat' dir='ltr'><strong>aliam</strong></span> <span class='ocrx_word' id='word_1_304' title='bbox 1517 2961 1804 3032; x_wconf 83' lang='lat' dir='ltr'><strong>synodum,</strong></span> <span class='ocrx_word' id='word_1_305' title='bbox 1840 2960 1982 3016; x_wconf 88' lang='lat' dir='ltr'><strong>sicut</strong></span> <span class='ocrx_word' id='word_1_306' title='bbox 2029 2976 2117 3017; x_wconf 84' lang='lat' dir='ltr'><strong>sa-</strong></span> 
     </span>
    </p>
   </div>
   <div class='ocr_carea' id='block_1_45' title="bbox 536 3053 1161 3109">
    <p class='ocr_par' dir='ltr' id='par_1_45' title="bbox 536 3053 1161 3109">
     <span class='ocr_line' id='line_1_45' title="bbox 536 3053 1161 3109; baseline -0.002 -1"><span class='ocrx_word' id='word_1_307' title='bbox 536 3068 626 3108; x_wconf 89' lang='lat' dir='ltr'><strong>cra</strong></span> <span class='ocrx_word' id='word_1_308' title='bbox 650 3053 828 3109; x_wconf 85' lang='lat' dir='ltr'><strong>sancit</strong></span> <span class='ocrx_word' id='word_1_309' title='bbox 849 3053 1161 3108; x_wconf 87' lang='lat' dir='ltr'><strong>auctoritas.</strong></span> 
     </span>
    </p>
   </div>
   <div class='ocr_carea' id='block_1_46' title="bbox 610 3142 2119 3213">
    <p class='ocr_par' dir='ltr' id='par_1_46' title="bbox 610 3142 2119 3213">
     <span class='ocr_line' id='line_1_46' title="bbox 610 3142 2119 3213; baseline -0.002 -15"><span class='ocrx_word' id='word_1_310' title='bbox 610 3144 663 3198; x_wconf 90' lang='lat'><strong>8.</strong></span> <span class='ocrx_word' id='word_1_311' title='bbox 688 3143 769 3197; x_wconf 81' lang='lat' dir='ltr'><strong>Ad</strong></span> <span class='ocrx_word' id='word_1_312' title='bbox 796 3144 1075 3213; x_wconf 84' lang='lat' dir='ltr'><strong>episcopos</strong></span> <span class='ocrx_word' id='word_1_313' title='bbox 1096 3143 1359 3213; x_wconf 86' lang='lat' dir='ltr'><strong>siquidem</strong></span> <span class='ocrx_word' id='word_1_314' title='bbox 1394 3143 1696 3198; x_wconf 87' lang='lat' dir='ltr'><strong>Brittonum</strong></span> <span class='ocrx_word' id='word_1_315' title='bbox 1728 3142 1818 3213; x_wconf 92' lang='lat' dir='ltr'><strong>qui</strong></span> <span class='ocrx_word' id='word_1_316' title='bbox 1848 3157 1907 3196; x_wconf 90' lang='lat' dir='ltr'><strong>se</strong></span> <span class='ocrx_word' id='word_1_317' title='bbox 1933 3149 2119 3197; x_wconf 89' lang='lat' dir='ltr'><strong>contra</strong></span> 
     </span>
    </p>
   </div>
   <div class='ocr_carea' id='block_1_47' title="bbox 2220 1959 3786 2033">
    <p class='ocr_par' dir='ltr' id='par_1_47' title="bbox 2220 1959 3786 2033">
     <span class='ocr_line' id='line_1_47' title="bbox 2220 1959 3786 2033; baseline -0.003 -16"><span class='ocrx_word' id='word_1_318' title='bbox 2220 1962 2609 2033; x_wconf 85' lang='lat' dir='ltr'><strong>inregulariler</strong></span> <span class='ocrx_word' id='word_1_319' title='bbox 2659 1962 2896 2029; x_wconf 86' lang='lat' dir='ltr'><strong>tenebat,</strong></span> <span class='ocrx_word' id='word_1_320' title='bbox 2928 1970 3105 2017; x_wconf 88' lang='lat' dir='ltr'><strong>ratum</strong></span> <span class='ocrx_word' id='word_1_321' title='bbox 3158 1970 3213 2017; x_wconf 88' lang='lat' dir='ltr'><strong>et</strong></span> <span class='ocrx_word' id='word_1_322' title='bbox 3259 1959 3637 2016; x_wconf 87' lang='lat' dir='ltr'><strong>inconvulsum</strong></span> <span class='ocrx_word' id='word_1_323' title='bbox 3686 1975 3786 2014; x_wconf 83' lang='lat' dir='ltr'><strong>ser—</strong></span> 
     </span>
    </p>
   </div>
   <div class='ocr_carea' id='block_1_48' title="bbox 2213 2050 3783 2124">
    <p class='ocr_par' dir='ltr' id='par_1_48' title="bbox 2213 2050 3783 2124">
     <span class='ocr_line' id='line_1_48' title="bbox 2213 2050 3783 2124; baseline -0.001 -16"><span class='ocrx_word' id='word_1_324' title='bbox 2213 2067 2345 2108; x_wconf 89' lang='lat' dir='ltr'><strong>vare</strong></span> <span class='ocrx_word' id='word_1_325' title='bbox 2373 2052 2673 2108; x_wconf 88' lang='lat' dir='ltr'><strong>studerent.</strong></span> <span class='ocrx_word' id='word_1_326' title='bbox 2697 2051 2851 2120; x_wconf 86' lang='lat' dir='ltr'><strong>Quod</strong></span> <span class='ocrx_word' id='word_1_327' title='bbox 2879 2052 2927 2108; x_wconf 90' lang='lat' dir='ltr'><strong>si</strong></span> <span class='ocrx_word' id='word_1_328' title='bbox 2953 2050 3026 2085; x_wconf 86' lang='grc' dir='ltr'><strong>⁷⁹τ</strong></span> <span class='ocrx_word' id='word_1_329' title='bbox 3055 2052 3223 2107; x_wconf 87' lang='lat' dir='ltr'><strong>abbas</strong></span> <span class='ocrx_word' id='word_1_330' title='bbox 3250 2052 3532 2124; x_wconf 71' lang='lat' dir='ltr'><strong>negligens</strong></span> <span class='ocrx_word' id='word_1_331' title='bbox 3556 2061 3613 2107; x_wconf 90' lang='lat' dir='ltr'><strong>et</strong></span> <span class='ocrx_word' id='word_1_332' title='bbox 3630 2051 3783 2108; x_wconf 84' lang='lat' dir='ltr'><strong>sacris</strong></span> 
     </span>
    </p>
   </div>
   <div class='ocr_carea' id='block_1_49' title="bbox 2216 2142 3782 2216">
    <p class='ocr_par' dir='ltr' id='par_1_49' title="bbox 2216 2142 3782 2216">
     <span class='ocr_line' id='line_1_49' title="bbox 2216 2142 3782 2216; baseline -0.003 -15"><span class='ocrx_word' id='word_1_333' title='bbox 2216 2144 2417 2216; x_wconf 82' lang='lat' dir='ltr'><strong>regulis</strong></span> <span class='ocrx_word' id='word_1_334' title='bbox 2472 2144 2857 2200; x_wconf 86' lang='lat' dir='ltr'><strong>inconveniens</strong></span> <span class='ocrx_word' id='word_1_335' title='bbox 2906 2157 3006 2215; x_wconf 90' lang='lat' dir='ltr'><strong>per</strong></span> <span class='ocrx_word' id='word_1_336' title='bbox 3049 2143 3283 2199; x_wconf 89' lang='lat' dir='ltr'><strong>directos</strong></span> <span class='ocrx_word' id='word_1_337' title='bbox 3313 2143 3509 2200; x_wconf 89' lang='lat' dir='ltr'><strong>missos</strong></span> <span class='ocrx_word' id='word_1_338' title='bbox 3551 2142 3782 2198; x_wconf 83' lang='lat' dir='ltr'><strong>inventus</strong></span> 
     </span>
    </p>
   </div>
   <div class='ocr_carea' id='block_1_50' title="bbox 2217 2233 3780 2306">
    <p class='ocr_par' dir='ltr' id='par_1_50' title="bbox 2217 2233 3780 2306">
     <span class='ocr_line' id='line_1_50' title="bbox 2217 2233 3780 2306; baseline -0.002 -16"><span class='ocrx_word' id='word_1_339' title='bbox 2217 2234 2405 2302; x_wconf 81' lang='lat' dir='ltr'><strong>fuerit,</strong></span> <span class='ocrx_word' id='word_1_340' title='bbox 2431 2234 2499 2290; x_wconf 90' lang='lat' dir='ltr'><strong>ah</strong></span> <span class='ocrx_word' id='word_1_341' title='bbox 2519 2235 2705 2293; x_wconf 88' lang='lat' dir='ltr'><strong>eadem</strong></span> <span class='ocrx_word' id='word_1_342' title='bbox 2723 2234 3047 2306; x_wconf 73' lang='lat' dir='ltr'><strong>patet-nitate</strong></span> <span class='ocrx_word' id='word_1_343' title='bbox 3079 2243 3447 2300; x_wconf 81' lang='lat' dir='ltr'><strong>removeatur,</strong></span> <span class='ocrx_word' id='word_1_344' title='bbox 3466 2241 3523 2289; x_wconf 88' lang='lat' dir='ltr'><strong>et</strong></span> <span class='ocrx_word' id='word_1_345' title='bbox 3551 2233 3687 2289; x_wconf 89' lang='lat' dir='ltr'><strong>alius</strong></span> <span class='ocrx_word' id='word_1_346' title='bbox 3702 2234 3780 2303; x_wconf 90' lang='lat' dir='ltr'><strong>qui</strong></span> 
     </span>
    </p>
   </div>
   <div class='ocr_carea' id='block_1_51' title="bbox 2217 2324 3782 2399">
    <p class='ocr_par' dir='ltr' id='par_1_51' title="bbox 2217 2324 3782 2399">
     <span class='ocr_line' id='line_1_51' title="bbox 2217 2324 3782 2399; baseline -0.002 -17"><span class='ocrx_word' id='word_1_347' title='bbox 2217 2326 2411 2399; x_wconf 86' lang='lat' dir='ltr'><strong>dignus</strong></span> <span class='ocrx_word' id='word_1_348' title='bbox 2440 2336 2687 2397; x_wconf 88' lang='lat' dir='ltr'><strong>repertus</strong></span> <span class='ocrx_word' id='word_1_349' title='bbox 2727 2326 2894 2381; x_wconf 83' lang='lat' dir='ltr'><strong>fuerit</strong></span> <span class='ocrx_word' id='word_1_350' title='bbox 2925 2325 3301 2390; x_wconf 89' lang='lat' dir='ltr'><strong>substituatur,</strong></span> <span class='ocrx_word' id='word_1_351' title='bbox 3334 2333 3389 2381; x_wconf 86' lang='lat' dir='ltr'><strong>et</strong></span> <span class='ocrx_word' id='word_1_352' title='bbox 3415 2324 3682 2397; x_wconf 80' lang='lat' dir='ltr'><strong>privilegii</strong></span> <span class='ocrx_word' id='word_1_353' title='bbox 3707 2339 3782 2379; x_wconf 74' lang='lat' dir='ltr'><strong>re-</strong></span> 
     </span>
    </p>
   </div>
   <div class='ocr_carea' id='block_1_52' title="bbox 2219 2416 3780 2490">
    <p class='ocr_par' dir='ltr' id='par_1_52' title="bbox 2219 2416 3780 2490">
     <span class='ocr_line' id='line_1_52' title="bbox 2219 2416 3780 2490; baseline 0.002 -19"><span class='ocrx_word' id='word_1_354' title='bbox 2219 2418 2421 2490; x_wconf 84' lang='lat' dir='ltr'><strong>gularis</strong></span> <span class='ocrx_word' id='word_1_355' title='bbox 2448 2418 2748 2474; x_wconf 89' lang='lat' dir='ltr'><strong>auctoritas</strong></span> <span class='ocrx_word' id='word_1_356' title='bbox 2774 2416 2848 2450; x_wconf 83' lang='grc'><strong>⁷⁹⁸</strong></span> <span class='ocrx_word' id='word_1_357' title='bbox 2879 2419 2933 2474; x_wconf 91' lang='lat' dir='ltr'><strong>in</strong></span> <span class='ocrx_word' id='word_1_358' title='bbox 2962 2419 3153 2475; x_wconf 90' lang='lat' dir='ltr'><strong>eodem</strong></span> <span class='ocrx_word' id='word_1_359' title='bbox 3182 2419 3513 2475; x_wconf 89' lang='lat' dir='ltr'><strong>monasterio</strong></span> <span class='ocrx_word' id='word_1_360' title='bbox 3542 2434 3780 2490; x_wconf 83' lang='lat' dir='ltr'><strong>quacum-</strong></span> 
     </span>
    </p>
   </div>
   <div class='ocr_carea' id='block_1_53' title="bbox 2218 2506 3135 2580">
    <p class='ocr_par' dir='ltr' id='par_1_53' title="bbox 2218 2506 3135 2580">
     <span class='ocr_line' id='line_1_53' title="bbox 2218 2506 3135 2580; baseline 0.004 -19"><span class='ocrx_word' id='word_1_361' title='bbox 2218 2506 2323 2580; x_wconf 82' lang='lat' dir='ltr'><strong>que</strong></span> <span class='ocrx_word' id='word_1_362' title='bbox 2347 2510 2629 2565; x_wconf 90' lang='lat' dir='ltr'><strong>occasione</strong></span> <span class='ocrx_word' id='word_1_363' title='bbox 2658 2524 2766 2565; x_wconf 89' lang='lat' dir='ltr'><strong>non</strong></span> <span class='ocrx_word' id='word_1_364' title='bbox 2790 2509 3135 2566; x_wconf 87' lang='lat' dir='ltr'><strong>destituatur.</strong></span> 
     </span>
    </p>
   </div>
   <div class='ocr_carea' id='block_1_54' title="bbox 2294 2598 3781 2672">
    <p class='ocr_par' dir='ltr' id='par_1_54' title="bbox 2294 2598 3781 2672">
     <span class='ocr_line' id='line_1_54' title="bbox 2294 2598 3781 2672; baseline -0.001 -18"><span class='ocrx_word' id='word_1_365' title='bbox 2294 2600 2384 2657; x_wconf 72' lang='grc'><strong>12.</strong></span> <span class='ocrx_word' id='word_1_366' title='bbox 2426 2598 2552 2656; x_wconf 69' lang='lat' dir='ltr'><strong>Haec</strong></span> <span class='ocrx_word' id='word_1_367' title='bbox 2595 2600 2660 2656; x_wconf 90' lang='lat' dir='ltr'><strong>de</strong></span> <span class='ocrx_word' id='word_1_368' title='bbox 2711 2600 2998 2672; x_wconf 57' lang='lat' dir='ltr'><strong>praecipuis</strong></span> <span class='ocrx_word' id='word_1_369' title='bbox 3053 2600 3109 2655; x_wconf 90' lang='lat' dir='ltr'><strong>in</strong></span> <span class='ocrx_word' id='word_1_370' title='bbox 3153 2600 3342 2656; x_wconf 84' lang='lat' dir='ltr'><strong>eadem</strong></span> <span class='ocrx_word' id='word_1_371' title='bbox 3388 2615 3547 2656; x_wconf 91' lang='lat' dir='ltr'><strong>sacra</strong></span> <span class='ocrx_word' id='word_1_372' title='bbox 3602 2600 3781 2672; x_wconf 82' lang='lat' dir='ltr'><strong>synodo</strong></span> 
     </span>
    </p>
   </div>
   <div class='ocr_carea' id='block_1_55' title="bbox 2221 2692 3782 2764">
    <p class='ocr_par' dir='ltr' id='par_1_55' title="bbox 2221 2692 3782 2764">
     <span class='ocr_line' id='line_1_55' title="bbox 2221 2692 3782 2764; baseline -0.001 -17"><span class='ocrx_word' id='word_1_373' title='bbox 2221 2693 2375 2749; x_wconf 75' lang='lat' dir='ltr'><strong>fuere</strong></span> <span class='ocrx_word' id='word_1_374' title='bbox 2403 2700 2628 2749; x_wconf 88' lang='lat' dir='ltr'><strong>statuta.</strong></span> <span class='ocrx_word' id='word_1_375' title='bbox 2657 2692 2922 2750; x_wconf 66' lang='lat' dir='ltr'><strong>Caaterum</strong></span> <span class='ocrx_word' id='word_1_376' title='bbox 2944 2693 3200 2764; x_wconf 88' lang='lat' dir='ltr'><strong>specialia</strong></span> <span class='ocrx_word' id='word_1_377' title='bbox 3228 2692 3296 2749; x_wconf 88' lang='lat' dir='ltr'><strong>de</strong></span> <span class='ocrx_word' id='word_1_378' title='bbox 3319 2693 3630 2763; x_wconf 88' lang='lat' dir='ltr'><strong>quibusque</strong></span> <span class='ocrx_word' id='word_1_379' title='bbox 3647 2707 3782 2763; x_wconf 89' lang='lat' dir='ltr'><strong>paro-</strong></span> 
     </span>
    </p>
   </div>
   <div class='ocr_carea' id='block_1_56' title="bbox 2221 2781 3780 2854">
    <p class='ocr_par' dir='ltr' id='par_1_56' title="bbox 2221 2781 3780 2854">
     <span class='ocr_line' id='line_1_56' title="bbox 2221 2781 3780 2854; baseline -0.004 -14"><span class='ocrx_word' id='word_1_380' title='bbox 2221 2784 2383 2850; x_wconf 88' lang='lat' dir='ltr'><strong>chiis,</strong></span> <span class='ocrx_word' id='word_1_381' title='bbox 2435 2791 2595 2854; x_wconf 88' lang='lat' dir='ltr'><strong>prout</strong></span> <span class='ocrx_word' id='word_1_382' title='bbox 2637 2784 2818 2838; x_wconf 84' lang='lat' dir='ltr'><strong>visum</strong></span> <span class='ocrx_word' id='word_1_383' title='bbox 2857 2781 2979 2847; x_wconf 83' lang='lat' dir='ltr'><strong>fuit,</strong></span> <span class='ocrx_word' id='word_1_384' title='bbox 3021 2783 3321 2838; x_wconf 89' lang='lat' dir='ltr'><strong>secundum</strong></span> <span class='ocrx_word' id='word_1_385' title='bbox 3373 2783 3780 2839; x_wconf 83' lang='lat' dir='ltr'><strong>ecclesiasticam</strong></span> 
     </span>
    </p>
   </div>
   <div class='ocr_carea' id='block_1_57' title="bbox 2222 2872 3779 2947">
    <p class='ocr_par' dir='ltr' id='par_1_57' title="bbox 2222 2872 3779 2947">
     <span class='ocr_line' id='line_1_57' title="bbox 2222 2872 3779 2947; baseline 0 -19"><span class='ocrx_word' id='word_1_386' title='bbox 2222 2873 2601 2929; x_wconf 89' lang='lat' dir='ltr'><strong>auctoritatem</strong></span> <span class='ocrx_word' id='word_1_387' title='bbox 2631 2872 2875 2940; x_wconf 81' lang='lat' dir='ltr'><strong>deﬁnita,</strong></span> <span class='ocrx_word' id='word_1_388' title='bbox 2916 2882 2972 2928; x_wconf 91' lang='lat' dir='ltr'><strong>et</strong></span> <span class='ocrx_word' id='word_1_389' title='bbox 3004 2874 3269 2945; x_wconf 89' lang='lat' dir='ltr'><strong>episcopis</strong></span> <span class='ocrx_word' id='word_1_390' title='bbox 3293 2874 3349 2930; x_wconf 93' lang='lat' dir='ltr'><strong>in</strong></span> <span class='ocrx_word' id='word_1_391' title='bbox 3373 2875 3611 2947; x_wconf 89' lang='lat' dir='ltr'><strong>propriis</strong></span> <span class='ocrx_word' id='word_1_392' title='bbox 3638 2889 3779 2946; x_wconf 86' lang='lat' dir='ltr'><strong>paro-</strong></span> 
     </span>
    </p>
   </div>
   <div class='ocr_carea' id='block_1_58' title="bbox 2220 2965 3397 3036">
    <p class='ocr_par' dir='ltr' id='par_1_58' title="bbox 2220 2965 3397 3036">
     <span class='ocr_line' id='line_1_58' title="bbox 2220 2965 3397 3036; baseline 0.001 -15"><span class='ocrx_word' id='word_1_393' title='bbox 2220 2965 2362 3021; x_wconf 87' lang='lat' dir='ltr'><strong>chiis</strong></span> <span class='ocrx_word' id='word_1_394' title='bbox 2392 2975 2517 3022; x_wconf 84' lang='lat' dir='ltr'><strong>sunt</strong></span> <span class='ocrx_word' id='word_1_395' title='bbox 2556 2967 2623 3021; x_wconf 90' lang='lat' dir='ltr'><strong>ad</strong></span> <span class='ocrx_word' id='word_1_396' title='bbox 2653 2965 3058 3036; x_wconf 78' lang='lat' dir='ltr'><strong>exsequendum</strong></span> <span class='ocrx_word' id='word_1_397' title='bbox 3086 2968 3397 3022; x_wconf 88' lang='lat' dir='ltr'><strong>commissa.</strong></span> 
     </span>
    </p>
   </div>
   <div class='ocr_carea' id='block_1_59' title="bbox 2295 3056 3781 3121">
    <p class='ocr_par' dir='ltr' id='par_1_59' title="bbox 2295 3056 3781 3121">
     <span class='ocr_line' id='line_1_59' title="bbox 2295 3056 3781 3121; baseline -0.001 -9"><span class='ocrx_word' id='word_1_398' title='bbox 2295 3057 2383 3112; x_wconf 78' lang='lat' dir='ltr'><strong>l5.</strong></span> <span class='ocrx_word' id='word_1_399' title='bbox 2415 3056 2629 3112; x_wconf 85' lang='lat' dir='ltr'><strong>Placuit</strong></span> <span class='ocrx_word' id='word_1_400' title='bbox 2654 3056 2929 3121; x_wconf 80' lang='lat' dir='ltr'><strong>omnibus,</strong></span> <span class='ocrx_word' id='word_1_401' title='bbox 2966 3065 3027 3111; x_wconf 90' lang='lat' dir='ltr'><strong>ut</strong></span> <span class='ocrx_word' id='word_1_402' title='bbox 3052 3057 3292 3113; x_wconf 90' lang='lat' dir='ltr'><strong>creditur</strong></span> <span class='ocrx_word' id='word_1_403' title='bbox 3321 3057 3580 3114; x_wconf 88' lang='lat' dir='ltr'><strong>instinctu</strong></span> <span class='ocrx_word' id='word_1_404' title='bbox 3603 3057 3781 3121; x_wconf 84' lang='lat' dir='ltr'><strong>divino,</strong></span> 
     </span>
    </p>
   </div>
   <div class='ocr_carea' id='block_1_60' title="bbox 2222 3148 3778 3219">
    <p class='ocr_par' dir='ltr' id='par_1_60' title="bbox 2222 3148 3778 3219">
     <span class='ocr_line' id='line_1_60' title="bbox 2222 3148 3778 3219; baseline -0.002 -16"><span class='ocrx_word' id='word_1_405' title='bbox 2222 3149 2312 3219; x_wconf 89' lang='lat' dir='ltr'><strong>qui</strong></span> <span class='ocrx_word' id='word_1_406' title='bbox 2361 3150 2427 3204; x_wconf 89' lang='lat' dir='ltr'><strong>ad</strong></span> <span class='ocrx_word' id='word_1_407' title='bbox 2470 3148 2776 3204; x_wconf 77' lang='lat' dir='ltr'><strong>universale</strong></span> <span class='ocrx_word' id='word_1_408' title='bbox 2814 3149 3101 3205; x_wconf 88' lang='lat' dir='ltr'><strong>concilium</strong></span> <span class='ocrx_word' id='word_1_409' title='bbox 3133 3151 3187 3206; x_wconf 87' lang='lat' dir='ltr'><strong>in</strong></span> <span class='ocrx_word' id='word_1_410' title='bbox 3232 3150 3432 3206; x_wconf 86' lang='lat' dir='ltr'><strong>vicinia</strong></span> <span class='ocrx_word' id='word_1_411' title='bbox 3472 3149 3778 3207; x_wconf 79' lang='lat' dir='ltr'><strong>Tullensium</strong></span> 
     </span>
    </p>
   </div>
   <div class='ocr_carea' id='block_1_61' title="bbox 467 3231 3782 3313">
    <p class='ocr_par' dir='ltr' id='par_1_61' title="bbox 467 3231 3782 3313">
     <span class='ocr_line' id='line_1_61' title="bbox 467 3231 3782 3313; baseline -0.002 -25"><span class='ocrx_word' id='word_1_412' title='bbox 467 3236 471 3241; x_wconf 79' lang='grc'><strong>“</strong></span> <span class='ocrx_word' id='word_1_413' title='bbox 542 3232 919 3288; x_wconf 84' lang='lat' dir='ltr'><strong>auctoritatem</strong></span> <span class='ocrx_word' id='word_1_414' title='bbox 943 3247 972 3285; x_wconf 89' lang='lat' dir='ltr'><strong>a</strong></span> <span class='ocrx_word' id='word_1_415' title='bbox 1000 3231 1281 3301; x_wconf 88' lang='lat' dir='ltr'><strong>metropoli</strong></span> <span class='ocrx_word' id='word_1_416' title='bbox 1314 3248 1409 3287; x_wconf 88' lang='lat' dir='ltr'><strong>sua</strong></span> <span class='ocrx_word' id='word_1_417' title='bbox 1457 3232 1749 3289; x_wconf 88' lang='lat' dir='ltr'><strong>moliuntur</strong></span> <span class='ocrx_word' id='word_1_418' title='bbox 1794 3231 2116 3293; x_wconf 88' lang='lat' dir='ltr'><strong>discindere,</strong></span> <span class='ocrx_word' id='word_1_419' title='bbox 2147 3247 2192 3308; x_wconf 71' lang='grc' dir='ltr'>ρ</span> <span class='ocrx_word' id='word_1_420' title='bbox 2222 3241 2627 3308; x_wconf 60' lang='lat' dir='ltr'><strong>conﬂuxerunt,</strong></span> <span class='ocrx_word' id='word_1_421' title='bbox 2661 3243 2917 3313; x_wconf 66' lang='lat' dir='ltr'><strong>quoniam</strong></span> <span class='ocrx_word' id='word_1_422' title='bbox 2965 3242 3332 3303; x_wconf 56' lang='lat' dir='ltr'><strong>calamitatum</strong></span> <span class='ocrx_word' id='word_1_423' title='bbox 3385 3243 3546 3298; x_wconf 58' lang='grc' dir='ltr'><strong>ιωάίο</strong></span> <span class='ocrx_word' id='word_1_424' title='bbox 3597 3243 3782 3297; x_wconf 64' lang='lat' dir='ltr'><strong>Iahon.</strong></span> 
     </span>
    </p>
   </div>
   <div class='ocr_carea' id='block_1_62' title="bbox 543 3324 2125 3398">
    <p class='ocr_par' dir='ltr' id='par_1_62' title="bbox 543 3324 2125 3398">
     <span class='ocr_line' id='line_1_62' title="bbox 543 3324 2125 3398; baseline -0.001 -18"><span class='ocrx_word' id='word_1_425' title='bbox 543 3324 783 3398; x_wconf 86' lang='lat' dir='ltr'><strong>synodus</strong></span> <span class='ocrx_word' id='word_1_426' title='bbox 817 3324 1024 3383; x_wconf 89' lang='lat' dir='ltr'><strong>litteras</strong></span> <span class='ocrx_word' id='word_1_427' title='bbox 1051 3325 1346 3381; x_wconf 83' lang='lat' dir='ltr'><strong>secundum</strong></span> <span class='ocrx_word' id='word_1_428' title='bbox 1393 3325 1772 3380; x_wconf 88' lang='lat' dir='ltr'><strong>auctoritatem</strong></span> <span class='ocrx_word' id='word_1_429' title='bbox 1801 3339 2008 3379; x_wconf 75' lang='lat' dir='ltr'><strong>sacram</strong></span> <span class='ocrx_word' id='word_1_430' title='bbox 2040 3324 2125 3380; x_wconf 89' lang='lat' dir='ltr'><strong>di-</strong></span> 
     </span>
    </p>
   </div>
   <div class='ocr_carea' id='block_1_63' title="bbox 539 3416 2125 3488">
    <p class='ocr_par' dir='ltr' id='par_1_63' title="bbox 539 3416 2125 3488">
     <span class='ocr_line' id='line_1_63' title="bbox 539 3416 2125 3488; baseline 0 -17"><span class='ocrx_word' id='word_1_431' title='bbox 539 3419 704 3484; x_wconf 78' lang='lat' dir='ltr'><strong>rexit,</strong></span> <span class='ocrx_word' id='word_1_432' title='bbox 738 3424 1002 3488; x_wconf 87' lang='lat' dir='ltr'><strong>quatenus</strong></span> <span class='ocrx_word' id='word_1_433' title='bbox 1031 3416 1097 3471; x_wconf 89' lang='lat' dir='ltr'><strong>ad</strong></span> <span class='ocrx_word' id='word_1_434' title='bbox 1123 3431 1275 3475; x_wconf 88' lang='lat' dir='ltr'><strong>suam</strong></span> <span class='ocrx_word' id='word_1_435' title='bbox 1310 3416 1651 3486; x_wconf 88' lang='lat' dir='ltr'><strong>metropolim</strong></span> <span class='ocrx_word' id='word_1_436' title='bbox 1696 3416 1940 3479; x_wconf 88' lang='lat' dir='ltr'><strong>redeant,</strong></span> <span class='ocrx_word' id='word_1_437' title='bbox 1967 3416 2125 3486; x_wconf 88' lang='lat' dir='ltr'><strong>eique</strong></span> 
     </span>
    </p>
   </div>
   <div class='ocr_carea' id='block_1_64' title="bbox 540 3508 2125 3579">
    <p class='ocr_par' dir='ltr' id='par_1_64' title="bbox 540 3508 2125 3579">
     <span class='ocr_line' id='line_1_64' title="bbox 540 3508 2125 3579; baseline -0.001 -14"><span class='ocrx_word' id='word_1_438' title='bbox 540 3509 724 3565; x_wconf 89' lang='lat' dir='ltr'><strong>debito</strong></span> <span class='ocrx_word' id='word_1_439' title='bbox 742 3508 861 3577; x_wconf 89' lang='lat' dir='ltr'><strong>jure</strong></span> <span class='ocrx_word' id='word_1_440' title='bbox 888 3525 945 3564; x_wconf 91' lang='lat' dir='ltr'><strong>se</strong></span> <span class='ocrx_word' id='word_1_441' title='bbox 975 3508 1230 3573; x_wconf 88' lang='lat' dir='ltr'><strong>subdant,</strong></span> <span class='ocrx_word' id='word_1_442' title='bbox 1268 3525 1370 3565; x_wconf 90' lang='lat' dir='ltr'><strong>uec</strong></span> <span class='ocrx_word' id='word_1_443' title='bbox 1399 3526 1428 3563; x_wconf 93' lang='lat' dir='ltr'><strong>a</strong></span> <span class='ocrx_word' id='word_1_444' title='bbox 1458 3510 1715 3565; x_wconf 90' lang='lat' dir='ltr'><strong>canonica</strong></span> <span class='ocrx_word' id='word_1_445' title='bbox 1746 3518 1800 3564; x_wconf 91' lang='lat' dir='ltr'><strong>et</strong></span> <span class='ocrx_word' id='word_1_446' title='bbox 1833 3508 2125 3579; x_wconf 82' lang='lat' dir='ltr'><strong>episcopali</strong></span> 
     </span>
    </p>
   </div>
   <div class='ocr_carea' id='block_1_65' title="bbox 545 3599 2125 3671">
    <p class='ocr_par' dir='ltr' id='par_1_65' title="bbox 545 3599 2125 3671">
     <span class='ocr_line' id='line_1_65' title="bbox 545 3599 2125 3671; baseline -0.003 -15"><span class='ocrx_word' id='word_1_447' title='bbox 545 3601 922 3656; x_wconf 65' lang='lat' dir='ltr'><strong>communione</strong></span> <span class='ocrx_word' id='word_1_448' title='bbox 950 3617 1009 3656; x_wconf 90' lang='lat' dir='ltr'><strong>se</strong></span> <span class='ocrx_word' id='word_1_449' title='bbox 1056 3610 1361 3671; x_wconf 81' lang='lat' dir='ltr'><strong>segregent.</strong></span> <span class='ocrx_word' id='word_1_450' title='bbox 1396 3600 1893 3658; x_wconf 82' lang='lat' dir='ltr'><strong>Excommunicatis</strong></span> <span class='ocrx_word' id='word_1_451' title='bbox 1936 3599 2125 3665; x_wconf 90' lang='lat' dir='ltr'><strong>etiam,</strong></span> 
     </span>
    </p>
   </div>
   <div class='ocr_carea' id='block_1_66' title="bbox 544 3692 2129 3771">
    <p class='ocr_par' dir='ltr' id='par_1_66' title="bbox 544 3692 2129 3771">
     <span class='ocr_line' id='line_1_66' title="bbox 544 3692 2129 3771; baseline -0.003 -24"><span class='ocrx_word' id='word_1_452' title='bbox 544 3693 687 3749; x_wconf 88' lang='lat' dir='ltr'><strong>sicut</strong></span> <span class='ocrx_word' id='word_1_453' title='bbox 712 3707 877 3747; x_wconf 73' lang='lat' dir='ltr'><strong>sacrm</strong></span> <span class='ocrx_word' id='word_1_454' title='bbox 905 3694 1219 3771; x_wconf 38' lang='lat' dir='ltr'><strong>decernunt.</strong></span> <span class='ocrx_word' id='word_1_455' title='bbox 1245 3692 1447 3763; x_wconf 63' lang='lat' dir='ltr'><strong>regula:</strong></span> <span class='ocrx_word' id='word_1_456' title='bbox 1493 3707 1832 3763; x_wconf 87' lang='lat' dir='ltr'><strong>nequaquam</strong></span> <span class='ocrx_word' id='word_1_457' title='bbox 1882 3704 2129 3745; x_wconf 87' lang='lat' dir='ltr'><strong>commu-</strong></span> 
     </span>
    </p>
   </div>
   <div class='ocr_carea' id='block_1_67' title="bbox 552 3780 2131 3853">
    <p class='ocr_par' dir='ltr' id='par_1_67' title="bbox 552 3780 2131 3853">
     <span class='ocr_line' id='line_1_67' title="bbox 552 3780 2131 3853; baseline -0.003 -16"><span class='ocrx_word' id='word_1_458' title='bbox 552 3791 758 3847; x_wconf 77' lang='lat' dir='ltr'><strong>nicent,</strong></span> <span class='ocrx_word' id='word_1_459' title='bbox 797 3792 853 3837; x_wconf 93' lang='lat' dir='ltr'><strong>et</strong></span> <span class='ocrx_word' id='word_1_460' title='bbox 895 3780 1236 3838; x_wconf 89' lang='lat' dir='ltr'><strong>Salomonem</strong></span> <span class='ocrx_word' id='word_1_461' title='bbox 1267 3796 1669 3848; x_wconf 86' lang='lat' dir='ltr'><strong>commoneant,</strong></span> <span class='ocrx_word' id='word_1_462' title='bbox 1701 3791 1758 3837; x_wconf 90' lang='lat' dir='ltr'><strong>ut</strong></span> <span class='ocrx_word' id='word_1_463' title='bbox 1806 3780 2131 3853; x_wconf 89' lang='lat' dir='ltr'><strong>promissam</strong></span> 
     </span>
    </p>
   </div>
   <div class='ocr_carea' id='block_1_68' title="bbox 557 3872 2132 3947">
    <p class='ocr_par' dir='ltr' id='par_1_68' title="bbox 557 3872 2132 3947">
     <span class='ocr_line' id='line_1_68' title="bbox 557 3872 2132 3947; baseline -0.001 -18"><span class='ocrx_word' id='word_1_464' title='bbox 557 3872 718 3930; x_wconf 80' lang='lat' dir='ltr'><strong>ﬁdem</strong></span> <span class='ocrx_word' id='word_1_465' title='bbox 757 3874 990 3947; x_wconf 83' lang='lat' dir='ltr'><strong>glorioso</strong></span> <span class='ocrx_word' id='word_1_466' title='bbox 1018 3875 1126 3946; x_wconf 87' lang='lat' dir='ltr'><strong>regi</strong></span> <span class='ocrx_word' id='word_1_467' title='bbox 1154 3873 1357 3930; x_wconf 82' lang='lat' dir='ltr'><strong>Karolo</strong></span> <span class='ocrx_word' id='word_1_468' title='bbox 1389 3875 1662 3940; x_wconf 86' lang='lat' dir='ltr'><strong>observet,</strong></span> <span class='ocrx_word' id='word_1_469' title='bbox 1692 3883 1749 3930; x_wconf 91' lang='lat' dir='ltr'><strong>et</strong></span> <span class='ocrx_word' id='word_1_470' title='bbox 1776 3874 1888 3947; x_wconf 90' lang='lat' dir='ltr'><strong>ipse</strong></span> <span class='ocrx_word' id='word_1_471' title='bbox 1912 3882 1967 3928; x_wconf 91' lang='lat' dir='ltr'><strong>et</strong></span> <span class='ocrx_word' id='word_1_472' title='bbox 1990 3872 2132 3940; x_wconf 73' lang='lat' dir='ltr'><strong>Brit-</strong></span> 
     </span>
    </p>
   </div>
   <div class='ocr_carea' id='block_1_69' title="bbox 552 3966 2135 4038">
    <p class='ocr_par' dir='ltr' id='par_1_69' title="bbox 552 3966 2135 4038">
     <span class='ocr_line' id='line_1_69' title="bbox 552 3966 2135 4038; baseline 0.002 -17"><span class='ocrx_word' id='word_1_473' title='bbox 552 3975 709 4024; x_wconf 85' lang='lat' dir='ltr'><strong>tones</strong></span> <span class='ocrx_word' id='word_1_474' title='bbox 735 3968 1218 4023; x_wconf 76' lang='lat' dir='ltr'><strong>excommunicatis</strong></span> <span class='ocrx_word' id='word_1_475' title='bbox 1247 3968 1740 4035; x_wconf 87' lang='lat' dir='ltr'><strong>communicantes,</strong></span> <span class='ocrx_word' id='word_1_476' title='bbox 1768 3966 1867 4038; x_wconf 91' lang='lat' dir='ltr'><strong>ipsi</strong></span> <span class='ocrx_word' id='word_1_477' title='bbox 1892 3980 1952 4022; x_wconf 89' lang='lat' dir='ltr'><strong>se</strong></span> <span class='ocrx_word' id='word_1_478' title='bbox 1976 3981 2135 4024; x_wconf 80' lang='lat' dir='ltr'><strong>sacra</strong></span> 
     </span>
    </p>
   </div>
   <div class='ocr_carea' id='block_1_70' title="bbox 556 4058 1324 4132">
    <p class='ocr_par' dir='ltr' id='par_1_70' title="bbox 556 4058 1324 4132">
     <span class='ocr_line' id='line_1_70' title="bbox 556 4058 1324 4132; baseline 0.001 -20"><span class='ocrx_word' id='word_1_479' title='bbox 556 4058 936 4115; x_wconf 70' lang='lat' dir='ltr'><strong>communione</strong></span> <span class='ocrx_word' id='word_1_480' title='bbox 957 4075 1061 4113; x_wconf 91' lang='lat' dir='ltr'><strong>non</strong></span> <span class='ocrx_word' id='word_1_481' title='bbox 1094 4059 1324 4132; x_wconf 84' lang='lat' dir='ltr'><strong>privent.</strong></span> 
     </span>
    </p>
   </div>
   <div class='ocr_carea' id='block_1_71' title="bbox 622 4148 2131 4220">
    <p class='ocr_par' dir='ltr' id='par_1_71' title="bbox 622 4148 2131 4220">
     <span class='ocr_line' id='line_1_71' title="bbox 622 4148 2131 4220; baseline 0.001 -17"><span class='ocrx_word' id='word_1_482' title='bbox 622 4149 677 4203; x_wconf 81' lang='lat'><strong>9.</strong></span> <span class='ocrx_word' id='word_1_483' title='bbox 714 4148 795 4203; x_wconf 84' lang='lat' dir='ltr'><strong>Ad</strong></span> <span class='ocrx_word' id='word_1_484' title='bbox 823 4159 1149 4204; x_wconf 77' lang='lat' dir='ltr'><strong>memoratos</strong></span> <span class='ocrx_word' id='word_1_485' title='bbox 1174 4166 1386 4220; x_wconf 85' lang='lat' dir='ltr'><strong>quoque</strong></span> <span class='ocrx_word' id='word_1_486' title='bbox 1417 4152 1912 4208; x_wconf 83' lang='lat' dir='ltr'><strong>cxcommunicatos</strong></span> <span class='ocrx_word' id='word_1_487' title='bbox 1943 4157 2131 4206; x_wconf 90' lang='lat' dir='ltr'><strong>sancta</strong></span> 
     </span>
    </p>
   </div>
   <div class='ocr_carea' id='block_1_72' title="bbox 562 4229 2133 4313">
    <p class='ocr_par' dir='ltr' id='par_1_72' title="bbox 562 4229 2133 4313">
     <span class='ocr_line' id='line_1_72' title="bbox 562 4229 2133 4313; baseline 0.002 -21"><span class='ocrx_word' id='word_1_488' title='bbox 562 4239 802 4311; x_wconf 85' lang='lat' dir='ltr'><strong>synodus</strong></span> <span class='ocrx_word' id='word_1_489' title='bbox 839 4238 1050 4293; x_wconf 89' lang='lat' dir='ltr'><strong>litteras</strong></span> <span class='ocrx_word' id='word_1_490' title='bbox 1098 4239 1317 4304; x_wconf 79' lang='lat' dir='ltr'><strong>direxit,</strong></span> <span class='ocrx_word' id='word_1_491' title='bbox 1361 4241 1545 4311; x_wconf 87' lang='lat' dir='ltr'><strong>eisque</strong></span> <span class='ocrx_word' id='word_1_492' title='bbox 1581 4259 1750 4313; x_wconf 89' lang='lat' dir='ltr'><strong>usque</strong></span> <span class='ocrx_word' id='word_1_493' title='bbox 1792 4242 1860 4297; x_wconf 89' lang='lat' dir='ltr'><strong>ad</strong></span> <span class='ocrx_word' id='word_1_494' title='bbox 1895 4229 2133 4299; x_wconf 69' lang='lat' dir='ltr'><strong>futuram</strong></span> 
     </span>
    </p>
   </div>
   <div class='ocr_carea' id='block_1_73' title="bbox 557 4325 2129 4403">
    <p class='ocr_par' dir='ltr' id='par_1_73' title="bbox 557 4325 2129 4403">
     <span class='ocr_line' id='line_1_73' title="bbox 557 4325 2129 4403; baseline 0.004 -24"><span class='ocrx_word' id='word_1_495' title='bbox 557 4325 860 4396; x_wconf 80' lang='lat' dir='ltr'><strong>proximam</strong></span> <span class='ocrx_word' id='word_1_496' title='bbox 882 4328 1142 4401; x_wconf 85' lang='lat' dir='ltr'><strong>synodum</strong></span> <span class='ocrx_word' id='word_1_497' title='bbox 1173 4329 1473 4401; x_wconf 86' lang='lat' dir='ltr'><strong>corrigendi</strong></span> <span class='ocrx_word' id='word_1_498' title='bbox 1504 4332 1736 4403; x_wconf 89' lang='lat' dir='ltr'><strong>spatium</strong></span> <span class='ocrx_word' id='word_1_499' title='bbox 1769 4331 1990 4397; x_wconf 50' lang='lat' dir='ltr'><strong>tribuit;</strong></span> <span class='ocrx_word' id='word_1_500' title='bbox 2011 4346 2129 4386; x_wconf 87' lang='lat' dir='ltr'><strong>mo-</strong></span> 
     </span>
    </p>
   </div>
   <div class='ocr_carea' id='block_1_74' title="bbox 568 4415 2133 4491">
    <p class='ocr_par' dir='ltr' id='par_1_74' title="bbox 568 4415 2133 4491">
     <span class='ocr_line' id='line_1_74' title="bbox 568 4415 2133 4491; baseline 0.004 -19"><span class='ocrx_word' id='word_1_501' title='bbox 568 4432 704 4474; x_wconf 86' lang='lat' dir='ltr'><strong>nens</strong></span> <span class='ocrx_word' id='word_1_502' title='bbox 724 4415 1088 4477; x_wconf 78' lang='lat' dir='ltr'><strong>ecclesiastica</strong></span> <span class='ocrx_word' id='word_1_503' title='bbox 1114 4422 1332 4491; x_wconf 89' lang='lat' dir='ltr'><strong>pietate,</strong></span> <span class='ocrx_word' id='word_1_504' title='bbox 1357 4432 1415 4478; x_wconf 91' lang='lat' dir='ltr'><strong>ut</strong></span> <span class='ocrx_word' id='word_1_505' title='bbox 1435 4433 1815 4480; x_wconf 88' lang='lat' dir='ltr'><strong>convertantur</strong></span> <span class='ocrx_word' id='word_1_506' title='bbox 1836 4432 1891 4478; x_wconf 88' lang='lat' dir='ltr'><strong>et</strong></span> <span class='ocrx_word' id='word_1_507' title='bbox 1918 4424 2133 4488; x_wconf 86' lang='lat' dir='ltr'><strong>vivant;</strong></span> 
     </span>
    </p>
   </div>
   <div class='ocr_carea' id='block_1_75' title="bbox 575 4508 2138 4587">
    <p class='ocr_par' dir='ltr' id='par_1_75' title="bbox 575 4508 2138 4587">
     <span class='ocr_line' id='line_1_75' title="bbox 575 4508 2138 4587; baseline 0.004 -22"><span class='ocrx_word' id='word_1_508' title='bbox 575 4508 724 4583; x_wconf 78' lang='lat' dir='ltr'><strong>quia,</strong></span> <span class='ocrx_word' id='word_1_509' title='bbox 753 4509 854 4571; x_wconf 87' lang='lat' dir='ltr'><strong>nisi</strong></span> <span class='ocrx_word' id='word_1_510' title='bbox 882 4522 941 4567; x_wconf 90' lang='lat' dir='ltr'><strong>se</strong></span> <span class='ocrx_word' id='word_1_511' title='bbox 967 4513 1324 4581; x_wconf 82' lang='lat' dir='ltr'><strong>correxerint,</strong></span> <span class='ocrx_word' id='word_1_512' title='bbox 1355 4513 1408 4568; x_wconf 94' lang='lat' dir='ltr'><strong>in</strong></span> <span class='ocrx_word' id='word_1_513' title='bbox 1454 4513 1631 4570; x_wconf 80' lang='lat' dir='ltr'><strong>futura</strong></span> <span class='ocrx_word' id='word_1_514' title='bbox 1667 4515 1874 4587; x_wconf 87' lang='lat' dir='ltr'><strong>synodo</strong></span> <span class='ocrx_word' id='word_1_515' title='bbox 1897 4512 2138 4586; x_wconf 84' lang='lat' dir='ltr'><strong>generali</strong></span> 
     </span>
    </p>
   </div>
   <div class='ocr_carea' id='block_1_76' title="bbox 2227 3334 3777 3405">
    <p class='ocr_par' dir='ltr' id='par_1_76' title="bbox 2227 3334 3777 3405">
     <span class='ocr_line' id='line_1_76' title="bbox 2227 3334 3777 3405; baseline -0.002 -16"><span class='ocrx_word' id='word_1_516' title='bbox 2227 3334 2378 3399; x_wconf 88' lang='lat' dir='ltr'><strong>bant,</strong></span> <span class='ocrx_word' id='word_1_517' title='bbox 2406 3348 2511 3403; x_wconf 91' lang='lat' dir='ltr'><strong>quo</strong></span> <span class='ocrx_word' id='word_1_518' title='bbox 2541 3334 2844 3389; x_wconf 88' lang='lat' dir='ltr'><strong>invenirent</strong></span> <span class='ocrx_word' id='word_1_519' title='bbox 2870 3334 3093 3405; x_wconf 88' lang='lat' dir='ltr'><strong>aliquid,</strong></span> <span class='ocrx_word' id='word_1_520' title='bbox 3135 3334 3228 3389; x_wconf 89' lang='lat' dir='ltr'><strong>ubi</strong></span> <span class='ocrx_word' id='word_1_521' title='bbox 3257 3334 3644 3390; x_wconf 89' lang='lat' dir='ltr'><strong>consolationis</strong></span> <span class='ocrx_word' id='word_1_522' title='bbox 3670 3348 3777 3405; x_wconf 82' lang='lat' dir='ltr'><strong>gra-</strong></span> 
     </span>
    </p>
   </div>
   <div class='ocr_carea' id='block_1_77' title="bbox 2230 3414 3780 3495">
    <p class='ocr_par' dir='ltr' id='par_1_77' title="bbox 2230 3414 3780 3495">
     <span class='ocr_line' id='line_1_77' title="bbox 2230 3414 3780 3495; baseline -0.003 -15"><span class='ocrx_word' id='word_1_523' title='bbox 2230 3425 2302 3480; x_wconf 89' lang='lat' dir='ltr'><strong>tia</strong></span> <span class='ocrx_word' id='word_1_524' title='bbox 2327 3426 2680 3495; x_wconf 89' lang='lat' dir='ltr'><strong>respirarent.</strong></span> <span class='ocrx_word' id='word_1_525' title='bbox 2708 3414 3032 3479; x_wconf 87' lang='lat' dir='ltr'><strong>Statuerunt</strong></span> <span class='ocrx_word' id='word_1_526' title='bbox 3059 3424 3257 3495; x_wconf 84' lang='lat' dir='ltr'><strong>itaque,</strong></span> <span class='ocrx_word' id='word_1_527' title='bbox 3282 3432 3460 3494; x_wconf 89' lang='lat' dir='ltr'><strong>utpro</strong></span> <span class='ocrx_word' id='word_1_528' title='bbox 3488 3439 3549 3479; x_wconf 90' lang='lat' dir='ltr'><strong>se</strong></span> <span class='ocrx_word' id='word_1_529' title='bbox 3578 3423 3780 3478; x_wconf 76' lang='lat' dir='ltr'><strong>invicem</strong></span> 
     </span>
    </p>
   </div>
   <div class='ocr_carea' id='block_1_78' title="bbox 2227 3510 3780 3583">
    <p class='ocr_par' dir='ltr' id='par_1_78' title="bbox 2227 3510 3780 3583">
     <span class='ocr_line' id='line_1_78' title="bbox 2227 3510 3780 3583; baseline -0.005 -12"><span class='ocrx_word' id='word_1_530' title='bbox 2227 3530 2437 3582; x_wconf 84' lang='lat' dir='ltr'><strong>omnes,</strong></span> <span class='ocrx_word' id='word_1_531' title='bbox 2458 3514 2585 3570; x_wconf 89' lang='lat' dir='ltr'><strong>dum</strong></span> <span class='ocrx_word' id='word_1_532' title='bbox 2618 3514 2954 3579; x_wconf 87' lang='lat' dir='ltr'><strong>adviverent,</strong></span> <span class='ocrx_word' id='word_1_533' title='bbox 2983 3528 3175 3583; x_wconf 87' lang='lat' dir='ltr'><strong>preces</strong></span> <span class='ocrx_word' id='word_1_534' title='bbox 3213 3512 3520 3583; x_wconf 86' lang='lat' dir='ltr'><strong>hujusmodi</strong></span> <span class='ocrx_word' id='word_1_535' title='bbox 3551 3510 3780 3582; x_wconf 77' lang='lat' dir='ltr'><strong>frequen-</strong></span> 
     </span>
    </p>
   </div>
   <div class='ocr_carea' id='block_1_79' title="bbox 2230 3603 3784 3677">
    <p class='ocr_par' dir='ltr' id='par_1_79' title="bbox 2230 3603 3784 3677">
     <span class='ocr_line' id='line_1_79' title="bbox 2230 3603 3784 3677; baseline -0.005 -14"><span class='ocrx_word' id='word_1_536' title='bbox 2230 3616 2435 3676; x_wconf 80' lang='lat' dir='ltr'><strong>tarent;</strong></span> <span class='ocrx_word' id='word_1_537' title='bbox 2459 3608 2669 3664; x_wconf 85' lang='lat' dir='ltr'><strong>scilicet</strong></span> <span class='ocrx_word' id='word_1_538' title='bbox 2712 3616 2775 3662; x_wconf 88' lang='lat' dir='ltr'><strong>ut</strong></span> <span class='ocrx_word' id='word_1_539' title='bbox 2814 3606 3011 3677; x_wconf 83' lang='lat' dir='ltr'><strong>singuli</strong></span> <span class='ocrx_word' id='word_1_540' title='bbox 3053 3621 3153 3676; x_wconf 92' lang='lat' dir='ltr'><strong>pro</strong></span> <span class='ocrx_word' id='word_1_541' title='bbox 3196 3606 3409 3660; x_wconf 90' lang='lat' dir='ltr'><strong>cunctis</strong></span> <span class='ocrx_word' id='word_1_542' title='bbox 3446 3620 3546 3675; x_wconf 90' lang='lat' dir='ltr'><strong>per</strong></span> <span class='ocrx_word' id='word_1_543' title='bbox 3571 3603 3784 3675; x_wconf 84' lang='lat' dir='ltr'><strong>singulas</strong></span> 
     </span>
    </p>
   </div>
   <div class='ocr_carea' id='block_1_80' title="bbox 2229 3692 3784 3772">
    <p class='ocr_par' dir='ltr' id='par_1_80' title="bbox 2229 3692 3784 3772">
     <span class='ocr_line' id='line_1_80' title="bbox 2229 3692 3784 3772; baseline -0.007 -17"><span class='ocrx_word' id='word_1_544' title='bbox 2229 3699 2615 3767; x_wconf 87' lang='lat' dir='ltr'><strong>hebdomadas,</strong></span> <span class='ocrx_word' id='word_1_545' title='bbox 2644 3699 2782 3756; x_wconf 79' lang='lat' dir='ltr'><strong>feria</strong></span> <span class='ocrx_word' id='word_1_546' title='bbox 2813 3706 3029 3772; x_wconf 88' lang='lat' dir='ltr'><strong>quarta,</strong></span> <span class='ocrx_word' id='word_1_547' title='bbox 3056 3698 3280 3754; x_wconf 88' lang='lat' dir='ltr'><strong>missam</strong></span> <span class='ocrx_word' id='word_1_548' title='bbox 3302 3696 3657 3753; x_wconf 86' lang='lat' dir='ltr'><strong>celebrarent.</strong></span> <span class='ocrx_word' id='word_1_549' title='bbox 3678 3692 3784 3747; x_wconf 84' lang='lat' dir='ltr'><strong>Post</strong></span> 
     </span>
    </p>
   </div>
   <div class='ocr_carea' id='block_1_81' title="bbox 2229 3784 3784 3861">
    <p class='ocr_par' dir='ltr' id='par_1_81' title="bbox 2229 3784 3784 3861">
     <span class='ocr_line' id='line_1_81' title="bbox 2229 3784 3784 3861; baseline -0.005 -16"><span class='ocrx_word' id='word_1_550' title='bbox 2229 3792 2565 3848; x_wconf 89' lang='lat' dir='ltr'><strong>vocationem</strong></span> <span class='ocrx_word' id='word_1_551' title='bbox 2627 3802 2809 3847; x_wconf 87' lang='lat' dir='ltr'><strong>autem</strong></span> <span class='ocrx_word' id='word_1_552' title='bbox 2876 3789 3161 3861; x_wconf 79' lang='lat' dir='ltr'><strong>cujuslibet</strong></span> <span class='ocrx_word' id='word_1_553' title='bbox 3212 3804 3437 3852; x_wconf 84' lang='lat' dir='ltr'><strong>eorum,</strong></span> <span class='ocrx_word' id='word_1_554' title='bbox 3495 3784 3784 3857; x_wconf 80' lang='lat' dir='ltr'><strong>superstites</strong></span> 
     </span>
    </p>
   </div>
   <div class='ocr_carea' id='block_1_82' title="bbox 2230 3876 3780 3950">
    <p class='ocr_par' dir='ltr' id='par_1_82' title="bbox 2230 3876 3780 3950">
     <span class='ocr_line' id='line_1_82' title="bbox 2230 3876 3780 3950; baseline -0.006 -15"><span class='ocrx_word' id='word_1_555' title='bbox 2230 3880 2531 3946; x_wconf 87' lang='lat' dir='ltr'><strong>obtineant,</strong></span> <span class='ocrx_word' id='word_1_556' title='bbox 2558 3887 2615 3935; x_wconf 92' lang='lat' dir='ltr'><strong>ut</strong></span> <span class='ocrx_word' id='word_1_557' title='bbox 2637 3895 2734 3950; x_wconf 92' lang='lat' dir='ltr'><strong>pro</strong></span> <span class='ocrx_word' id='word_1_558' title='bbox 2757 3895 2823 3935; x_wconf 92' lang='lat' dir='ltr'><strong>eo</strong></span> <span class='ocrx_word' id='word_1_559' title='bbox 2843 3880 2937 3949; x_wconf 89' lang='lat' dir='ltr'><strong>qui</strong></span> <span class='ocrx_word' id='word_1_560' title='bbox 2966 3877 3282 3943; x_wconf 84' lang='lat' dir='ltr'><strong>decesserit,</strong></span> <span class='ocrx_word' id='word_1_561' title='bbox 3309 3876 3365 3933; x_wconf 88' lang='lat' dir='ltr'><strong>in</strong></span> <span class='ocrx_word' id='word_1_562' title='bbox 3391 3876 3612 3931; x_wconf 85' lang='lat' dir='ltr'><strong>sedibus</strong></span> <span class='ocrx_word' id='word_1_563' title='bbox 3631 3880 3780 3943; x_wconf 87' lang='lat' dir='ltr'><strong>septe-</strong></span> 
     </span>
    </p>
   </div>
   <div class='ocr_carea' id='block_1_83' title="bbox 2231 3963 3782 4037">
    <p class='ocr_par' dir='ltr' id='par_1_83' title="bbox 2231 3963 3782 4037">
     <span class='ocr_line' id='line_1_83' title="bbox 2231 3963 3782 4037; baseline -0.007 -13"><span class='ocrx_word' id='word_1_564' title='bbox 2231 3983 2315 4024; x_wconf 72' lang='lat' dir='ltr'><strong>nte</strong></span> <span class='ocrx_word' id='word_1_565' title='bbox 2341 3969 2519 4024; x_wconf 70' lang='lat' dir='ltr'><strong>missa:</strong></span> <span class='ocrx_word' id='word_1_566' title='bbox 2564 3970 2893 4037; x_wconf 86' lang='lat' dir='ltr'><strong>totidemque</strong></span> <span class='ocrx_word' id='word_1_567' title='bbox 2936 3966 3134 4037; x_wconf 66' lang='lat' dir='ltr'><strong>vigilite</strong></span> <span class='ocrx_word' id='word_1_568' title='bbox 3162 3964 3389 4021; x_wconf 85' lang='lat' dir='ltr'><strong>Domino</strong></span> <span class='ocrx_word' id='word_1_569' title='bbox 3416 3963 3782 4035; x_wconf 76' lang='lat' dir='ltr'><strong>persolvuntur,</strong></span> 
     </span>
    </p>
   </div>
   <div class='ocr_carea' id='block_1_84' title="bbox 2232 4052 3773 4130">
    <p class='ocr_par' dir='ltr' id='par_1_84' title="bbox 2232 4052 3773 4130">
     <span class='ocr_line' id='line_1_84' title="bbox 2232 4052 3773 4130; baseline -0.009 -14"><span class='ocrx_word' id='word_1_570' title='bbox 2232 4077 2265 4116; x_wconf 87' lang='lat' dir='ltr'><strong>a</strong></span> <span class='ocrx_word' id='word_1_571' title='bbox 2315 4060 2643 4130; x_wconf 83' lang='lat' dir='ltr'><strong>presbyteris</strong></span> <span class='ocrx_word' id='word_1_572' title='bbox 2675 4067 2856 4113; x_wconf 86' lang='lat' dir='ltr'><strong>autem</strong></span> <span class='ocrx_word' id='word_1_573' title='bbox 2890 4057 3341 4112; x_wconf 85' lang='lat' dir='ltr'><strong>monasteriorum</strong></span> <span class='ocrx_word' id='word_1_574' title='bbox 3394 4055 3511 4110; x_wconf 88' lang='lat' dir='ltr'><strong>sive</strong></span> <span class='ocrx_word' id='word_1_575' title='bbox 3552 4052 3773 4107; x_wconf 82' lang='lat' dir='ltr'><strong>villarum</strong></span> 
     </span>
    </p>
   </div>
   <div class='ocr_carea' id='block_1_85' title="bbox 2233 4141 3783 4220">
    <p class='ocr_par' dir='ltr' id='par_1_85' title="bbox 2233 4141 3783 4220">
     <span class='ocr_line' id='line_1_85' title="bbox 2233 4141 3783 4220; baseline -0.008 -15"><span class='ocrx_word' id='word_1_576' title='bbox 2233 4159 2346 4206; x_wconf 90' lang='lat' dir='ltr'><strong>tres</strong></span> <span class='ocrx_word' id='word_1_577' title='bbox 2391 4150 2568 4205; x_wconf 69' lang='lat' dir='ltr'><strong>missze</strong></span> <span class='ocrx_word' id='word_1_578' title='bbox 2624 4150 2954 4220; x_wconf 88' lang='lat' dir='ltr'><strong>totidemque</strong></span> <span class='ocrx_word' id='word_1_579' title='bbox 2986 4148 3183 4218; x_wconf 64' lang='lat' dir='ltr'><strong>vigilia:</strong></span> <span class='ocrx_word' id='word_1_580' title='bbox 3212 4145 3604 4217; x_wconf 90' lang='lat' dir='ltr'><strong>dependantur.</strong></span> <span class='ocrx_word' id='word_1_581' title='bbox 3625 4141 3783 4197; x_wconf 73' lang='lat' dir='ltr'><strong>Exitus</strong></span> 
     </span>
    </p>
   </div>
   <div class='ocr_carea' id='block_1_86' title="bbox 2236 4230 3781 4311">
    <p class='ocr_par' dir='ltr' id='par_1_86' title="bbox 2236 4230 3781 4311">
     <span class='ocr_line' id='line_1_86' title="bbox 2236 4230 3781 4311; baseline -0.006 -17"><span class='ocrx_word' id='word_1_582' title='bbox 2236 4250 2413 4294; x_wconf 90' lang='lat' dir='ltr'><strong>autem</strong></span> <span class='ocrx_word' id='word_1_583' title='bbox 2445 4240 2866 4311; x_wconf 87' lang='lat' dir='ltr'><strong>uniuscujusque</strong></span> <span class='ocrx_word' id='word_1_584' title='bbox 2894 4238 3134 4293; x_wconf 89' lang='lat' dir='ltr'><strong>vicissim</strong></span> <span class='ocrx_word' id='word_1_585' title='bbox 3168 4236 3271 4307; x_wconf 89' lang='lat' dir='ltr'><strong>piis</strong></span> <span class='ocrx_word' id='word_1_586' title='bbox 3304 4233 3647 4290; x_wconf 86' lang='lat' dir='ltr'><strong>currentibus</strong></span> <span class='ocrx_word' id='word_1_587' title='bbox 3668 4230 3781 4285; x_wconf 84' lang='lat' dir='ltr'><strong>liue-</strong></span> 
     </span>
    </p>
   </div>
   <div class='ocr_carea' id='block_1_87' title="bbox 2236 4324 3783 4391">
    <p class='ocr_par' dir='ltr' id='par_1_87' title="bbox 2236 4324 3783 4391">
     <span class='ocr_line' id='line_1_87' title="bbox 2236 4324 3783 4391; baseline -0.009 -4"><span class='ocrx_word' id='word_1_588' title='bbox 2236 4331 2312 4387; x_wconf 89' lang='lat' dir='ltr'><strong>ris</strong></span> <span class='ocrx_word' id='word_1_589' title='bbox 2344 4331 2665 4387; x_wconf 87' lang='lat' dir='ltr'><strong>innotescat.</strong></span> <span class='ocrx_word' id='word_1_590' title='bbox 2704 4328 3008 4386; x_wconf 64' lang='lat' dir='ltr'><strong>Praesentes</strong></span> <span class='ocrx_word' id='word_1_591' title='bbox 3033 4330 3198 4384; x_wconf 89' lang='lat' dir='ltr'><strong>etiam</strong></span> <span class='ocrx_word' id='word_1_592' title='bbox 3226 4326 3451 4383; x_wconf 89' lang='lat' dir='ltr'><strong>ahbates</strong></span> <span class='ocrx_word' id='word_1_593' title='bbox 3474 4324 3527 4379; x_wconf 93' lang='lat' dir='ltr'><strong>in</strong></span> <span class='ocrx_word' id='word_1_594' title='bbox 3552 4334 3657 4377; x_wconf 77' lang='lat' dir='ltr'><strong>tam</strong></span> <span class='ocrx_word' id='word_1_595' title='bbox 3682 4333 3783 4391; x_wconf 88' lang='lat' dir='ltr'><strong>pro-</strong></span> 
     </span>
    </p>
   </div>
   <div class='ocr_carea' id='block_1_88' title="bbox 2238 4411 3785 4493">
    <p class='ocr_par' dir='ltr' id='par_1_88' title="bbox 2238 4411 3785 4493">
     <span class='ocr_line' id='line_1_88' title="bbox 2238 4411 3785 4493; baseline -0.005 -19"><span class='ocrx_word' id='word_1_596' title='bbox 2238 4419 2419 4475; x_wconf 75' lang='lat' dir='ltr'><strong>futura</strong></span> <span class='ocrx_word' id='word_1_597' title='bbox 2446 4421 2706 4479; x_wconf 85' lang='lat' dir='ltr'><strong>societate</strong></span> <span class='ocrx_word' id='word_1_598' title='bbox 2734 4420 2962 4493; x_wconf 88' lang='lat' dir='ltr'><strong>recepti,</strong></span> <span class='ocrx_word' id='word_1_599' title='bbox 2991 4420 3180 4476; x_wconf 89' lang='lat' dir='ltr'><strong>eadem</strong></span> <span class='ocrx_word' id='word_1_600' title='bbox 3211 4431 3272 4473; x_wconf 89' lang='lat' dir='ltr'><strong>se</strong></span> <span class='ocrx_word' id='word_1_601' title='bbox 3298 4413 3607 4474; x_wconf 85' lang='lat' dir='ltr'><strong>conditione</strong></span> <span class='ocrx_word' id='word_1_602' title='bbox 3624 4411 3785 4483; x_wconf 55' lang='lat' dir='ltr'><strong>junxu</strong></span> 
     </span>
    </p>
   </div>
   <div class='ocr_carea' id='block_1_89' title="bbox 2241 4522 2389 4568">
    <p class='ocr_par' dir='ltr' id='par_1_89' title="bbox 2241 4522 2389 4568">
     <span class='ocr_line' id='line_1_89' title="bbox 2241 4522 2389 4568; baseline -0.007 0"><span class='ocrx_word' id='word_1_603' title='bbox 2241 4522 2389 4568; x_wconf 88' lang='lat' dir='ltr'><strong>runt.</strong></span> 
     </span>
    </p>
   </div>
   <div class='ocr_carea' id='block_1_90' title="bbox 2427 4621 2443 4650">
    <p class='ocr_par' dir='ltr' id='par_1_90' title="bbox 2427 4621 2443 4650">
     <span class='ocr_line' id='line_1_90' title="bbox 2427 4621 2443 4650; baseline 0 0"><span class='ocrx_word' id='word_1_604' title='bbox 2427 4621 2443 4650; x_wconf 82' lang='grc' dir='ltr'><em>Ι</em></span> 
     </span>
    </p>
   </div>
   <div class='ocr_carea' id='block_1_91' title="bbox 1465 4716 2929 4786">
    <p class='ocr_par' dir='ltr' id='par_1_91' title="bbox 1465 4716 2929 4786">
     <span class='ocr_line' id='line_1_91' title="bbox 1465 4716 2929 4786; baseline -0.005 -7"><span class='ocrx_word' id='word_1_605' title='bbox 1465 4718 1841 4781; x_wconf 77' lang='lat' dir='ltr'><strong>HLOTHARU</strong></span> <span class='ocrx_word' id='word_1_606' title='bbox 1879 4719 1924 4775; x_wconf 86' lang='lat' dir='ltr'><strong>ll</strong></span> <span class='ocrx_word' id='word_1_607' title='bbox 1962 4716 2166 4778; x_wconf 74' lang='lat' dir='ltr'><strong>REGIS</strong></span> <span class='ocrx_word' id='word_1_608' title='bbox 2204 4716 2527 4777; x_wconf 74' lang='lat' dir='ltr'><strong>SYNODUS</strong></span> <span class='ocrx_word' id='word_1_609' title='bbox 2565 4716 2929 4786; x_wconf 76' lang='lat' dir='ltr'><strong>AQUENSIS.</strong></span> 
     </span>
    </p>
   </div>
   <div class='ocr_carea' id='block_1_92' title="bbox 1918 4875 2488 4947">
    <p class='ocr_par' dir='ltr' id='par_1_92' title="bbox 1918 4875 2488 4947">
     <span class='ocr_line' id='line_1_92' title="bbox 1918 4875 2488 4947; baseline -0.002 -20"><span class='ocrx_word' id='word_1_610' title='bbox 1918 4875 2042 4947; x_wconf 84' lang='lat' dir='ltr'><strong>(An.</strong></span> <span class='ocrx_word' id='word_1_611' title='bbox 2077 4875 2201 4942; x_wconf 76' lang='lat'><strong>860,</strong></span> <span class='ocrx_word' id='word_1_612' title='bbox 2239 4875 2365 4931; x_wconf 76' lang='lat' dir='ltr'><strong>Jan.</strong></span> <span class='ocrx_word' id='word_1_613' title='bbox 2407 4875 2488 4945; x_wconf 89' lang='lat'><strong>9.)</strong></span> 
     </span>
    </p>
   </div>
   <div class='ocr_carea' id='block_1_93' title="bbox 643 5014 3784 5102">
    <p class='ocr_par' dir='ltr' id='par_1_93' title="bbox 643 5014 3784 5102">
     <span class='ocr_line' id='line_1_93' title="bbox 643 5014 3784 5102; baseline -0.004 -9"><span class='ocrx_word' id='word_1_614' title='bbox 643 5014 836 5094; x_wconf 76' lang='lat' dir='ltr'><strong>Exstat</strong></span> <span class='ocrx_word' id='word_1_615' title='bbox 878 5038 931 5091; x_wconf 90' lang='lat' dir='ltr'><strong>in</strong></span> <span class='ocrx_word' id='word_1_616' title='bbox 974 5036 1113 5092; x_wconf 83' lang='lat' dir='ltr'><strong>libro</strong></span> <span class='ocrx_word' id='word_1_617' title='bbox 1141 5034 1418 5089; x_wconf 80' lang='lat' dir='ltr'><strong>Hiucmari</strong></span> <span class='ocrx_word' id='word_1_618' title='bbox 1450 5033 1525 5089; x_wconf 89' lang='lat' dir='ltr'><strong>De</strong></span> <span class='ocrx_word' id='word_1_619' title='bbox 1573 5033 1804 5089; x_wconf 85' lang='lat' dir='ltr'><strong>divortio</strong></span> <span class='ocrx_word' id='word_1_620' title='bbox 1840 5030 2081 5087; x_wconf 84' lang='lat' dir='ltr'><strong>Lotharii</strong></span> <span class='ocrx_word' id='word_1_621' title='bbox 2122 5039 2179 5087; x_wconf 89' lang='lat' dir='ltr'><strong>et</strong></span> <span class='ocrx_word' id='word_1_622' title='bbox 2221 5029 2578 5102; x_wconf 79' lang='lat' dir='ltr'><strong>Theutbcrga:</strong></span> <span class='ocrx_word' id='word_1_623' title='bbox 2624 5030 2854 5102; x_wconf 67' lang='lat' dir='ltr'><strong>reginae,</strong></span> <span class='ocrx_word' id='word_1_624' title='bbox 2891 5028 3149 5085; x_wconf 88' lang='lat' dir='ltr'><strong>editionis</strong></span> <span class='ocrx_word' id='word_1_625' title='bbox 3178 5026 3502 5084; x_wconf 83' lang='lat' dir='ltr'><strong>Parisiensis</strong></span> <span class='ocrx_word' id='word_1_626' title='bbox 3538 5043 3623 5082; x_wconf 83' lang='lat' dir='ltr'><strong>an.</strong></span> <span class='ocrx_word' id='word_1_627' title='bbox 3660 5022 3784 5087; x_wconf 72' lang='lat' dir='ltr'><strong>lli-i5.</strong></span> 
     </span>
    </p>
   </div>
   <div class='ocr_carea' id='block_1_94' title="bbox 576 5106 1353 5179">
    <p class='ocr_par' dir='ltr' id='par_1_94' title="bbox 576 5106 1353 5179">
     <span class='ocr_line' id='line_1_94' title="bbox 576 5106 1353 5179; baseline -0.006 -16"><span class='ocrx_word' id='word_1_628' title='bbox 576 5118 708 5165; x_wconf 73' lang='lat' dir='ltr'><strong>tum.</strong></span> <span class='ocrx_word' id='word_1_629' title='bbox 746 5106 789 5175; x_wconf 83' lang='grc' dir='ltr'><strong>Ι,</strong></span> <span class='ocrx_word' id='word_1_630' title='bbox 817 5122 936 5179; x_wconf 81' lang='lat' dir='ltr'><strong>pag.</strong></span> <span class='ocrx_word' id='word_1_631' title='bbox 968 5106 1094 5172; x_wconf 77' lang='lat' dir='ltr'><strong>5T5,</strong></span> <span class='ocrx_word' id='word_1_632' title='bbox 1121 5106 1251 5160; x_wconf 69' lang='grc'><strong>574.</strong></span> <span class='ocrx_word' id='word_1_633' title='bbox 1350 5134 1353 5137; x_wconf 97' lang='grc'><strong>-</strong></span> 
     </span>
    </p>
   </div>
   <div class='ocr_carea' id='block_1_95' title="bbox 659 5258 3787 5326">
    <p class='ocr_par' dir='ltr' id='par_1_95' title="bbox 659 5258 3787 5326">
     <span class='ocr_line' id='line_1_95' title="bbox 659 5258 3787 5326; baseline -0.004 0"><span class='ocrx_word' id='word_1_634' title='bbox 659 5285 712 5326; x_wconf 78' lang='lat' dir='ltr'><strong>t-</strong></span> <span class='ocrx_word' id='word_1_635' title='bbox 749 5282 1041 5326; x_wconf 72' lang='lat' dir='ltr'><strong>Pnsmnam</strong></span> <span class='ocrx_word' id='word_1_636' title='bbox 1066 5276 1297 5326; x_wconf 83' lang='lat' dir='ltr'><strong>domnus</strong></span> <span class='ocrx_word' id='word_1_637' title='bbox 1316 5286 1501 5326; x_wconf 82' lang='lat' dir='ltr'><strong>noster</strong></span> <span class='ocrx_word' id='word_1_638' title='bbox 1524 5273 1835 5326; x_wconf 83' lang='lat' dir='ltr'><strong>Hlotharius</strong></span> <span class='ocrx_word' id='word_1_639' title='bbox 1875 5274 2152 5326; x_wconf 83' lang='lat' dir='ltr'><strong>serenissi-</strong></span> <span class='ocrx_word' id='word_1_640' title='bbox 2179 5258 2230 5316; x_wconf 82' lang='grc' dir='ltr'><strong>Ῐ)</strong></span> <span class='ocrx_word' id='word_1_641' title='bbox 2257 5274 2422 5326; x_wconf 75' lang='lat' dir='ltr'><strong>rcuali</strong></span> <span class='ocrx_word' id='word_1_642' title='bbox 2471 5274 2577 5326; x_wconf 86' lang='lat' dir='ltr'><strong>sibi</strong></span> <span class='ocrx_word' id='word_1_643' title='bbox 2617 5272 2868 5326; x_wconf 80' lang='lat' dir='ltr'><strong>sociavit.</strong></span> <span class='ocrx_word' id='word_1_644' title='bbox 2896 5279 2952 5326; x_wconf 89' lang='lat' dir='ltr'><strong>et</strong></span> <span class='ocrx_word' id='word_1_645' title='bbox 2997 5270 3383 5326; x_wconf 88' lang='lat' dir='ltr'><strong>discordiarum</strong></span> <span class='ocrx_word' id='word_1_646' title='bbox 3412 5266 3644 5326; x_wconf 72' lang='lat' dir='ltr'><strong>querela:</strong></span> <span class='ocrx_word' id='word_1_647' title='bbox 3679 5265 3787 5319; x_wconf 82' lang='lat' dir='ltr'><strong>inter</strong></span> 
     </span>
    </p>
   </div>
  </div>
