3960 6320
162 406 273 464 665

1193 409 1625 469 FRANCORUM
1663 411 1908 469 REGUM
1947 400 2459 502 csptTULAmAQ

3331 415 3434 473 666

166 524 445 594 quoddam
476 525 740 582 horribile
760 540 823 581 ac
849 526 1002 581 nefas
1032 535 1326 596 patratum,
1349 527 1544 583 vulnus
1568 526 1750 582 occul-
1776 532 1828 590 Α
1923 528 1978 582 4.
2027 527 2243 585 Primus
2287 529 2621 587 Guntbarius
2648 531 2783 588 dixit
2812 548 2826 588 :
2856 530 3109 603 Confessa
3131 542 3205 587 est
3236 532 3346 588 Deo
3393 540 3444 586 et

165 624 281 671 tum
309 617 366 672 in
395 619 577 674 animo
602 618 716 673 sive
743 618 796 672 in
830 633 1056 688 corpore
1089 617 1333 682 haberet,
1362 617 1416 672 in
1441 633 1548 688 quo
1578 618 1750 672 Deum

165 709 406 780 graviter
453 708 716 764 offensum
764 710 1012 774 haberet,
1058 724 1156 778 pro
1201 725 1308 779 quo
1345 711 1508 764 etiam
1540 709 1615 764 illi
1644 725 1751 764 non

171 809 309 856 esset
329 802 508 872 digna,
540 816 714 871 neque
745 800 934 856 liceret
955 799 1036 854 vel
1067 815 1190 856 eum
1216 802 1434 856 deceret
1465 800 1532 854 ad
1560 800 1749 870 conju-

174 895 310 964 gium
341 909 461 948 eam
491 894 723 964 amplius
745 893 967 948 habere.

236 984 293 1038 2.
322 982 403 1040 Ex
427 985 682 1054 opinione
709 999 834 1038 vero
858 982 1158 1054 praemissa,
1181 998 1302 1052 quae
1332 984 1397 1038 de
1421 984 1508 1038 illa
1531 999 1630 1054 per
1652 1000 1749 1040 ora

176 1075 522 1148 quorumdam
545 1075 828 1138 volitabat,
873 1073 1131 1145 praefatus
1163 1090 1255 1128 rex
1285 1075 1339 1129 in
1363 1085 1653 1145 cormpectu
1681 1076 1746 1130 li-

175 1171 362 1227 delium
391 1185 614 1225 suorum
637 1175 846 1222 secrete
868 1182 932 1220 ac
959 1165 1248 1221 manifeste
1278 1165 1591 1236 frequenter
1619 1183 1748 1223 con-

175 1264 376 1319 locutus
399 1262 523 1327 fuit,
550 1271 604 1317 et
638 1277 762 1316 cum
790 1261 870 1316 eis
896 1260 1138 1314 rationes
1180 1259 1385 1324 habuit,
1421 1259 1562 1314 unde
1603 1259 1748 1328 judi-

173 1356 304 1411 cium
346 1362 534 1425 postea
574 1367 674 1423 per
716 1352 956 1423 ipsorum
988 1350 1275 1405 consilium
1305 1351 1487 1405 extitit
1518 1351 1744 1418 factum,

172 1445 262 1503 sed
284 1459 392 1500 non
413 1443 596 1498 divina
625 1443 801 1515 pietas
825 1441 1110 1511 indulgens
1138 1441 1216 1494 rei
1248 1440 1536 1496 veritatem
1574 1443 1747 1496 mani-

174 1538 365 1592 testare
384 1534 585 1600 voluit;
613 1534 707 1588 sed
733 1548 855 1588 cum
880 1530 1221 1603 postmodum
1245 1531 1313 1584 ad
1340 1530 1562 1587 fratrem
1587 1517 1744 1586 suum

173 1623 536 1680 illudowicum
603 1623 986 1694 imperatorem
1040 1621 1095 1675 in
1147 1620 1355 1676 italiam
1413 1621 1740 1690 devenisset,

172 1717 290 1773 illuc
339 1715 577 1784 apertius
627 1721 903 1786 patratum
949 1710 1128 1768 scelus
1175 1720 1260 1768 est
1299 1711 1376 1767 illi
1427 1713 1745 1770 manifesta-

170 1817 296 1864 tum.

1858 621 2027 687 nobis,
2057 621 2197 692 quod
2222 621 2408 677 vulnus
2432 623 2487 676 in
2525 639 2578 678 se
2609 623 2820 678 haberet
2857 624 3096 689 interius,
3129 641 3232 678 nan
3267 634 3440 677 tamen

1855 730 1954 767 sua
1984 723 2186 782 sponte,
2223 715 2312 767 sed
2341 713 2588 768 violenter
2615 714 2995 780 sibiinlatum,
3029 731 3123 785 pra
3159 731 3261 784 qua
3291 715 3437 766 indi-

1855 819 2014 872 gnam
2043 820 2098 856 se
2121 820 2229 857 esse
2255 805 2467 858 omnino
2491 803 2751 873 judicavit
2777 805 2844 858 ad
2874 804 3098 874 regalem
3133 805 3238 857 sive
3275 804 3444 856 mari-

1852 897 2010 949 talem
2068 905 2239 948 torum
2282 896 2401 966 jam
2461 897 2679 950 ulterius
2725 897 3006 962 accedere,
3037 907 3084 949 et
3135 894 3439 948 nullatenus

1849 993 2020 1053 posset
2067 1001 2160 1062 pro
2195 987 2446 1054 prtvdicta
2491 985 2700 1049 scelere,
2742 986 2882 1056 quod
2926 995 3076 1052 turpe
3111 993 3186 1036 est
3225 983 3436 1047 dicere,

1850 1077 2151 1148 canjugium
2177 1077 2438 1145 famulare
2480 1094 2598 1130 cum
2643 1095 2702 1132 ea
2726 1119 2739 1144 ,
2773 1077 2850 1132 vel
2883 1094 3000 1131 cum
3038 1077 3263 1147 qualibet
3314 1093 3430 1129 am-

1847 1172 1985 1243 plius
2035 1175 2268 1226 habere:
2297 1181 2344 1226 et
2385 1172 2501 1227 ideo
2549 1172 2826 1242 deprecata
2878 1180 2978 1236 est,
3028 1170 3289 1224 licentiam
3339 1169 3440 1223 sibi

1848 1262 1968 1315 dari
1998 1261 2241 1314 mutandi
2289 1260 2598 1315 swcularem
2649 1261 2926 1322 habitum,
2966 1269 3014 1314 et
3046 1277 3078 1313 a
3119 1259 3256 1314 virili
3296 1275 3438 1312 com-

1847 1354 2100 1408 mixtione
2149 1353 2472 1416 discedendi,
2506 1351 2653 1407 nulla
2697 1353 3066 1408 interveniente
3106 1354 3297 1423 fraude
3331 1353 3436 1406 ira-

1847 1446 2077 1511 cundite,
2109 1445 2186 1500 vel
2217 1448 2375 1499 etiam
2413 1445 2678 1500 voluntate
2702 1462 2860 1516 quam
2891 1453 3073 1499 contra
3102 1443 3321 1498 eundem
3353 1461 3436 1498 re-

1847 1553 1960 1607 gem
2006 1536 2239 1602 haberet,
2284 1536 2375 1590 sed
2426 1547 2481 1590 ut
2535 1536 2629 1590 illa
2679 1537 2994 1601 discedente,
3021 1537 3130 1605 ipse
3177 1535 3353 1590 animo
3383 1545 3433 1589 et

1846 1645 2062 1698 corpore
2098 1628 2380 1692 solaretur,
2429 1639 2477 1682 et
2514 1630 2629 1698 ipsa
2666 1628 2804 1698 quod
2841 1627 3180 1698 inique'egit,
3214 1643 3305 1697 per
3331 1625 3432 1679 Dei

1844 1718 2262 1773 misericordiam
2310 1730 2360 1772 et
2407 1718 2708 1772 earumdem
2753 1719 3112 1788 episcoporum
3167 1715 3431 1771 arationes

1845 1810 2036 1880 deflere
2057 1810 2324 1880 patuisset.

235 1903 290 1958 5.
316 1900 550 1958 Proinde
587 1915 655 1954 ne
682 1899 917 1969 su3picio
941 1897 1040 1953 ista
1068 1906 1122 1954 et
1151 1897 1485 1969 nequissima
1509 1897 1650 1952 fama
1677 1897 1744 1952 de
1771 1911 1818 1970 Β
1916 1904 1969 1958 5.
2024 1904 2326 1959 Adveniius
2385 1903 2564 1958 dixit:
2599 1901 2715 1957 Hoc
2759 1919 2841 1956 me
2893 1901 3100 1972 facinus
3149 1909 3198 1954 et
3222 1899 3422 1969 factum

171 2009 328 2050 uxore
353 1993 499 2065 regia
535 1991 739 2047 diutius
768 1991 1132 2046 inexaminata
1159 1998 1253 2045 aut
1288 1990 1592 2061 improbata
1625 2006 1741 2045 ma-

173 2093 336 2152 neret,
363 2093 629 2155 quatenus
676 2083 804 2138 item
854 2083 1105 2139 dominus
1132 2091 1317 2138 noster
1349 2083 1551 2139 certior
1586 2098 1742 2139 secu-

173 2177 377 2245 riorque
405 2172 629 2230 eﬂ'ectus
675 2173 743 2227 de
774 2173 876 2227 hac
909 2187 1096 2238 causa,
1129 2188 1251 2227 cum
1278 2186 1398 2242 quae
1428 2172 1503 2226 illi
1531 2175 1740 2244 agenda

174 2277 319 2322 erant
361 2281 512 2321 more
541 2264 707 2336 regali
741 2264 963 2320 liberius
1003 2273 1454 2334 exsequerentur,
1479 2279 1742 2320 convene-

172 2369 289 2414 runt
310 2357 456 2428 jussu
483 2354 738 2427 ejusdem
769 2357 1048 2428 principis,
1086 2373 1229 2412 anno
1265 2357 1520 2412 videlicet
1558 2359 1741 2412 incar-

171 2451 389 2506 nationis
413 2450 698 2505 dominicae
723 2448 850 2514 860,
873 2459 927 2504 et
953 2449 1105 2519 regni
1141 2447 1258 2517 ejus
1286 2449 1338 2514 5,
1365 2449 1657 2506 indictione
1680 2449 1737 2516 8,

174 2542 206 2596 5
227 2542 339 2598 ldus
360 2541 626 2604 Januarii,
657 2541 828 2610 Aquis
874 2540 1078 2610 palatio
1126 2538 1462 2596 Guntharius
1495 2556 1739 2596 summus

173 2632 462 2702 capellanus
491 2641 546 2687 et.
585 2631 927 2704 Teotgaudus
973 2631 1391 2701 archiepiscopi,
1434 2630 1734 2688 Adventius

172 2730 221 2776 et
260 2721 460 2778 France
506 2721 766 2792 episcopi,
830 2719 983 2792 llegil
1025 2729 1082 2776 et
1148 2719 1442 2792 Odelingus
1493 2721 1736 2790 abbates,

172 2815 273 2870 sive
299 2816 380 2870 alii
428 2814 612 2870 ﬁdeles
637 2815 775 2883 ejus.
814 2813 1021 2883 Quibus
1042 2813 1224 2870 omnia
1253 2814 1501 2884 superius
1532 2815 1735 2870 inserta

179 2906 424 2972 referens,
462 2903 702 2974 jubendo
761 2906 970 2960 monuit
1047 2903 1393 2976 praescriptos
1453 2904 1737 2974 episcopos

181 3005 323 3069 atque
362 2999 620 3064 abbates,
654 2995 892 3065 dirigens
936 2995 1003 3049 ad
1050 2995 1220 3060 illam,
1260 3003 1319 3050 ut
1365 2997 1434 3051 de
1481 2996 1738 3065 praedicta

178 3087 302 3145 fama
329 3089 462 3158 apud
497 3103 617 3142 eam
641 3100 856 3141 omnem
905 3085 986 3139 rei
1016 3085 1301 3140 veritatem
1335 3085 1736 3155 perquirerent,

177 3177 314 3232 sicuti
339 3185 392 3233 et
427 3177 692 3232 fecerunt.
723 3175 856 3230 Nam
900 3176 1011 3245 ipsa
1036 3175 1288 3232 confessa
1318 3185 1406 3234 est
1437 3178 1518 3232 eis
1551 3193 1735 3233 coram

1843 1997 2091 2050 hactenus
2121 1995 2299 2060 latuit,
2330 2005 2375 2048 et
2420 1995 2568 2064 nefas
2606 2003 2679 2048 est
2719 1993 2876 2057 illud,
2919 2003 2974 2046 ut
3006 1993 3248 2061 deinceps
3283 2005 3430 2042 more

1842 2086 2006 2139 maris
2049 2095 2097 2139 et
2142 2085 2352 2154 femina:
2378 2084 2534 2138 simul
2579 2084 2919 2147 conveniatis,
2959 2092 3008 2136 et
3055 2082 3100 2136 si
3141 2091 3340 2144 tamen,
3367 2087 3428 2131 ut

1842 2179 1988 2248 prius
2029 2179 2154 2248 fuit,
2186 2178 2327 2233 vobis
2352 2189 2483 2232 esset
2529 2178 2772 2232 amabilis
2799 2187 2847 2232 et
2869 2177 3060 2231 dilecta
3081 2217 3096 2242 ,
3125 2176 3305 2228 darem
3333 2189 3425 2228 vo-

1843 2271 1920 2326 bis
1950 2271 2229 2326 consilium
2258 2271 2544 2326 secundum
2567 2272 2913 2327 ministerium
2938 2270 3063 2324 mihi
3091 2267 3426 2322 commissum

1841 2375 1891 2418 et
1929 2364 2204 2434 probarem
2245 2365 2479 2429 omnino,
2527 2381 2590 2418 ne
2619 2364 2841 2418 ulterius
2872 2361 3027 2416 lateri
3055 2368 3222 2414 vestro
3249 2358 3424 2412 socia-

1844 2465 1986 2509 retur
2039 2455 2196 2510 sicuti
2260 2454 2508 2524 canjux,
2559 2455 2654 2508 sed
2698 2453 2856 2524 juxta
2948 2452 3248 2517 petitionem
3308 2449 3424 2518 ejus

1842 2546 2010 2603 velum
2049 2547 2282 2616 accipere
2322 2555 2370 2600 et
2411 2545 2647 2599 habitum
2692 2554 2902 2598 mutare
2951 2542 3049 2596 hac
3095 2540 3424 2595 permittere-

1849 2641 1938 2694 tis.

1914 2730 1966 2786 6.
2033 2729 2297 2786 Similiter
2362 2727 2708 2800 Teotgaudus
2777 2725 3224 2795 archiepiscopus
3286 2721 3426 2778 dixit

1842 2831 2006 2893 atque
2049 2822 2344 2878 consensit.

1912 2917 1965 2971 7.
1996 2915 2114 2986 Egil
2144 2915 2306 2982 abba,
2340 2915 2460 2969 vice
2485 2912 2724 2982 ejusdem
2755 2911 3060 2982 Tetbergw,
3102 2911 3176 2964 ita
3221 2907 3428 2962 facien-

1842 3015 1968 3072 dum
2000 3014 2192 3077 suasit,
2216 3020 2272 3067 et
2298 3011 2472 3081 petiit,
2501 3019 2562 3065 ut
2587 3010 2711 3080 quia
2735 3023 2842 3064 non
2883 3022 2979 3062 sua
3002 3013 3214 3076 sponte,
3239 3003 3334 3058 sed
3363 3001 3418 3056 vi

1841 3121 2101 3178 oppressa
2153 3119 2267 3159 rem
2318 3101 2608 3157 nefandam
2639 3105 3068 3170 perpetraverat,
3095 3096 3428 3149 tribueretur

1841 3201 1892 3256 ei
1941 3198 2170 3255 facultas
2218 3197 2454 3264 velandi,
2484 3205 2539 3252 et
2577 3195 2727 3250 locus
2756 3209 2864 3264 quo
2910 3200 3184 3263 patratum
3231 3187 3428 3242 vulnus

178 3267 271 3324 θθθ
315 3277 365 3325 εί
404 3268 611 3340 angelis
657 3267 782 3360 ej“5_
819 3268 1000 3322 omnia
1038 3269 1368 3360 qumq"e_i“
1414 3268 1502 3323 in“
1553 3275 1732 3335 eram,
1763 3268 1806 3330 C
1839 3298 2090 3356 sanaret,
2125 3288 2268 3360 quod
2305 3302 2433 3343 vero
2454 3286 2791 3358 simpliciter,
2817 3294 2872 3339 et
2901 3283 3048 3338 nullo
3075 3279 3423 3340 incumbente

176 3372 414 3428 omneque
447 3367 720 3414 secretum
763 3355 917 3426 juxta
963 3366 1210 3412 exortam
1273 3358 1473 3414 famam
1519 3360 1738 3429 penitus

175 3451 397 3519 apparuit
441 3449 570 3514 illis,
613 3448 822 3519 ipsique
865 3449 1069 3503 reversi
1123 3449 1512 3504 nuntiaverunt
1537 3450 1736 3518 praedi-

175 3546 250 3593 cto
271 3541 393 3612 regi,
421 3538 566 3614 quod
583 3537 651 3594 ad
673 3553 897 3595 uxorem
927 3553 1036 3596 non
1067 3539 1258 3596 liceret
1279 3539 1353 3594 illi
1369 3554 1490 3595 eam
1513 3540 1733 3596 habere.

1840 3383 2036 3438 timore
2059 3389 2153 3435 aut
2183 3379 2425 3452 qualibet
2453 3378 2739 3434 occasione
2763 3377 2849 3431 vel
2872 3374 3171 3440 voluntate,
3205 3371 3302 3428 sed
3324 3385 3428 3444 pro

1839 3472 1935 3529 Dei
1957 3487 2144 3528 amore
2170 3480 2224 3526 et
2249 3471 2446 3526 animae
2475 3483 2588 3526 suae
2615 3468 2884 3525 solutione
2908 3464 3146 3538 petebat.

1008 3717 1384 3777 HLOTHARH
1418 3716 1462 3774 ll
1501 3716 1706 3776 REGIS
1743 3715 2065 3774 SYNODUS
2101 3713 2446 3784 AQUENSIS
2484 3714 2547 3794 ιι.

1536 3876 1662 3948 (An.
1697 3874 1826 3943 860,
1869 3872 2053 3946 Febr.)

231 4019 609 4109 Fragineptum
633 4044 878 4109 actorum
913 4032 1414 4109 ejp_s__delihav_imus
1454 4029 1726 4109 e§__lil_rr_o.
1765 4027 2042 4086 Iliacmari
2073 4025 2150 4083 De
2176 4011 2674 4083 divortio’Lotharii
2715 4033 2770 4080 et
2805 4024 3162 4094 Theutberga:
3191 4022 3417 4094 reginar,

179 4100 407 4164 editionis
443 4105 764 4162 Parisiensis
794 4123 883 4161 an.
913 4100 1072 4171 1645,
1109 4113 1237 4160 tom.
1267 4103 1307 4171 Ι,
1339 4119 1461 4174 pag.
1490 4100 1750 4156 575-575.

233 4267 371 4322 Anno
387 4259 1196 4324 abincarnationeDominiSliO,
1227 4258 1516 4314 indictione
1543 4257 1597 4323 8,
1623 4272 1733 4312 me-

178 4356 333 4414 diante
360 4358 660 4414 Februario
683 4369 890 4419 mense,
923 4352 1342 4408 decernentibus
1373 4351 1622 4420 gloriosis
1649 4365 1733 4404 re-

179 4447 308 4515 gibus
327 4447 658 4509 Iiludowico,
685 4444 899 4508 Carolo,
926 4451 1088 4512 atque
1114 4441 1396 4496 Hlothario
1409 4440 1644 4508 juniore,
1677 4439 1731 4493 in

180 4538 386 4605 generali
402 4547 673 4593 conventu
694 4535 1014 4606 optimatum
1041 4548 1108 4586 ex
1131 4547 1296 4601 regno
1318 4530 1442 4584 almi
1468 4529 1732 4584 lllotbarii

181 4637 328 4682 actum
350 4637 432 4684 est
451 4628 740 4684 concilium
762 4627 1140 4696 episcoporum
1163 4621 1484 4691 Aquisgrani
1506 4619 1727 4689 palatio,

182 4715 431 4774 Guntbarii
474 4718 909 4790 Agrippinensis,
957 4714 1297 4786 Theotgaudi
1353 4712 1730 4778 Treverensis,

185 4809 450 4868 chilonis
507 4810 958 4882 Rotomagensis,
1011 4807 1310 4862 Franconis
1371 4804 1728 4873 Tungrensis,

185 4896 401 4957 llattonis
427 4901 804 4966 Virdunensis,
833 4897 1131 4968 llildegarii
1153 4895 1464 4962 Meldensis,
1491 4893 1732 4950 llilduini

185 4989 480 5048 Aviniensis.

240 5083 310 5138 15.
340 5084 420 5140 Ad
450 5084 627 5139 locum
649 5084 714 5138 de
742 5082 940 5137 femina
969 5081 1110 5136 unde
1140 5080 1340 5150 agitur,
1371 5079 1444 5133 ita
1474 5077 1733 5146 scriptum

178 5175 479 5242 reperimus:
518 5171 686 5227 Porro
717 5173 832 5239 illa,
885 5172 1031 5228 nulla
1070 5172 1350 5227 securitate
1391 5171 1489 5224 hoc
1531 5168 1737 5222 celandi

173 5276 252 5320 aut
279 5269 556 5340 superandi
607 5268 766 5332 fulta,
796 5269 964 5337 prima
1011 5263 1118 5336 regi
1169 5264 1404 5319 ordinem
1458 5262 1735 5332 perpetrati

173 5366 346 5426 rcatus,
371 5371 426 5413 ut
462 5361 604 5429 fanta
634 5359 828 5428 fuerat,
860 5359 1145 5412 enarravit.
1197 5355 1395 5408 Deinde
1423 5353 1737 5424 quibusdam

165 5449 506 5518 episcoporum
542 5450 698 5504 simul
736 5459 784 5505 et
826 5450 1080 5503 laicarum
1136 5448 1363 5518 idipsum
1417 5445 1734 5501 enucleavit:

163 5546 324 5597 postea
344 5561 547 5615 quoque
572 5543 868 5598 chartulam
897 5559 1008 5598 sua:
1029 5540 1392 5610 confessionis,
1431 5557 1527 5595 sua
1555 5549 1738 5610 rogatu

164 5637 517 5704 conscriptam,
547 5635 600 5689 in
632 5645 812 5689 nostra
837 5636 1070 5690 omnium
1098 5643 1144 5687 et
1169 5633 1453 5687 multarunt
1482 5631 1738 5686 laicarum

162 5726 446 5789 hrasentia,
471 5725 525 5778 in
557 5742 716 5779 manu
767 5725 983 5797 gloriosi
1031 5726 1165 5796 regis
1216 5724 1449 5778 Illatarii
1489 5723 1738 5795 porrexit,

165 5819 367 5885 moxque
387 5832 563 5871 caram
591 5816 826 5872 omnibus
848 5815 1024 5887 palam
1052 5815 1257 5872 locuta:
1281 5816 1600 5890 Damineqmi
1630 5830 1738 5885 rex,

1431 5887 1554 5911 σε...Δῦ

1835 4258 2022 4327 inquit,
2051 4265 2262 4327 propter
2290 4254 2460 4310 Deum
2487 4271 2637 4326 roga,
2673 4264 2720 4310 et
2745 4266 2957 4325 propter
2983 4261 3205 4308 vestram
3232 4269 3430 4308 merce-

1833 4349 1974 4414 dem,
2012 4357 2068 4402 ut
2096 4347 2223 4401 mihi
2249 4347 2603 4416 paenitentiam
2651 4363 2804 4416 agere
2855 4345 3030 4410 liceat,
3077 4344 3327 4414 quoniam
3377 4355 3426 4400 et

1834 4441 2002 4493 verbis
2055 4450 2100 4493 et
2124 4440 2317 4508 scripta
2368 4438 2641 4507 conﬁtear,
2679 4455 2759 4493 me
2816 4435 3146 4507 canjugalem
3182 4435 3426 4506 capulum

1835 4547 1938 4585 non
1967 4532 2174 4596 mereri,
2200 4530 2414 4600 ideoque
2439 4539 2701 4598 prostrata
2725 4529 3025 4597 suppliciter
3049 4526 3342 4597 expostulo,
3370 4536 3426 4580 ut

1835 4622 1964 4675 mihi
1982 4621 2097 4690 jam
2125 4637 2262 4675 nunc
2287 4629 2334 4673 et
2360 4619 2597 4688 deinceps
2651 4635 2754 4672 non
2809 4618 3068 4688 denegetis
3109 4617 3248 4688 quod
3299 4632 3427 4671 mea:

1761 4719 1810 4778 υ
1834 4711 1993 4766 saluti
2022 4712 2238 4780 posthac
2263 4725 2565 4763 succurrere
2590 4716 2776 4778 potest.
2809 4706 3011 4762 Textus
3056 4707 3236 4776 itaque
3285 4705 3427 4760 illius

1839 4805 2120 4874 scripturae
2149 4804 2263 4859 hzec
2291 4803 2459 4858 verba
2475 4812 2530 4856 et
2551 4801 2694 4855 hunc
2722 4815 2939 4854 sensum
2956 4799 3286 4864 continebat,
3314 4797 3426 4866 Ego

1842 4897 2138 4951 Thietbrihc
2158 4912 2316 4966 quam
2337 4893 2549 4963 feminei
2569 4909 2724 4947 sexus
2747 4891 3098 4962 imprudentia
3126 4901 3172 4945 et
3223 4890 3429 4961 fragili-
3473 4959 3476 4962 .

1841 4998 1922 5042 tas
1972 4986 2156 5056 fefellit
2201 4986 2455 5047 humana,
2501 4993 2550 5038 et
2601 4984 2917 5038 conscientia
2968 4981 3145 5036 delicti
3200 4980 3424 5044 mordet,

1842 5086 2051 5146 propter
2077 5091 2217 5144 spem
2239 5072 2427 5128 salutis
2453 5075 2645 5128 aninue
2669 5090 2814 5136 meae,
2849 5083 2898 5126 et
2944 5083 3155 5142 propter
3199 5068 3428 5138 fidelita-

1844 5179 1942 5223 tem
1969 5185 2093 5238 erga
2115 5168 2373 5222 seniorem
2401 5182 2590 5230 meum,
2626 5181 2801 5219 veram
2845 5163 3223 5232 confessionem
3251 5175 3429 5214 coram

1845 5259 1954 5314 Dea
1978 5270 2026 5314 et
2047 5259 2239 5313 sanctis
2267 5256 2466 5327 angelis
2494 5257 2630 5325 ejus,
2661 5273 2722 5308 ac
2744 5253 3120 5310 venerabilibus
3151 5251 3428 5321 episcopis,

1844 5351 1948 5406 sive
1963 5351 2222 5406 nobilibus
2243 5349 2414 5414 laicis,
2440 5348 2515 5403 sic
2537 5349 2807 5420 profiteor,
2828 5349 2953 5417 quia
2978 5360 3430 5416 germanusmteus

1845 5444 2142 5500 Hucbertus
2168 5443 2386 5500 clericus
2417 5461 2498 5497 me
2523 5440 2972 5496 adulescentulam
2998 5437 3252 5506 corrupit,
3297 5445 3345 5489 et
3376 5437 3432 5487 in

1842 5555 1956 5592 mea
2007 5553 2224 5608 corpore
2261 5545 2444 5590 contra
2488 5531 2786 5587 naturalem
2835 5545 2987 5583 usum
3027 5527 3430 5598 fornicationem

1842 5634 2094 5697 exercuit,
2151 5639 2197 5684 et
2242 5628 2573 5700 perpetravit.
2623 5625 2736 5679 Hoc
2793 5623 3061 5692 testiﬁcor,
3114 5632 3242 5676 teste
3303 5619 3429 5674 mihi

1845 5721 2163 5775 conscientia
2192 5735 2329 5784 mea,
2357 5734 2463 5772 non
2482 5716 2661 5787 aliqua
2684 5713 2928 5768 malivola
2955 5714 3282 5784 suggestione
3309 5727 3402 5781 per

1846 5828 2028 5877 suasa,
2056 5826 2216 5882 neque
2239 5809 2446 5864 violenti
2492 5805 2797 5864 necessitate
2836 5803 3125 5877 compulsa,
3174 5801 3262 5858 sed
3297 5801 3407 5856 sint.
