3876 5326
577 383 682 440 667

1269 384 1561 441 APPEND.
1603 385 1696 441 AD
1732 384 1909 442 SIEC.
1950 385 2019 442 Χ.
2057 387 2173 442 ---]

2276 388 2595 446 NUMENTA
2629 389 3114 449 DlPLOMATlCA.

3735 399 3813 464 668

575 503 701 574 plici
724 501 989 558 voluntate
1013 502 1086 557 rei
1118 502 1384 558 veritatem
1411 502 1567 556 sicuti
1589 512 1662 556 est
1683 503 1941 574 professa.
1968 501 2057 558 Sic
2086 520 2166 558 me
2194 509 2245 566 Α
2271 504 2574 573 conﬁtebor.
2623 504 2852 560 Tantum
2897 505 3106 562 obsecro
3151 514 3359 576 propter
3385 503 3491 562 Dei
3521 524 3749 577 amorem,
3772 525 3813 568 ut

579 595 790 664 adjuvet
817 594 1092 660 Dominus,
1119 596 1208 665 qui
1227 606 1520 665 peccatores
1550 593 1755 650 salvare
1794 596 1950 660 venit,
1988 603 2036 649 et
2057 612 2170 666 pec-

579 697 700 742 cata
723 687 1027 757 simpliciter
1049 704 1111 741 ac
1139 687 1390 741 veraciter
1412 688 1775 756 confitentibus
1799 705 1971 743 veram
1993 689 2171 743 indul-

579 780 806 848 gentiam
850 779 1110 847 promisit,
1138 779 1184 831 si
1241 778 1372 832 nihil
1395 779 1560 849 ﬁngo,
1590 779 1635 834 si
1658 797 1773 835 vera
1816 780 2030 851 propria
2049 797 2170 836 voce

579 871 891 940 pronuncio,
958 879 1007 924 et
1061 869 1356 924 litterarum
1406 873 1752 942 chirographo
1816 890 1922 928 rem
1971 884 2171 942 gestam

580 960 1011 1030 con/irmo:quia
1064 961 1391 1017 tolerabilius
1434 973 1509 1018 est
1552 965 1703 1028 mihi,
1753 965 2070 1034 imprudenti
2109 982 2173 1021 ac

579 1051 806 1120 decepta:
826 1053 1060 1122 feminw,
1087 1071 1266 1110 coram
1295 1055 1594 1112 hominibus
1621 1055 1831 1126 culpam
1868 1057 2175 1128 simpliciter

578 1141 861 1210 conﬁteri,
919 1160 1077 1214 quam
1135 1155 1257 1199 ante
1322 1145 1555 1200 tribunal
1607 1145 1826 1203 Domini
1877 1148 2175 1204 erubescere

579 1238 735 1302 atque
754 1239 1009 1288 teternum
1042 1251 1120 1289 va:
1147 1234 1356 1288 habere.

651 1321 742 1376 16.
774 1321 887 1378 Hoc
910 1322 1092 1395 itaque
1123 1324 1372 1390 recitato,
1395 1323 1726 1382 adstantium
1748 1329 1960 1384 animos
1977 1329 2175 1386 horror

577 1410 790 1480 pariter
823 1426 890 1467 ac
913 1412 1068 1467 dolor
1095 1414 1348 1483 perculit,
1379 1430 1444 1470 ac
1467 1415 1533 1471 de
1562 1425 1712 1472 tanta
1739 1417 1958 1473 licentia
1986 1419 2174 1475 diabo-

579 1502 697 1560 lica:
726 1503 930 1560 fraudis
963 1506 1306 1562 sacerdotum
1338 1516 1558 1578 pectora
1597 1509 1830 1580 gemitus
1859 1510 2170 1579 complevit.

579 1593 690 1650 Sed
717 1583 967 1664 quamvis
990 1597 1088 1652 ista
1116 1597 1234 1667 ejus
1264 1598 1532 1654 confessio
1561 1599 1836 1655 credibilis
1862 1610 2170 1672 appareret,

579 1699 762 1746 tamen
792 1707 858 1746 ne
891 1691 1029 1748 forte
1054 1709 1150 1763 pro
1172 1693 1349 1763 aliqua
1382 1694 1698 1763 deceptione
1724 1703 1818 1750 aut
1851 1711 1951 1766 pro
1979 1697 2174 1752 timore

580 1782 810 1853 alicujus
838 1798 978 1854 satpe
1000 1784 1138 1839 dicta
1163 1785 1356 1840 mulier
1378 1786 1722 1851 mentiretur,
1756 1785 1936 1842 denuo
1963 1801 2171 1841 memo-

578 1882 755 1928 ratum
771 1889 949 1944 regem
983 1875 1339 1945 alloquentes,
1356 1877 1567 1947 magnis
1581 1892 1704 1933 eum
1720 1877 2174 1933 obtestationibus

579 1965 994 2030 adstrinximus,
1022 1976 1083 2020 ut
1104 1967 1260 2023 nobis
1290 1968 1665 2031 confiteretur,
1697 1969 1742 2023 si
1770 1983 1889 2024 eam
1920 1969 2176 2025 suasione

578 2055 1111 2111 autcomminatione
1135 2057 1201 2111 ad
1233 2058 1468 2128 seipsam
1497 2057 1762 2113 fallaciter
1777 2059 2175 2114 criminandum

579 2146 948 2217 compulisset.
962 2148 1190 2204 Econtra
1205 2149 1317 2220 ipse
1336 2165 1456 2204 cum
1471 2150 1724 2206 maximis
1740 2151 2177 2206 attestationibus

579 2237 738 2292 nobis
767 2237 1080 2304 declaravit,
1108 2238 1277 2295 solam
1301 2241 1376 2296 rei
1408 2242 1691 2297 veritatem
1727 2242 1870 2297 illam
1924 2243 2172 2299 confiteri

581 2343 643 2384 se
670 2329 1023 2397 persuasisse,
1057 2343 1159 2384 nec
1194 2335 1247 2384 in
1278 2345 1341 2386 ea
1391 2346 1554 2386 causa
1606 2331 1934 2388 industriose
1972 2331 2175 2402 aliquid

581 2417 814 2487 amplius
841 2419 1037 2489 egisse.
1068 2418 1359 2475 Referebat
1387 2420 1552 2474 etiam
1578 2419 1735 2475 nobis
1782 2419 1833 2474 in
1877 2420 1990 2489 ipsa
2021 2419 2172 2484 hora,

579 2514 854 2582 quomodo
879 2523 1166 2584 postquam
1205 2514 1438 2584 primum
1473 2513 1752 2568 infandam
1785 2529 1900 2568 rem
1945 2512 2173 2580 audivit,

580 2612 637 2658 et
659 2618 844 2679 veram
866 2603 1112 2670 credidit,
1145 2613 1405 2675 quantum
1431 2604 1556 2658 inde
1579 2603 1768 2667 doluit,
1801 2611 2176 2673 quantumque

581 2699 685 2754 sibi
714 2698 1052 2770 inopinatum
1083 2699 1303 2766 malum,
1332 2709 1388 2755 et
1416 2699 1640 2754 minime
1681 2706 1866 2768 aptata
1919 2698 2029 2753 fors
2066 2697 2177 2753 dis-

579 2791 1052 2862 plicuit;qualiter
1081 2792 1311 2862 denique
1342 2806 1454 2847 rem
1489 2790 1685 2846 fmdam
1715 2790 1983 2861 patienter
2012 2787 2177 2854 ferre,

585 2894 642 2941 et
667 2885 768 2940 nisi
785 2886 895 2956 jam
921 2894 1130 2941 tantum
1152 2885 1294 2940 fama
1317 2885 1668 2962 cucurrisset,
1690 2883 1966 2939 occultare
1985 2883 2176 2950 voluit,

584 2985 642 3032 et
669 2985 929 3047 quantum
955 2978 1131 3048 potuit
1173 2976 1322 3034 fecit.
1351 2963 1504 3032 Unde
1523 2984 1579 3030 et
1606 2973 1800 3030 falsum
1822 2973 2090 3043 judicium
2119 2988 2180 3030 se

2271 593 2400 650 meis
2440 595 2678 666 precibus
2711 595 3061 651 desideratam
3085 596 3504 651 misericordiam
3542 598 3654 668 jam
3693 604 3813 657 modo

2272 688 2586 741 concedatis.
2611 685 2748 742 Hinc
2771 695 2957 756 nostra
2990 686 3292 744 sollicitudo
3319 687 3631 759 requisivit,
3646 704 3705 744 an
3727 691 3814 760 ipsa

2271 775 2500 832 ulterius
2535 776 2659 832 inde
2701 775 2939 848 aliquam
2976 777 3139 834 vellet
3179 779 3576 849 querimoniam
3624 795 3812 849 movere,

2274 875 2367 922 aut
2409 867 2618 937 aliquas
2663 867 2954 937 aliquando
2998 868 3224 925 insidias
3271 868 3470 934 moliri,
3503 869 3548 924 si
3579 885 3682 923 suae
3709 871 3814 942 peti-

2273 959 2406 1012 tioni
2435 959 2587 1012 fieret
2612 956 2982 1024 satisfactum;
3003 959 3156 1028 cujus
3181 957 3570 1029 obligationem
3597 968 3650 1012 et
3669 969 3811 1015 nostra

2274 1049 2418 1105 illico
2448 1049 2779 1104 unanimitas
2828 1049 2902 1104 ita
2943 1059 3224 1119 prosecuta
3267 1058 3382 1104 est:
3436 1049 3613 1114 Scias,
3651 1065 3679 1103 ο
3711 1050 3813 1118 ﬁlia,

2271 1143 2396 1214 quia
2419 1144 2465 1198 si
2487 1153 2721 1197 nostram
2748 1143 2802 1196 in
2828 1153 2876 1196 te
2898 1151 3146 1214 tuamque
3164 1141 3542 1212 confessionem
3559 1143 3813 1194 sententiain

2273 1234 2586 1306 expectabis,
2607 1242 2662 1286 ut
2683 1242 2732 1286 te
2758 1232 2948 1286 divinae
2970 1241 3015 1285 et
3039 1233 3304 1286 canonica:
3329 1231 3716 1302 comprehendat
3747 1248 3814 1284 av-

2273 1325 2528 1380 ctoritatis
2549 1341 2788 1389 censura,
2806 1333 2852 1377 et
2875 1321 3255 1378 indissolubilis
3269 1321 3489 1393 incipiat
3509 1322 3665 1392 ligare
3682 1338 3812 1375 sacer-

2273 1417 2453 1471 dotum
2475 1425 2684 1480 catena,
2724 1415 2862 1469 unde
2889 1415 3060 1469 adhuc
3089 1423 3234 1482 potes
3261 1429 3596 1483 recuperare,
3622 1412 3664 1466 si
3679 1422 3811 1467 tamen

2271 1522 2434 1583 potes,
2464 1509 2706 1573 ulterius,
2732 1517 2786 1561 ut
2815 1508 3156 1571 (estimamus,
3187 1523 3289 1561 non
3311 1504 3660 1575 recuperabis.
3687 1503 3758 1557 Sic
3775 1512 3812 1556 et

2275 1600 2395 1654 laici
2428 1599 2716 1670 plurimum
2758 1612 2879 1651 eam
2941 1596 3362 1662 admonuerunt,
3418 1593 3649 1650 maxime
3687 1593 3810 1662 ipsius

2275 1691 2570 1746 familiares
2595 1697 2651 1743 et
2680 1688 2838 1743 amici
2861 1687 3151 1742 admodum
3183 1685 3350 1753 illam,
3383 1701 3456 1741 ne
3491 1699 3551 1740 se
3576 1684 3811 1754 deciperet,

2277 1786 2540 1856 pulsando
2593 1782 2966 1851 increpabant.
3015 1781 3135 1851 Ipsa
3197 1790 3402 1846 tamen,
3453 1777 3616 1833 veluti
3655 1777 3694 1832 si
3727 1776 3809 1843 eius

2277 1877 2625 1933 conscientiae
2669 1883 2936 1930 secretum
2989 1874 3310 1928 intuentium
3369 1869 3545 1926 oculis
3588 1866 3811 1924 visibiliter

2279 1976 2580 2039 appareret,
2639 1961 2930 2021 immobilis
2993 1964 3049 2019 in
3107 1978 3205 2020 sua
3257 1960 3603 2018 confessione
3657 1959 3805 2030 perdu-

2276 2061 2437 2117 ravit.

2349 2153 2434 2208 l8.
2467 2151 2606 2219 Quid
2626 2149 2838 2222 longius
2864 2147 3253 2206 immoremur?
3277 2144 3401 2202 1am
3424 2144 3571 2201 omni
3597 2142 3809 2198 dubietate

2278 2227 2506 2310 remota,
2537 2252 2593 2298 et
2619 2243 2698 2298 rei
2726 2245 2954 2298 veritate
2982 2248 3283 2310 comperta,
3312 2252 3518 2294 novum
3548 2233 3808 2290 auditusce-

2277 2335 2381 2402 lus,
2432 2335 2776 2406 nefandaque
2829 2333 3127 2406 pollutione
3169 2331 3528 2395 horrendum,
3573 2327 3806 2400 praesertim

2275 2427 2432 2498 cujus
2458 2427 2708 2484 faetorem
2729 2427 2842 2499 jam
2871 2427 2960 2482 diu
2983 2441 3080 2496 per
3101 2425 3421 2481 innumeros
3466 2421 3618 2491 longe
3639 2420 3806 2487 lateque

2281 2522 2424 2577 fama
2455 2520 2804 2594 disperserat,
2837 2534 2906 2574 ne
2945 2515 3304 2590 praesentibus
3354 2528 3425 2570 ac
3474 2511 3654 2567 futuris
3682 2507 3810 2577 pesti-

2277 2613 2450 2670 feram
2495 2612 2896 2681 corruptionem
2947 2609 3164 2674 inferat,
3206 2607 3309 2663 nisi
3354 2604 3597 2662 severius
3641 2599 3806 2670 diliges-

2281 2708 2500 2778 tiusque
2543 2704 2824 2771 evellatur,
2873 2703 3022 2760 nulla
3069 2701 3172 2758 levi
3225 2715 3353 2755 cura
3408 2696 3496 2751 vel
3543 2690 3803 2761 indulgentia

2282 2797 2626 2854 tractandum
2649 2796 2824 2851 visum
2855 2803 2957 2851 est.
2990 2793 3105 2850 Non
3135 2792 3280 2848 enim
3335 2789 3559 2846 dubium
3607 2793 3692 2849 est,
3720 2782 3803 2854 quia

2263 2893 2548 2956 naturalis
2578 2892 2719 2947 inter
2750 2889 2976 2945 fratrem
3029 2896 3083 2942 et
3125 2899 3372 2942 sororem
3414 2878 3706 2938 concubitus
3744 2889 3803 2927 reo

2284 2985 2430 3040 niam
2461 2980 2774 3053 temporalis
2801 2995 2905 3035 non
2930 2987 3172 3034 meretur
3196 2974 3444 3040 honoris,
3469 2981 3524 3029 et
3551 2970 3668 3026 nihil
3704 2964 3803 3021 aliud

582 3070 908 3142 sciente'pro
933 3070 1152 3126 verifica
1185 3070 1587 3126 examinatione
1613 3069 1853 3140 suscepit
1879 3077 1934 3123 et
1981 3068 2185 3123 tolera-
2263 3083 2477 3146 restat,
2509 3088 2670 3144 quam
2696 3071 2936 3126 vindicta
2966 3077 3020 3124 et
3044 3067 3394 3140 paenitentia,
3421 3081 3524 3120 nec
3550 3061 3691 3115 habet
3709 3057 3804 3111 ulte-

581 3161 682 3224 vit,
728 3170 788 3215 ut
837 3161 883 3218 si
935 3160 1047 3216 fieri
1097 3170 1281 3232 posset
1321 3170 1470 3216 tanta
1519 3161 1798 3231 turpitudo
1847 3157 2181 3216 incredibilis

583 3260 890 3322 appareret,
941 3261 997 3308 et
1051 3253 1129 3308 sic
1172 3253 1225 3307 in
1282 3254 1481 3308 mundo
1525 3261 1900 3317 evanesceret,
1953 3252 2178 3323 ipseque

585 3359 771 3400 coram
799 3345 996 3401 saeculo
1024 3347 1075 3401 in
1109 3355 1220 3402 tam
1245 3347 1601 3417 ignominiosa
1634 3345 1845 3402 macula
1869 3353 1925 3400 et
1956 3345 2176 3400 ruinosa

584 3431 882 3489 offensione
910 3449 1014 3490 non
1048 3444 1373 3492 remaneret.
1402 3436 1695 3505 Postquam
1727 3443 1906 3490 autem
1941 3433 2177 3488 revelata

586 3527 757 3604 pestis
780 3525 951 3583 latere
979 3543 1084 3583 non
1123 3530 1314 3599 potuit,
1345 3545 1409 3584 ac
1437 3529 1552 3598 ipse
1581 3529 1793 3598 pondus
1819 3527 1954 3582 tanti
1980 3540 2180 3598 oppro-

584 3616 689 3671 brii
717 3616 862 3673 ferre
885 3619 1148 3690 nequivit,
1172 3619 1406 3675 maxime
1433 3635 1557 3675 cum
1588 3619 1834 3690 partibus
1854 3618 2180 3690 Burgundiaa

587 3716 749 3778 atque
782 3707 950 3764 Italiae
976 3709 1286 3767 discurrens
1316 3710 1479 3766 nimis
1521 3709 1854 3765 dilfamatam
1885 3723 1950 3765 ac
2000 3707 2182 3765 divul-

583 3811 766 3870 gatam
821 3801 1120 3860 foeditatem
1173 3805 1476 3872 exhorruit,
1526 3819 1634 3861 non
1672 3812 1758 3860 est
1803 3819 1998 3875 passus
2042 3803 2181 3858 hanc

583 3911 804 3951 causam
838 3897 957 3954 sine
981 3899 1357 3970 episcoporum
1389 3898 1642 3954 examine
1658 3897 1864 3954 diutius
1893 3895 2176 3952 subsilere.

583 3986 796 4045 Revera
831 3989 1152 4062 lacryr’nosis
1198 3990 1445 4061 suspiriis
1487 3989 1858 4059 multipliciter
1901 3988 1952 4042 id
1985 3986 2086 4040 sibi
2114 3985 2180 4040 de

584 4089 885 4134 memorata
919 4078 1114 4134 femina
1157 4081 1506 4144 inculcatum",
1538 4087 1592 4136 et
1621 4079 1674 4132 in
1699 4079 1802 4132 hoc
1823 4077 1989 4132 etiam
2013 4090 2182 4147 regno

585 4181 616 4222 a
643 4168 890 4237 plurimis
920 4169 1242 4225 allirmatum
1271 4185 1376 4224 non
1400 4171 1516 4225 sine
1545 4169 1747 4239 gemitu
1773 4167 2070 4238 repetebat.

657 4261 745 4313 l7.
778 4259 887 4316 Nos
910 4261 1072 4330 igitur
1097 4278 1284 4318 rursus
1310 4263 1539 4318 eandem
1595 4261 1898 4331 mulierem,
1942 4262 2178 4333 primum

586 4359 820 4417 secreto,
848 4352 1042 4407 deinde
1067 4368 1250 4408 coram
1286 4354 1440 4409 laicis
1487 4354 1776 4419 adivimus,
1798 4368 2030 4424 eamque
2054 4370 2179 4410 cum

587 4441 930 4512 adjuratione
955 4444 1134 4498 divina
1153 4445 1374 4501 monitis
1395 4445 1642 4516 pluribus
1671 4445 1943 4502 exhortati
1968 4462 2177 4512 sumus,

588 4547 657 4586 ne
687 4532 789 4588 sibi
818 4534 926 4590 ullo
950 4537 1108 4592 modo
1125 4535 1316 4592 falsum
1339 4540 1547 4596 crimen
1580 4539 1823 4606 inferret,
1851 4550 2176 4596 aeternarum

589 4637 805 4695 quoque
828 4640 1110 4695 poenarum
1150 4629 1330 4694 minis,
1384 4630 1428 4685 si
1481 4630 1588 4687 hoc
1637 4631 1862 4698 faceret,
1899 4632 2179 4687 deterrere

589 4716 900 4773 curavimus
925 4737 938 4773 :
967 4719 1270 4791 iterumque
1298 4723 1364 4778 de
1394 4733 1582 4779 nostro
1612 4724 1839 4780 consilio
1875 4733 1933 4780 et
1977 4724 2178 4780 auxilio

590 4808 819 4866 tuitioue
845 4826 908 4866 ac
933 4812 1248 4869 defensione
1273 4823 1461 4870 contra
1486 4830 1675 4871 omnes
1700 4815 1924 4871 insidias
1947 4815 2034 4870 vel
2061 4815 2179 4869 vio-

499 4947 502 4950 .
589 4897 782 4955 lentias
821 4915 1066 4957 securam
1104 4905 1458 4971 reddidimus,
1505 4913 1714 4960 tantum
1759 4913 1819 4959 ut
1865 4905 2023 4961 nobis
2063 4904 2176 4975 jam

778 4993 804 5004 Α

2285 3165 2402 3220 rius
2456 3161 2836 3234 progrediendi
2888 3161 3232 3218 occasionem
3290 3152 3598 3212 damnabile
3635 3149 3802 3207 crimes,

2208 3231 2252 3295 C
2284 3257 2427 3330 quod
2453 3231 2635 3312 statim
2659 3271 2689 3310 a
2722 3251 3232 3325 prmvaricatoribus
3280 3246 3455 3304 multa
3500 3259 3612 3315 quas
3649 3240 3803 3294 fuerant

2283 3351 2429 3408 licita
2462 3349 2680 3422 penitus
2701 3355 2971 3418 amputat:
3011 3342 3242 3412 ideoque
3285 3341 3390 3396 hoc
3420 3353 3486 3395 eo
3514 3336 3672 3392 rarius
3692 3347 3714 3384 a
3737 3342 3806 3382 ss:-

2283 3441 2406 3498 culo
2435 3439 2685 3511 contigit,
2715 3453 2822 3510 quo
2861 3443 3094 3502 constat,
3136 3432 3262 3504 quia
3309 3430 3492 3487 nullus
3520 3428 3634 3483 inde
3673 3434 3806 3511 exeat

2261 3535 2430 3607 ,plum
2465 3532 2567 3588 sibi
2590 3507 2965 3602 praisumpsit,
2999 3526 3143 3598 quod
3193 3537 3474 3594 nunquam
3500 3507 3802 3607 venialeapud

2282 3605 2470 3682 mundi
2502 3623 2727 3694 gloriam
2749 3635 2869 3677 esse
2894 3619 3090 3691 potuit.
3114 3617 3222 3673 Sed
3250 3629 3371 3671 cum
3403 3611 3623 3685 quilibet
3649 3605 3803 3694 aliquo-

2285 3718 2427 3773 tiens
2453 3690 2681 3772 iu'hanc
2710 3690 2985 3768 miseriam
3014 3708 3151 3780 lapsi
3178 3715 3326 3772 sunt,
3364 3720 3476 3760 non
3526 3703 3588 3758 de
3619 3690 3802 3762 exemplo

2284 3807 2509 3864 alterius
2545 3805 2762 3869 accidit,
2812 3803 2908 3859 sed
2956 3802 3024 3856 de
3073 3799 3291 3868 antiqua
3339 3793 3539 3851 diaboli
3596 3785 3802 3879 fraudeet

2283 3896 2444 3954 simili
2467 3893 2775 3968 fragilitatis
2791 3891 3022 3963 impulsu
3045 3905 3110 3946 ac
3126 3887 3426 3962 praecipitio
3446 3887 3678 3941 recenset
3693 3887 3798 3968 quast

2283 4006 2422 4046 nova
2445 3961 2600 4044 ruin'a
2632 3961 2919 4056 fuit.',lstud
2951 3961 3141 4038 autem,
3159 3978 3495 4052 contagionis
3514 3987 3679 4060 genus.
3701 3961 3799 4035 quod

2283 4099 2427 4140 nunc
2467 4081 2654 4153 incipit
2681 4095 2801 4136 esse
2835 4093 3032 4134 novum
3065 4085 3114 4131 et
3167 4083 3324 4129 antea
3373 4070 3524 4126 nobis
3551 4059 3656 4122 erat
3690 4059 3799 4153 innu'

2284 4175 2477 4238 ditum,
2510 4149 2810 4227 cavendum
2836 4177 2940 4229 est,
2964 4183 3031 4222 ne
3056 4163 3364 4220 morbosam
3392 4169 3589 4232 pestem
3615 4161 3659 4209 et
3689 4149 3796 4244 inclt-

2285 4266 2514 4322 rabilem
2573 4262 2716 4317 luem
2782 4259 2970 4332 generi
3024 4256 3359 4312 transmittat
3404 4253 3639 4314 humano,
3679 4247 3725 4294 ut
3748 4243 3795 4288 11³

2282 4358 2540 4414 videlicet
2559 4355 2713 4424 origo
2757 4351 3063 4424 perniciosa
3104 4347 3345 4402 funditus
3391 4342 3684 4410 extirpetur.
3723 4338 3795 4424 σιυρ

2284 4451 2491 4506 nullum
2559 4423 2869 4517 exemplum
2917 4442 3232 4510 nullamque
3275 4435 3550 4508 fragilibus
3593 4423 3795 4517 relinqltat

2283 4541 2647 4603 occasionem,
2684 4504 2753 4592 ne
2775 4533 2940 4598 forte,
2971 4529 3115 4601 quod
3155 4527 3318 4593 absit,
3375 4524 3492 4580 talis
3535 4504 3794 4574 consuetudo

2208 4603 2256 4661 D
2283 4632 2562 4695 inolescat,
2578 4644 2684 4699 qua
2703 4624 3006 4681 naturalem
3027 4615 3506 4692 consanguinitatis
3520 4602 3792 4696 concubitum

2280 4724 2402 4795 quis
2432 4721 2657 4785 devitet,
2691 4727 2750 4773 et
2775 4713 3031 4772 fornicari
3067 4721 3256 4768 contra
3285 4716 3527 4763 naturam
3559 4701 3610 4795 in
3634 4699 3792 4795 ρτοιπξο

2281 4791 2500 4886 genere,
2528 4812 2648 4868 leve
2676 4810 2780 4866 hoc
2807 4807 3085 4863 testimaus
3129 4801 3353 4866 malum,
3400 4793 3630 4852 licentius
3661 4791 3795 4838 assue-

2280 4923 2371 4963 sca
2380 4915 2417 4960 ι.

2393 4999 2418 5010 Α

3049 4991 3110 5010 ..μ
3153 4998 3195 5010 ,ι
3235 4986 3512 5010 ΔξΙῖαι-ιῇοιιιο
3539 4959 3786 5010 ηηνενὶρθύὲι
