3876 5326
587 385 666 455 ’67
676 395 696 454 i

1311 398 1600 455 APPE‘ND.
1643 397 1752 454 AD.
1798 396 1977 453 SzEC.
2013 394 2082 451 Χ.
2109 425 2176 435 -

2277 393 2651 468 )ΝΠΜΕΝΊ“Α,
2685 396 3169 457 DIPLOMATICA.
3717 409 3790 469 672

598 512 798 580 fuerit,
830 510 1043 570 sincero
1090 511 1292 567 auxilio
1325 513 1540 584 adjutor
1569 528 1664 567 ero
1694 513 1759 566 ad
1809 527 2032 582 regnum
2073 509 2186 564 illo-
2217 514 2262 571 Α
2361 509 2413 564 5.
2457 510 2721 566 Similiter
2749 521 2803 566 et
2828 512 2900 544 ⁸⁷³
2929 512 2996 567 de
3025 511 3381 583 eo'agendum
3410 521 3490 571 est
3521 518 3602 586 qui
3625 534 3704 589 pro
3724 528 3789 580 an.

598 621 718 662 rum
750 603 1130 661 continendum
1151 643 1166 669 ,
1201 612 1256 658 et
1297 618 1398 657 nec
1427 603 1478 656 in
1509 603 1618 656 vita
1663 602 1754 667 ⁸⁸⁸,
1785 617 1884 655 nec
1915 602 1967 654 in
2012 615 2182 655 mem—

596 697 712 754 bris
737 737 752 765 ,
797 711 970 766 neque
1000 695 1052 749 in
1092 710 1256 768 regno
1292 695 1503 749 illorum
1534 710 1628 749 eos
1669 693 2052 749 forconsiliabo
2074 733 2089 758 ,
2126 693 2180 747 in

598 789 733 856 hoc,
772 797 831 842 ut
858 788 956 857 ipsi
985 801 1114 857 erga
1147 802 1233 841 me
1264 787 1491 841 similem
1533 786 1948 856 promissionem
1981 785 2182 839 faciant

596 887 653 932 et
681 887 1002 932 conservent
1034 878 1125 930 “7.
1167 877 1274 932 Sic‘
1298 877 1370 908 3“
1396 893 1483 932 me
1523 877 1667 933 Deus
1706 875 1955 946 adjuvet,
1985 885 2040 930 et
2068 876 2183 930 ista:

595 977 797 1023 sanctae
824 967 1086 1038 reliquiae.

877 1057 1122 1131 Capitula
1153 1061 1218 1114 ab
1245 1060 1484 1116 omnibus
1520 1059 1898 1117 conservanda.

665 1147 717 1203 1.
759 1146 832 1206 Ut
869 1151 1108 1206 omnium
1152 1153 1549 1221 praeteritorum
1588 1151 1852 1207 malorum
1883 1159 1938 1207 et
1967 1165 2183 1206 contra-

593 1237 847 1295 rictatum
867 1281 882 1307 ,
911 1251 965 1296 et
990 1242 1483 1312 supplantatiunum
1515 1258 1580 1298 ac
1613 1243 1877 1298 malarum
1905 1244 2182 1299 machina-

593 1330 823 1397 tionum,
852 1342 1014 1404 atque
1040 1334 1377 1390 molitionum
1408 1335 1477 1368 “’
1503 1351 1596 1392 seu
1628 1335 2056 1391 nocimentorum
2097 1337 2181 1390 in-

592 1417 766 1474 vicem
795 1428 1035 1475 actorum
1057 1462 1072 1488 ,
1101 1423 1324 1479 abolitio
1349 1424 1424 1479 ita
1453 1425 1593 1481 inter
1622 1441 1720 1481 nos
1742 1435 1798 1480 et
1827 1427 1966 1496 apud
1990 1442 2088 1481 nos
2109 1427 2180 1459 ⁸⁵⁰

594 1506 707 1572 ﬁat,
731 1518 784 1564 et
806 1525 836 1563 a
860 1512 1060 1566 nostris
1089 1513 1343 1569 cordibus
1365 1516 1582 1586 penitus
1601 1517 1868 1571 avellatur
1887 1533 2008 1572 cum
2033 1518 2178 1572 omni

591 1602 795 1672 malitia
825 1614 878 1658 et
911 1621 1159 1671 rancore,
1190 1616 1246 1662 ut
1273 1607 1338 1640 ⁸⁵⁸
1367 1624 1467 1664 nec
1495 1610 1550 1664 in
1580 1609 1895 1664 memoriam
1929 1611 1996 1666 ad
2025 1612 2181 1665 retri-

587 1691 863 1748 buendum
906 1697 1169 1751 duntaxat
1215 1699 1344 1754 mali
1391 1699 1473 1754 vel
1520 1701 1966 1766 contrarietatis,
2018 1711 2181 1770 atque

590 1785 1025 1855 exprobrationis
1061 1804 1156 1844 seu
1189 1790 1501 1862 improperii
1531 1793 1622 1859 3'",
1651 1793 1720 1848 de
1751 1802 1950 1849 caetero
1985 1794 2180 1850 exinde

589 1874 846 1943 quiddam
870 1876 943 1908 ⁸⁸³
966 1879 1165 1933 veniat.

659 1964 714 2017 9..
760 1963 830 2021 Ut
860 1975 1006 2022 tanta
1049 1968 1191 2024 inter
1220 1985 1350 2035 nos,
1384 1972 1612 2029 Domino
1649 1983 2008 2045 cooperante,
2039 1992 2181 2032 vera:

588 2056 832 2113 caritatis
861 2057 1168 2131 benignitas
1197 2063 1394 2120 abhinc
1425 2065 1608 2122 inaute
1635 2083 1848 2139 semper
1877 2079 2091 2124 maneat
2115 2071 2183 2128 de

589 2146 756 2201 corde
788 2164 924 2218 puro
955 2157 1010 2204 et
1039 2153 1372 2209 conscientia
1414 2155 1554 2211 bona
1580 2197 1595 2224 ,
1629 2167 1685 2213 et
1725 2159 1829 2214 ﬁde
1869 2177 1976 2216 non
2009 2160 2133 2216 ﬁcta
2162 2203 2178 2229 ,

587 2237 707 2292 sine
738 2238 861 2295 dolo
887 2249 943 2296 et
965 2243 1330 2312 simulatione,
1364 2257 1422 2302 ut
1450 2264 1610 2304 nemo
1645 2266 1743 2306 suo
1769 2251 1883 2322 pari
1925 2252 1995 2285 ⁸⁵⁵
2022 2269 2182 2309 suum

586 2344 810 2401 regnum
843 2342 934 2388 aut
973 2350 1100 2390 suos
1133 2336 1320 2392 lideles
1346 2379 1360 2404 ,
1401 2339 1484 2394 vel
1513 2341 1654 2410 quod
1687 2342 1754 2396 ad
1795 2343 2022 2399 salutem
2068 2345 2182 2400 sive

584 2423 1001 2491 prosperitatem
1025 2441 1088 2480 ac
1109 2427 1369 2484 honorem
1397 2431 1602 2502 regium
1626 2433 1697 2464 ⁸⁸⁸
1719 2435 1975 2503 pertinet,
2001 2436 2180 2492 discu-

586 2511 698 2581 piat
726 2523 818 2567 aut
847 2513 1205 2584 forconsiliet,
1237 2527 1328 2574 aut
1361 2535 1458 2591 per
1485 2523 1726 2579 occultos
1757 2540 2078 2582 susurrones
2110 2526 2178 2582 li-

585 2601 780 2658 henter
827 2609 1130 2677 composita
1186 2612 1468 2668 mendacia
1522 2629 1617 2670 seu
1668 2614 2036 2676 detractiones
2083 2635 2176 2676 ac-

585 2707 783 2768 ccptet.

653 2790 708 2844 5.
752 2789 822 2845 Ut
860 2793 1228 2864 unusquisque
1259 2795 1490 2852 fideliter
1517 2815 1674 2855 suum
1705 2816 1893 2872 parem
1929 2804 2022 2873 ⁸⁸⁸,
2053 2807 2172 2862 υ1›ἱ-

583 2892 812 2950 cumque
849 2885 1145 2938 necessitas
1183 2885 1257 2939 illi
1298 2885 1494 2954 fuerit,
1525 2899 1578 2945 et
1618 2891 1733 2962 ipse
1776 2895 2055 2963 potuerit,
2087 2907 2180 2952 aut

582 2983 680 3039 per
705 2985 762 3024 se
788 2982 882 3025 aut
905 2987 1002 3042 per
1029 2973 1219 3043 ﬁlium,
1245 2987 1338 3031 aut
1360 2993 1458 3048 per
1483 2979 1670 3037 ﬁdeles
1695 2999 1843 3050 suos,
1872 2995 1926 3040 et
1952 2989 2177 3044 consilio

581 3072 638 3116 et
671 3065 872 3120 auxilio
899 3065 1134 3135 adjuvet,
1168 3078 1227 3125 ut
1257 3085 1502 3141 regnum,
1536 3073 1718 3131 ﬁdeles
1744 3077 1813 3108 ⁸⁸⁷
1845 3082 2176 3149 prosperita-

583 3162 715 3219 tem,
748 3165 910 3226 atque
939 3159 1197 3214 honorem
1242 3163 1448 3232 regium
1485 3164 1666 3221 debite
1695 3169 1870 3225 valeat
1901 3172 2163 3228 obtinere.

2285 615 2393 670 quo
2433 601 2648 670 capitali
2692 610 2747 657 ct
2780 601 2994 672 publico
3032 602 3102 634 ⁸⁷⁸
3142 602 3364 658 crimine
3398 620 3426 658 a
3471 607 3679 674 quolibet
3712 616 3789 683 epi-

2285 706 2447 760 scopo
2476 693 2767 762 corripitur
2793 693 2875 748 vel
2905 693 2976 727 ⁸⁷⁸
3017 695 3530 762 excommunicatur,
3559 708 3639 752 aut
3674 700 3727 739 ’τί
3746 706 3788 758 de

2283 784 2846 838 cxcommunicatione
2874 783 3078 837 crimen
3111 784 3309 840 faciens
3335 826 3350 851 ,
3378 801 3589 856 regnum
3615 799 3660 844 et
3692 795 3786 863 regis

2286 875 2523 944 regimen
2553 885 2724 930 mutat
2744 875 2834 940 ⁸⁷⁷,
2853 893 2919 930 ne
2935 876 3170 931 debitam
3195 879 3557 948 ptenitentiam
3579 883 3783 952 suscipiat,

2283 973 2376 1018 aut
2407 965 2477 997 ⁸⁷⁸
2507 974 2813 1032 susceptam
2847 965 3085 1034 legitime
3123 976 3366 1036 peragat.
3400 967 3648 1022 Interdum
3676 972 3785 1027 etiam

2283 1055 2546 1111 incestam
2573 1055 2643 1086 ⁸⁷⁸
2669 1055 3024 1126 propinquam
3054 1072 3230 1123 suam,
3260 1067 3352 1112 aut
3377 1059 3784 1124 sanctimonialem,

2283 1145 2366 1200 vel
2400 1155 2606 1214 raptam
2629 1187 2643 1210 ,
2675 1146 2788 1201 sive
2824 1146 3147 1211 adulteram,
3181 1162 3340 1218 quam
3378 1148 3484 1203 illic
3518 1149 3563 1202 ei
3589 1166 3677 1204 non
3704 1152 3786 1205 lice-

2283 1237 2376 1292 bat
2406 1235 2478 1268 ⁸⁸⁰
2519 1237 2720 1293 habere
2742 1278 2758 1303 ,
2793 1237 3005 1309 fugiens
3035 1252 3218 1294 secum
3267 1238 3437 1294 ducit.
3470 1239 3561 1296 Hic
3599 1242 3653 1274 ⁸⁸¹
3691 1245 3784 1311 talis,

2282 1341 2402 1382 cum
2441 1327 2728 1398 episcopus
2771 1327 2842 1382 ad
2867 1326 3022 1396 cujus
3059 1344 3244 1383 curam
3277 1329 3559 1398 pertinebit
3590 1331 3648 1364 '”
3681 1336 3785 1388 nobis

2282 1425 2471 1472 notum
2521 1417 2750 1483 fecerit,
2793 1417 3081 1490 diligenter
3122 1418 3471 1488 perquiratur
3508 1419 3590 1486 ⁸⁸³,
3629 1437 3683 1476 ne
3707 1439 3784 1477 mo-

2282 1508 2439 1560 randi
2471 1507 2555 1562 vel
2586 1507 2787 1563 latendi
2815 1508 2886 1541 ³⁸⁸
2924 1509 3103 1563 loemn
3137 1511 3190 1563 in
3229 1525 3398 1581 regno
3420 1510 3490 1542 ⁸⁸⁸
3519 1511 3704 1580 alicujus
3725 1530 3784 1567 no-

2283 1608 2457 1653 strum
2489 1599 2729 1654 inveniat
2753 1641 2767 1665 ,
2798 1610 2852 1654 et
2881 1600 2976 1655 Dei
3006 1616 3071 1656 ac
3103 1610 3318 1656 nostros
3344 1602 3524 1658 ﬁdeles
3552 1620 3635 1659 suo
3657 1607 3784 1658 morbo

2281 1687 2490 1743 inliciat
2515 1690 2616 1756 m;
2645 1691 2738 1746 sed
2763 1690 2835 1723 ⁸⁸⁷
2863 1707 2894 1746 a
2935 1691 3091 1747 nobis
3118 1691 3202 1747 vel
3232 1692 3494 1748 ministris
3533 1695 3602 1749 rei
3630 1695 3782 1764 publica:

2283 1780 2705 1852 constringatur,
2751 1790 2807 1837 et
2854 1792 2913 1836 ut
2957 1783 3118 1837 simul
3164 1798 3286 1838 cum
3336 1783 3590 1840 diabolica
3629 1787 3783 1856 prada,

2208 1877 2256 1937 Β
2284 1884 2447 1939 quam
2485 1885 2670 1927 secum
2709 1872 2897 1939 duxit,
2930 1874 2998 1928 ad
3027 1874 3341 1946 episcopum
3371 1891 3522 1931 suum
3558 1876 3728 1940 redeat,
3750 1889 3783 1931 et

2260 1961 2352 2016 .de
2377 1976 2720 2033 quocumque
2743 1964 2815 1997 ⁸³⁸
2837 1963 3068 2020 crimine
3095 1966 3314 2036 publico
3341 1967 3564 2022 debitam
3589 1969 3783 2038 pteniten-

2281 2051 2414 2106 tiam
2450 2053 2713 2124 suscipiat
2739 2054 2830 2123 ⁸⁸⁸,
2871 2063 2964 2112 aut
2991 2066 3300 2129 susceptam
3342 2057 3567 2130 legitime
3594 2071 3781 2130 peragat,

2281 2143 2662 2215 compellatur.

2352 2237 2405 2293 6.
2435 2238 2504 2272 ⁸⁹⁰
2535 2238 2606 2296 Ut
2635 2255 2794 2296 nemo
2837 2243 3213 2314 episcoporum
3255 2246 3527 2302 hominem
3553 2255 3782 2319 peccantem

2281 2327 2350 2384 ab
2380 2329 2609 2384 ecclesia
2637 2339 2694 2386 et
2713 2331 3012 2388 christiana
3041 2336 3428 2391 communione
3455 2337 3648 2405 alienet,
3667 2338 3782 2392 donec

2281 2421 2434 2477 illum
2486 2423 2786 2479 secundum
2844 2427 3216 2497 evangelicum
3267 2439 3618 2500 praeceptum,
3656 2439 3700 2484 ut
3736 2429 3784 2482 ad

2277 2519 2714 2576 emendationem
2743 2529 2800 2576 et
2819 2521 3192 2592 penitentiam
3224 2523 3446 2590 redeat,
3485 2523 3782 2580 communitum

2278 2612 2494 2668 habeat.
2527 2612 2629 2680 Qui
2665 2613 2736 2646 εἰ
2765 2628 3028 2685 peccans,
3071 2616 3119 2671 si
3149 2618 3514 2673 commonitus
3551 2616 3782 2688 inobediens

2278 2711 2333 2758 et
2360 2703 2746 2775 incorrigibilis
2770 2706 3130 2774 permanserit
3155 2716 3212 2762 et
3236 2710 3304 2762 ad
3325 2709 3711 2764 emendationem
3731 2721 3784 2760 re-

2278 2791 2399 2847 dire
2423 2791 2678 2859 nuluerit,
2709 2795 2916 2865 regiam
2943 2794 3030 2850 vel
3057 2796 3136 2851 rei
3164 2797 3401 2866 publica;
3428 2805 3703 2869 potestatem
3724 2809 3781 2864 per

2279 2897 2338 2937 se
2363 2885 2652 2955 episcopus
2677 2885 2760 2940 vel
2806 2901 2904 2957 per
2927 2887 3211 2944 ministros
3255 2903 3389 2945 suos
3419 2890 3600 2955 adeat,
3637 2898 3684 2942 ut
3701 2901 3781 2942 cou-

2277 2980 2599 3050 stringatur,
2625 2990 2680 3038 et
2705 2981 2770 3037 ad
2795 2985 3231 3040 emendationem
3254 3000 3321 3041 ac
3345 2985 3682 3057 paenitentiam
3703 2995 3782 3053 pec-

2274 3081 2428 3128 cator
2447 3073 2652 3130 redeat.
2679 3074 2778 3141 Qui
2802 3076 2964 3130 etiam
2986 3077 3033 3131 si
3055 3077 3130 3131 ita
3156 3077 3224 3132 ad
3241 3079 3615 3134 correctionem
3631 3074 3782 3146 perduci

2275 3165 2599 3233 nequiverit,
2621 3175 2752 3220 tunc
2775 3167 3068 3221 secundum
3087 3168 3231 3239 leges
3249 3170 3627 3225 ecclesiasticas
3637 3165 3785 3222 medici-

583 3243 651 3298 Et
705 3248 970 3303 veraciter
1021 3253 1390 3323 unusquisque
1445 3271 1572 3328 erga
1628 3259 1856 3316 alterum
1915 3267 2164 3320 certatim

2277 3256 2376 3311 nali
2391 3270 2516 3326 sepa
2524 3258 2766 3312 rationea
2779 3258 3156 3315 communione
3168 3260 3526 3317 ecclesiastica
3539 3267 3784 3331 segregetur.

581 3334 935 3404 demonstret,
969 3341 1095 3408 quia
1123 3341 1173 3395 in
1207 3343 1354 3412 paris
1381 3345 1451 3376 ⁸⁵⁸
1482 3346 1563 3402 sui
1597 3349 1941 3418 adversitate,
1976 3353 2019 3408 si
2047 3370 2173 3410 eve-

581 3427 744 3492 nerit,
784 3428 1025 3485 fraterno
1056 3433 1213 3488 modo
1239 3437 1611 3506 contristetur,
1643 3450 1696 3495 et
1726 3442 1778 3496 in
1810 3447 2171 3515 prosperitate

581 3519 726 3576 illius
756 3519 984 3578 ltetetur.
1016 3524 1083 3579 Et
1125 3525 1285 3581 talem
1323 3527 1482 3584 ﬁdem
1528 3532 1668 3588 sicut
1708 3534 1850 3589 inter
1878 3552 1976 3592 nos
2011 3538 2170 3593 modo

582 3611 776 3668 abhinc
805 3614 857 3668 in
881 3623 1006 3670 ante
1035 3627 1454 3677 conservaturos
1482 3624 1859 3681 confirmatum
1884 3627 2169 3696 habemus,

580 3703 662 3758 sic
698 3707 1069 3778 unusquisque
1117 3709 1410 3768 infantibus
1452 3713 1637 3772 fratris
1670 3719 1795 3786 sui,
1842 3719 1888 3776 si
1932 3721 2169 3790 obierit,

580 3792 670 3849 ille
700 3795 771 3827 ⁸⁵⁸
797 3798 888 3867 qui
924 3800 1253 3869 superfuerit
1278 3805 1640 3861 conservabit.
1899 3813 1902 3816 ’

648 3885 704 3939 4.
743 3887 810 3942 Ει
839 3890 962 3958 quia
995 3908 1091 3961 per
1113 3908 1278 3963 vagos
1303 3903 1359 3950 et
1385 3896 1454 3929 “°
1478 3899 1758 3969 tyrannica
1789 3903 2174 3959 consuetudine

580 3977 952 4038 inreverentes
989 3984 1057 4016 ⁸⁸⁸
1090 3986 1336 4042 homines
1381 4003 1483 4059 pax
1521 4000 1576 4045 et
1624 3994 1984 4064 tranquillitas
2022 3998 2172 4068 regni

579 4069 651 4102 ⁶⁶¹
679 4073 983 4140 perturbari
1016 4075 1170 4141 solet,
1205 4079 1474 4142 volumus,
1505 4091 1561 4136 ιιι
1587 4082 1657 4114 ⁸⁸³
1684 4085 1748 4138 ad
1776 4101 2174 4157 quemcumque

585 4171 832 4215 nostrum
861 4164 983 4219 talis
1005 4169 1213 4222 venerit
1243 4169 1310 4200 ⁸⁸⁸
1337 4181 1394 4224 ut
1421 4171 1490 4204 ⁸⁸⁸
1513 4173 1579 4227 de
1608 4174 1678 4207 ⁸⁸⁸
1705 4175 1786 4231 his
1811 4194 1930 4246 qua:
1953 4179 2062 4250 egit
2090 4196 2177 4234 ra-

583 4251 784 4307 tionem
813 4263 867 4308 et
890 4255 1156 4325 justitiam
1184 4260 1557 4333 subterfugere
1586 4265 1655 4296 ⁸⁶⁷
1682 4268 1851 4336 possit
1875 4311 1888 4333 ,
1924 4286 2082 4326 nemo
2107 4287 2174 4328 ex

582 4341 738 4396 nobis
768 4343 916 4397 illum
946 4346 1012 4400 ad
1051 4347 1194 4403 aliud
1233 4350 1305 4382 ⁸⁸⁸
1334 4353 1559 4422 recipiat
1586 4356 1669 4409 vel
1711 4359 1941 4415 retineat
1971 4361 2040 4394 "9
2071 4363 2174 4418 nisi

583 4446 643 4490 ut
669 4437 733 4491 ad
767 4449 967 4495 rectam
1001 4442 1263 4499 rationem
1291 4456 1346 4500 et
1373 4448 1610 4502 debitam
1638 4452 2074 4508 emendationem
2101 4455 2173 4487 "°

581 4529 926 4597 perducatur.
958 4533 1025 4587 Et
1055 4535 1098 4589 si
1129 4537 1391 4592 rationem
1429 4549 1631 4594 rectam
1658 4541 1729 4573 ⁸η
1759 4543 2170 4616 subterfugerit,

580 4631 771 4672 omnes
799 4620 850 4674 in
886 4637 1194 4690 commune,
1228 4626 1280 4680 in
1316 4626 1468 4696 cujus
1501 4644 1726 4701 regnum
1758 4634 1985 4698 venerit,
2021 4633 2166 4689 illmn

579 4725 968 4784 persequamur
993 4716 1084 4782 ⁸⁷³,
1117 4718 1288 4776 donec
1311 4722 1378 4777 ad
1409 4722 1670 4780 rationem
1698 4726 2026 4795 perducatur
2073 4738 2168 4782 aut

581 4804 647 4860 dc
675 4820 840 4877 regno
865 4807 1124 4865 deleatur.

2345 3349 2398 3403 7.
2428 3347 2496 3403 Ut
2525 3348 2629 3403 illis
2654 3349 2967 3416 hominibus
2999 3352 3090 3420 qui
3114 3352 3167 3406 in
3194 3352 3397 3408 talibus
3445 3347 3783 3424 perturbationi-

2270 3437 2396 3505 bus,
2421 3439 2566 3494 sicut
2587 3439 2642 3494 in
2673 3440 2757 3494 his
2781 3441 3076 3509 praeteritis
3097 3442 3252 3498 annis
3267 3444 3590 3508 acciderunt,
3607 3443 3650 3496 in
3666 3440 3782 3495 Deum

2273 3541 2330 3586 et
2353 3532 2406 3587 in
2434 3541 2680 3589 sanctam
2711 3533 2999 3588 ecclesiam
3027 3543 3190 3606 atque
3242 3539 3294 3592 in
3349 3553 3447 3593 nos
3486 3541 3781 3606 peccaverunt,

2273 3621 2319 3676 si
2354 3635 2413 3676 se
2459 3636 2526 3678 ex
2574 3622 2806 3677 veritate
2846 3634 3300 3694 recognoscentes
3357 3626 3428 3658 ⁸⁹¹
3474 3624 3718 3696 petierint,
3747 3629 3783 3672 et

2274 3709 2531 3780 deinceps
2559 3714 2716 3768 nobis
2740 3712 3010 3768 veraciter
3040 3711 3226 3770 ﬁdeles
3254 3730 3376 3771 esse
3408 3716 3666 3777 voluerint,
3696 3709 3782 3764 etin

2276 3803 2458 3872 regnis
2493 3804 2696 3858 nostris
2731 3803 2944 3874 paciﬁci
2974 3805 3246 3875 acquieti
3261 3817 3318 3861 et
3347 3806 3548 3878 legibus
3583 3818 3638 3858 ac
3676 3797 3783 3870 justi-

2279 3893 2368 3949 tize
2395 3894 2714 3950 obedientes
2755 3894 3064 3960 extiterint,
3108 3896 3451 3952 rationabilis
3492 3887 3780 3950 misericordia

2277 3983 2636 4052 impendatur,
2669 3999 2772 4038 non
2800 3985 2978 4039 solum
3003 3985 3058 4038 in
3089 3984 3421 4055 indulgentia
3447 3981 3780 4040 commissorum

2276 4085 2332 4133 et
2357 4078 2410 4132 in
2438 4078 2789 4133 concessione
2809 4079 3223 4148 preprietatum,
3249 4094 3436 4133 verum
3481 4078 3627 4134 etiam
3665 4080 3708 4127 et
3744 4069 3778 4122 in

2278 4169 2567 4239 largitione
2592 4171 2858 4224 honorum
2889 4169 3185 4224 secundum
3205 4179 3443 4224 nostram
3475 4161 3773 4224 rationabilem

2274 4260 2708 4332 possibilitatem.

2347 4351 2402 4407 8.
2433 4351 2498 4407 Ut
2525 4352 2592 4406 de
2626 4351 2830 4422 rapinis
2849 4366 2915 4406 ac
2942 4351 3427 4422 depraedationibus
3449 4391 3464 4416 ,
3512 4357 3564 4405 et
3606 4345 3781 4438 de‘cotl'

2280 4443 2670 4514 spirationibus
2698 4454 2863 4513 atque
2891 4443 3269 4507 seditionibus,
3302 4443 3444 4498 etde
3482 4439 3631 4511 raptis
3671 4433 3780 4488 femi-

2281 4549 2496 4599 narum,
2521 4533 2661 4588 sicut
2685 4531 3076 4588 ecclesiasticae
3101 4542 3158 4588 et
3183 4533 3490 4589 christianze
3520 4529 3648 4599 leges
3666 4530 3779 4620 atqlfe

2281 4627 2688 4698 progenitorum
2720 4637 3033 4682 nostrorum
3054 4627 3288 4695 capitula
3324 4627 3611 4688 continent,
3658 4618 3711 4672 ila
3744 4618 3778 4664 ιη

2275 4722 2526 4779 omnibus
2545 4730 2600 4775 et
2629 4721 2696 4776 ab
2725 4719 2978 4775 omnibus
2999 4728 3386 4775 conserventur
3404 4718 3491 4771 ⁸⁸³.

2346 4815 2400 4870 9.
2445 4811 2517 4868 Ut
2541 4812 2644 4868 alia
2667 4812 2833 4868 etiam
2858 4809 3093 4882 capitula
3125 4811 3414 4868 eorundem
3439 4803 3774 4878 progenitorum

1883 4972 2120 5029 VARle
2157 4971 2566 5031 LECTIONES.
