3960 6320
141 414 248 471 075

1159 429 1585 488 FRANCORUM
1622 430 1860 490 REGUM
1899 433 2100 492 CAPIT
2111 436 2382 496 ULARlA.

3300 442 3408 501 674

140 545 461 593 nostrorum
485 537 550 595 de
578 547 777 596 saneta:
798 541 1040 600 ecclesia:
1076 543 1278 601 honore
1301 555 1357 602 et
1389 547 1730 601 immunitate
1757 553 1805 610 Α
1835 549 1964 604 velit
1989 552 2126 607 nolit
2153 553 2242 610 ille
2270 555 2361 622 qui
2393 554 2576 611 divino
2599 556 2826 614 consilio
2872 568 2928 614 et
2967 561 3187 616 decreto
3239 555 3306 593 "7
3362 571 3418 616 et

140 643 208 682 ac
231 630 671 698 conservatione,
717 642 772 687 et
818 633 884 688 de
925 635 1074 706 regio
1107 637 1268 690 etiam
1315 638 1517 692 honore
1565 646 1729 707 atque

139 719 335 789 vigore
360 718 451 787 "ﬂ
477 729 532 777 et
557 723 737 793 populi
765 723 918 780 nobis
941 728 1214 783 commissi
1244 728 1361 798 lege
1383 744 1450 784 ac
1489 729 1726 799 justitia,

138 807 194 875 in
223 811 478 866 omnibus
507 821 561 866 et
589 815 656 869 ab
677 816 927 871 omnibus
945 828 1354 874 conserventur.

219 899 304 954 IO.
345 899 412 957 Ut
442 904 610 957 nostri
641 904 848 972 ﬁdeles,
874 909 1242 979 unusquisque
1265 912 1317 966 in
1340 927 1440 967 suo
1463 912 1650 969 ordine
1674 924 1731 970 et

138 999 310 1059 statu,
341 996 608 1052 veraciter
632 997 742 1051 sint
764 999 831 1054 de
850 999 1006 1056 nobis
1027 1003 1226 1068 securi,
1250 1005 1377 1074 quia
1403 1005 1605 1061 nullum
1633 1008 1728 1062 ab-

139 1084 272 1140 hinc
299 1084 519 1141 inantea
550 1098 737 1144 contra
764 1089 934 1160 legem
962 1089 1032 1124 ⁸³³⁸
1080 1103 1136 1148 et
1177 1094 1467 1165 justitiam,
1509 1098 1590 1153 vel
1631 1114 1728 1154 au-

139 1174 451 1229 ctoritatem
495 1191 560 1231 ac
587 1175 788 1246 justam
827 1180 1114 1249 rationem,
1161 1194 1254 1240 aut
1314 1187 1728 1256 dampnabimus

139 1271 238 1318 aut
263 1264 336 1295 ⁸⁹⁶
362 1264 840 1334 dehonorabimus,
874 1273 1352 1342 autopprimemus
1402 1276 1488 1330 vel
1524 1277 1730 1333 indebi-

138 1352 211 1407 tis
237 1355 731 1414 machinationibus
755 1359 1091 1432 adﬁigemus,
1133 1363 1229 1420 sed
1256 1365 1324 1396 "7
1369 1365 1581 1422 illorqu
1621 1369 1728 1424 sci-

135 1442 267 1498 licet
297 1446 566 1501 veraciter
592 1446 664 1479 ⁸³⁸
694 1449 851 1506 nobis
879 1450 1118 1508 ﬁdelium
1145 1456 1415 1510 communi
1472 1460 1722 1527 consilio,

135 1534 438 1590 secundum
465 1537 557 1591 Dei
587 1538 920 1596 voluntatem
942 1551 996 1597 et
1023 1543 1092 1574 ‘9’
1115 1559 1405 1602 commune
1428 1547 1726 1603 salvamen-

134 1633 276 1692 tum,
327 1626 394 1680 ad
433 1629 828 1685 restitutionem
876 1641 1074 1689 sanctae
1109 1634 1203 1689 Dei
1255 1638 1498 1695 ecclesia:
1550 1650 1605 1695 et
1651 1642 1722 1675 ⁹⁰⁰

133 1723 341 1770 statum
363 1718 538 1789 regni,
564 1729 620 1774 et
655 1721 722 1774 ad
767 1722 1026 1778 honorem
1075 1727 1278 1796 regium
1316 1738 1479 1808 atque
1533 1746 1722 1801 pacem

131 1810 323 1880 populi
350 1811 625 1866 commissi
653 1814 806 1870 nobis
838 1816 906 1847 ⁹⁰¹
928 1819 1243 1888 pertinenti,
1270 1825 1556 1879 adsensum
1584 1841 1722 1895 pra:-

1830 639 1958 697 huic
1983 647 2370 702 convenientia:
2397 648 2656 703 resistens
2680 650 2750 681 ³³⁸
2771 659 2826 705 et
2849 653 3233 708 contradicens
3293 653 3414 709 fue-

1828 733 1920 799 rit,
1956 749 2294 806 exequantur
2319 740 2410 793 "9.
2451 740 2517 794 Et
2559 741 2604 795 si
2646 741 2841 811 aliquis
2888 742 2953 798 de
2991 744 3299 801 senioribus
3347 745 3416 801 de

1828 823 1932 880 hac
1952 830 2328 885 convenientia
2358 831 2554 887 exierit
2585 832 2656 864 m
2682 842 2778 888 aut
2821 849 2880 890 se
2932 839 3230 891 retraxerit
3256 877 3271 902 ,
3328 838 3416 891 vel

1827 916 1955 972 huic
1981 921 2254 975 communi
2310 925 2550 987 decreto,
2600 925 2743 994 quod
2779 925 2940 988 absit,
2998 928 3410 992 contradixerit,

1827 1022 1949 1062 cum
1978 1009 2163 1078 plures
2194 1013 2467 1067 seniorum
2490 1014 2557 1055 ’⁸⁸
2585 1025 2891 1070 nostrormn
2919 1016 3105 1072 ﬁdeles
3130 1019 3198 1050 ³⁵⁸
3233 1029 3290 1073 et
3331 1034 3416 1074 re-

1827 1113 2057 1168 gnorum
2095 1100 2361 1168 primores
2389 1103 2443 1156 in
2472 1120 2639 1159 unum
2683 1108 3034 1162 convenerint
3077 1107 3170 1173 ⁸⁸³,
3225 1123 3414 1164 eorum

1827 1188 1917 1256 qui
1954 1189 2072 1244 haec
2089 1190 2160 1227 9“
2190 1193 2600 1248 observaverint
2634 1195 2908 1250 seniorum
2939 1197 3008 1228 ⁸⁸⁵
3062 1196 3311 1263 consilio,
3361 1205 3418 1254 et

1825 1278 1897 1312 “°
1923 1280 2299 1351 episc0porum
2317 1282 2522 1350 judicio
2546 1299 2611 1339 ac
2639 1288 2913 1341 communi
2936 1302 3223 1355 consensu,
3275 1304 3414 1359 qua-

1825 1365 1950 1422 liter
1977 1369 2044 1422 de
2065 1383 2132 1422 eo
2169 1369 2258 1439 qui
2287 1370 2470 1425 debite
2502 1373 2810 1428 admonitus
2860 1374 3246 1446 incorrigibilis
3292 1377 3415 1446 per-

1823 1461 2156 1516 severaverit
2183 1464 2450 1531 agendum
2471 1465 2566 1529 sit,
2599 1463 2833 1520 faciente
2865 1467 2935 1498 ’5'
2959 1468 3188 1523 Domino
3219 1471 3412 1525 decer—

1826 1559 2004 1605 natur.
2038 1550 2105 1604 Et
2127 1562 2184 1606 ut
2213 1553 2466 1609 obnixius
2492 1554 2561 1616 ἐξ
2591 1556 2959 1626 suprascripta
2986 1559 3222 1627 capitula
3252 1575 3282 1613 a
3309 1575 3407 1614 no-

1823 1640 1908 1696 bis
1930 1642 2227 1696 auxiliante
2250 1642 2480 1699 Domino
2510 1646 2894 1702 inviolabiliter
2931 1648 3312 1717 observentur,
3353 1659 3412 1706 et

1824 1747 1924 1786 nos
1949 1731 2038 1786 illa
2063 1733 2446 1789 observaturos
2487 1736 2693 1791 certius
2740 1736 2813 1770 ’³³
2846 1738 3124 1804 credatur,
3162 1740 3414 1796 manibus

1821 1824 2056 1893 propriis
2079 1824 2149 1855 ³⁵⁸
2181 1825 2372 1881 subter
2423 1825 2760 1886 ﬁrmavimus
2812 1829 2905 1884 ⁹⁸¹.
2954 1829 3414 1890 Annuntiationes

131 1899 417 1969 bebimus;
442 1904 496 1958 in
526 1904 594 1936 ⁹⁰²
625 1905 747 1972 hoc,
779 1918 835 1963 ut
860 1909 935 1965 illi
964 1927 1069 1966 non
1118 1912 1189 1944 ⁹⁰³
1235 1914 1407 1968 solum
1459 1930 1565 1970 non
1611 1916 1720 1972 sint

1830 1914 1891 1946 ’⁵³
1929 1915 2132 1970 domini
2170 1915 2473 1994 illndowici
2525 1921 2668 1989 regis
2721 1921 2863 1990 apud
2899 1920 3270 1980 Confluentem
3318 1925 3412 1994 ⁸⁸³,

132 1991 296 2047 nobis
323 1995 760 2054 contradicentes
786 2000 857 2032 ὀδ
885 2011 942 2056 et
965 2003 1286 2059 resistentes
1325 2006 1392 2060 ad
1438 2005 1540 2061 ista
1595 2022 1720 2064 exe-

132 2085 377 2152 quenda,
408 2101 595 2141 verum
620 2089 784 2143 etiam
814 2091 894 2145 sic
911 2092 1020 2147 sint
1050 2094 1204 2149 nobis
1226 2094 1296 2125 ⁹⁰⁵
1325 2095 1508 2152 ﬁdeles
1556 2106 1611 2152 et
1651 2097 1720 2130 ⁹⁰⁶

131 2176 482 2244 obedientes,
514 2194 579 2234 ac
599 2181 714 2236 veri
744 2182 1019 2253 adjutores
1067 2194 1230 2256 atque
1279 2187 1348 2219 νοτ
1401 2198 1720 2258 cooperato-

132 2283 224 2324 res
248 2284 382 2326 vero
406 2272 629 2330 consilio
649 2283 705 2330 et
733 2275 945 2332 sincero
972 2281 1173 2335 auxilio
1196 2281 1260 2335 ad
1290 2283 1392 2337 ista
1413 2287 1720 2355 peragenda

141 2373 260 2427 qua:
297 2362 367 2394 ’⁸⁸
391 2365 770 2433 praemisimus,
801 2369 940 2426 sicut
967 2387 1066 2441 per
1097 2383 1302 2430 rectum
1352 2380 1722 2448 unusquisque

135 2449 190 2503 in
221 2465 324 2507 suo
349 2453 541 2510 ordine
569 2465 625 2512 et
649 2459 718 2490 ⁹⁰⁹
743 2468 887 2515 statu
922 2477 1019 2518 suo
1038 2465 1269 2538 principi
1298 2478 1352 2525 et
1377 2470 1447 2501 ⁹¹⁰
1496 2488 1594 2529 suo
1629 2488 1718 2529 se-

139 2539 277 2596 niori
303 2542 368 2574 ’“
388 2559 508 2600 esse
540 2546 716 2603 debet.

212 2629 298 2684 fl.
327 2631 397 2688 Ut
422 2634 499 2689 sic
525 2635 683 2690 simul
710 2641 1004 2712 conjuncti,
1030 2654 1088 2701 et
1109 2661 1206 2704 nos
1232 2647 1431 2704 fratres
1459 2665 1524 2706 ac
1549 2667 1718 2722 nepos

147 2729 323 2776 noster
340 2724 404 2779 ad
434 2725 687 2796 invicem,
728 2741 783 2785 et
811 2748 910 2789 nos
939 2750 1062 2790 cum
1093 2737 1338 2796 ﬁdelibus
1383 2744 1604 2810 nostris,
1663 2753 1720 2802 ct

147 2809 212 2840 ’³⁸
237 2813 419 2871 ﬁdeles
446 2819 615 2873 nostri
650 2822 951 2892 nobiscum,
976 2837 1032 2880 et
1055 2843 1247 2885 omnes
1275 2832 1434 2887 simul
1462 2827 1584 2888 eum
1607 2833 1718 2892 Deo

148 2917 240 2958 nos
264 2904 332 2937 ἠ
358 2908 830 2983 recenjungamus,
861 2927 914 2972 et
943 2918 1014 2948 ⁸⁸³⁵
1044 2929 1100 2974 ιιι
1133 2923 1290 2978 nobis
1336 2923 1408 2978 sit
1453 2926 1718 2996 propitius

147 2993 218 3049 illi
245 2997 313 3030 ³³⁸
333 3015 431 3070 pro
465 3003 658 3060 devoto
681 3022 905 3065 munere
933 3009 1246 3071 offeramus.
1306 3017 1373 3072 Et
1419 2993 1716 3090 unusquis-

145 3097 245 3152 que
268 3090 504 3146 omnium
533 3093 602 3124 ⁰¹⁶
625 3105 868 3152 nostrum
893 3100 1096 3171 absque
1118 3119 1214 3160 sua
1247 3107 1461 3177 propria
1492 3109 1561 3142 ⁸⁸⁷
1617 3125 1716 3165 ex—

145 3177 415 3235 cusatione
437 3181 520 3235 vel
543 3183 1501 3265 justiﬁcatione’“recognoscamus,
1519 3198 1572 3252 in
1595 3200 1714 3268 qui-

145 3267 241 3325 bus
282 3283 372 3329 aut
425 3276 734 3349 singillatim
791 3293 885 3338 aut
932 3289 1293 3346 communiter
1332 3303 1519 3350 contra
1574 3267 1715 3352 illius
1744 3283 1789 3347 C

147 3363 389 3418 mandata
420 3366 489 3398 ⁹¹⁹
516 3378 571 3424 et
599 3369 815 3430 decreta
852 3389 1074 3433 suorum
1123 3392 1433 3439 sanctorum
1490 3384 1717 3459 fecimus

147 3459 233 3502 aut
257 3458 632 3514 consensimus
660 3460 729 3491 ⁹²⁰
786 3462 839 3518 in
896 3465 1084 3523 ordine
1135 3471 1503 3527 ecclesiastico
1549 3484 1605 3529 et
1648 3458 1717 3506 9“

145 3552 277 3596 statu
309 3549 481 3618 regni,
515 3559 568 3606 et
591 3567 687 3622 per
711 3554 918 3626 singula
947 3558 1000 3612 in
1025 3561 1258 3614 medium
1291 3562 1384 3617 illa
1430 3563 1499 3594 ³³⁸
1526 3566 1720 3633 produ-

146 3647 340 3692 camus.
368 3640 434 3695 Et
462 3657 620 3698 nemo
648 3655 887 3702 nostrum
929 3665 1028 3705 suo
1057 3661 1148 3706 aut
1169 3654 1239 3684 ⁹²³
1267 3655 1464 3721 amico,
1512 3666 1607 3712 aut
1649 3658 1720 3692 m

144 3730 435 3821 propinquo
464 3733 547 3789 vel
574 3736 642 3766 ⁸³⁸
684 3740 1074 3811 confmderato,
1125 3745 1294 3802 immo
1345 3764 1447 3804 nec
1474 3749 1577 3804 sibi
1616 3750 1717 3821 ipsi

146 3815 210 3846 ⁹²⁶
233 3823 544 3880 seculariter
568 3839 778 3897 parcat,
804 3840 862 3884 ut
890 3832 957 3865 "7
992 3836 1315 3906 Spiritaliter
1343 3847 1398 3894 et
1427 3815 1721 3898 salubriter

150 3920 360 3974 parcere
385 3916 760 3987 possit;quin,
816 3922 960 3978 sicut
1011 3927 1375 3995 prmmisimus
1423 3929 1477 3984 in
1517 3945 1722 4000 praece-

153 3999 282 4056 denti
309 4007 560 4075 capitulo,
596 4024 725 4066 vero
750 4015 980 4071 consilio
1028 4026 1084 4072 et
1123 4018 1194 4052 ³⁸⁸
1251 4021 1466 4077 sincero
1518 3999 1721 4079 auxilio

153 4090 230 4147 illa
253 4097 302 4150 in
328 4113 611 4158 commune
639 4107 894 4162 certatim
923 4110 1216 4165 emendare
1245 4113 1316 4144 "9
1343 4113 1472 4168 totis
1511 4115 1722 4171 viribus

154 4179 216 4212 ⁹³⁰
241 4201 584 4254 procurctnus
607 4193 698 4261 9‘“,
742 4197 1063 4267 quantocius
1101 4200 1498 4258 rationabiliter
1531 4202 1600 4235 ⁹³²
1626 4220 1722 4275 po-

156 4273 383 4333 terimus.

217 4364 310 4442 l2.
343 4369 410 4423 Et
430 4371 473 4425 si
497 4372 688 4444 aliquis
717 4390 781 4430 ex
804 4377 875 4409 ’³³
905 4378 1152 4447 subditis,
1183 4380 1236 4435 in
1262 4396 1602 4453 quocumque
1632 4400 1720 4440 or-

156 4450 267 4512 dine
288 4468 343 4514 et
367 4471 512 4517 statu
535 4463 626 4531 ‘3‘,
655 4466 721 4523 de
751 4469 853 4525 hac
886 4473 1262 4528 convenientia
1285 4450 1508 4529 exierit
1534 4485 1628 4531 aut
1648 4478 1718 4509 ⁸³⁸

157 4557 206 4599 se
231 4553 531 4618 retraxerit,
555 4555 639 4610 vel
666 4557 794 4614 huic
819 4562 1090 4618 communi
1130 4562 1348 4620 decreto
1373 4567 1718 4623 contradixe-

1824 2005 2005 2078 lingua
2027 1991 2351 2064 Theothisca
2381 2009 2473 2063 ³⁸⁸.

1894 2097 1945 2151 1.
1980 2097 2088 2152 Vos
2122 2098 2295 2164 scitis,
2314 2099 2442 2169 quid
2477 2101 2532 2155 in
2563 2101 2666 2180 isto
2709 2116 2879 2174 regno
2920 2105 3120 2161 evenit.
3177 2106 3246 2162 Et
3291 2107 3414 2166 ideo

1822 2186 1928 2244 huc
1959 2192 2333 2256 convenimus,
2367 2204 2426 2249 ut
2453 2194 2519 2249 de
2548 2195 2645 2250 Dei
2678 2196 2953 2254 voluntate
2984 2209 3040 2254 et
3061 2211 3264 2257 sanctae
3316 2218 3409 2258 ec-

1821 2279 2000 2335 clesiae
2020 2290 2188 2348 statu,
2215 2292 2270 2338 et
2300 2287 2365 2339 de
2396 2293 2579 2341 nostra
2610 2302 2675 2342 ac
2716 2298 2894 2344 vestra
2919 2292 3196 2346 communi
3239 2292 3414 2348 salute

1823 2379 1986 2439 atque
2009 2371 2216 2428 honore
2234 2413 2250 2438 ,
2272 2382 2326 2428 et
2353 2372 2582 2445 de-pace
2613 2377 2793 2446 populi
2819 2380 3130 2446 christiani,
3160 2397 3285 2436 cum
3312 2382 3407 2437 Dei

1821 2459 2090 2529 adjutorio
2145 2472 2201 2518 et
2250 2463 2485 2522 ﬁdelium
2541 2476 2850 2525 nostrorum
2914 2472 3146 2529 consilio
3210 2482 3414 2530 tracta-

1821 2564 2021 2607 remus.

1889 2641 1944 2696 2.
1976 2643 2042 2699 Et
2066 2644 2314 2702 misimus
2360 2648 2464 2704 hoc
2490 2663 2654 2719 super
2697 2651 2980 2724 episcopos
3007 2662 3063 2709 et
3089 2664 3304 2711 ceteros
3337 2655 3404 2709 ﬁ-

1820 2730 1968 2786 deles
1995 2741 2230 2800 nostros,
2261 2747 2320 2789 ut
2343 2735 2418 2790 illi
2443 2737 2546 2793 hoc
2574 2738 2903 2806 invenirent,
2934 2742 3164 2811 qualiter
3211 2759 3310 2799 nos
3339 2743 3407 2798 ad

1819 2819 1937 2877 hate
1971 2837 2093 2893 quae
2117 2823 2349 2880 diximus
2365 2829 2678 2896 exequenda
2695 2829 3073 2886 adunaremus.
3090 2832 3414 2890 Etvolumus

1819 2921 1880 2968 ut
1901 2913 2114 2980 sciatis,
2141 2917 2264 2986 quia
2292 2919 2432 2974 sicut
2456 2919 2528 2973 illi
2557 2920 2878 2978 invenerunt
2905 2935 2959 2978 et
2999 2925 3204 2995 scripto
3248 2927 3405 2982 nobis

1819 3006 2188 3064 ostenderunt
2211 3009 2305 3075 9",
2332 3009 2400 3064 ad
2415 3009 2644 3066 invicem
2661 3012 2879 3068 adunati
2907 3030 3112 3079 sumus,
3139 3017 3276 3072 sicut
3295 3016 3408 3072 fra-

1820 3108 1930 3156 tres
1950 3115 2046 3170 per
2083 3109 2287 3156 rectum
2315 3117 2436 3160 esse
2460 3103 2673 3168 debent,
2703 3115 2758 3159 et
2787 3120 2886 3162 nos
2913 3106 3073 3162 simul
3126 3123 3246 3162 cum
3304 3108 3410 3164 isto

1819 3199 2012 3261 nepote
2043 3201 2229 3247 nostro
2258 3201 2314 3249 et
2333 3193 2422 3248 ille
2444 3194 2744 3250 nobiscum.
2775 3195 2842 3250 Et
2863 3197 3028 3250 etiam
3059 3212 3186 3252 suos
3208 3197 3406 3254 fratres

1821 3282 1913 3348 ⁸⁸⁸,
1937 3292 2158 3353 nepotes
2189 3294 2420 3350 nostros,
2453 3285 2509 3340 in
2537 3286 2641 3341 hac
2665 3287 3010 3343 adunationis
3031 3286 3286 3344 ﬁrmitate
3313 3304 3410 3343 no-

1820 3373 2028 3431 biscum
2055 3377 2376 3447 recepimus,
2402 3378 2474 3431 ita
2509 3388 2711 3442 tamen,
2735 3378 2778 3434 si
2802 3389 2856 3434 et
2884 3379 2954 3410 ’"
2986 3380 3086 3450 ipsi
3125 3380 3267 3436 hanc
3311 3380 3407 3435 ﬁr-

1821 3466 2064 3522 mitatem
2097 3483 2222 3538 erga
2253 3485 2349 3524 nos
2379 3467 2606 3524 fecerint
2633 3478 2687 3524 et
2710 3469 3140 3526 observaverint.

1891 3557 1945 3612 5.
1979 3559 2044 3614 Et
2070 3559 2278 3626 sciatis,
2314 3559 2439 3630 quia
2473 3575 2578 3615 non
2607 3559 2874 3624 volumus,
2897 3570 2955 3616 ut
2982 3561 3122 3618 ullus
3145 3562 3284 3618 inter
3305 3579 3406 3622 nos

1821 3647 2017 3704 abhinc
2039 3648 2092 3704 in
2119 3659 2277 3705 antea
2310 3651 2413 3706 alia
2439 3652 2601 3707 verba
2622 3660 2802 3722 portet
2822 3652 2925 3708 nisi
2970 3653 3095 3708 talia
3145 3670 3266 3724 quae
3296 3657 3410 3714 Deo

1805 3742 1928 3820 'sint
1955 3743 2172 3813 placita,
2197 3754 2390 3814 etquze
2411 3747 2479 3802 ad
2511 3756 2752 3802 nostram
2783 3763 3129 3804 communem
3173 3752 3405 3808 salutem

1820 3840 1875 3887 et
1909 3844 2152 3888 nostrum
2186 3835 2444 3890 honorem
2466 3837 2804 3907 pertineant;
2829 3846 2889 3892 ut
2930 3840 3011 3894 sic
3055 3841 3226 3898 simus
3268 3844 3410 3900 sicut

1820 3920 2018 3978 fratres
2045 3923 2100 3978 in
2127 3924 2384 3991 invicem,
2416 3934 2471 3980 et
2505 3927 2681 3996 patrui
2713 3943 2834 3981 eum
2872 3930 3178 3998 nepotibus,
3201 3940 3257 3986 et
3315 3948 3409 3986 nc-

1819 4027 1974 4087 potes
2002 4033 2123 4072 cum
2147 4018 2375 4088 patruis,
2399 4032 2520 4073 esse
2551 4019 2772 4074 debent.
2805 4019 2873 4074 Et
2913 4021 2957 4074 si
2999 4021 3195 4090 aliquis
3243 4021 3408 4078 fuerit

1821 4110 1911 4180 qui
1938 4110 2040 4165 hoc
2068 4110 2247 4166 facere
2280 4111 2586 4176 tentaverit,
2628 4112 2958 4180 producatur
2985 4113 3038 4166 in
3067 4115 3305 4169 medium
3332 4115 3402 4176 ad

1821 4199 2110 4264 rationem,
2132 4208 2187 4256 et
2214 4201 2393 4255 taliter
2423 4201 2548 4257 inde
2575 4202 2905 4273 castigetur,
2950 4213 3008 4260 ut
3055 4220 3214 4262 nemo
3266 4205 3408 4262 alius

1819 4291 2015 4346 similia
2044 4292 2115 4323 “3
2136 4307 2295 4363 agere
2324 4301 2515 4349 tentet.

1889 4381 1944 4434 4.
1973 4381 2038 4435 Ει
2068 4383 2138 4416 ⁸⁸³
2176 4384 2446 4450 volumus,
2478 4394 2537 4440 ut
2556 4385 2798 4441 ecclesia:
2825 4394 2880 4442 et
2905 4402 3043 4442 casce
3069 4387 3186 4454 Dei,
3213 4397 3264 4443 et
3296 4388 3410 4458 epi-

1819 4473 1966 4542 sc0pi
1989 4481 2043 4527 et
2069 4473 2158 4528 Dei
2191 4474 2454 4540 homines,
2505 4475 2687 4532 clerici
2719 4486 2774 4531 et
2801 4479 3054 4533 monachi
3093 4487 3148 4533 et
3188 4494 3404 4544 nomne,

1821 4562 1980 4617 talem
2006 4563 2428 4619 mundeburdetn
2452 4575 2509 4620 et
2533 4566 2790 4621 honorem
2825 4567 3080 4634 habeant,
3111 4569 3250 4624 sicut
3275 4577 3412 4624 tein-

158 4637 236 4704 rit,
260 4644 496 4702 seniores
526 4661 648 4702 cum
674 4652 939 4706 veraciter
963 4652 1034 4683 ’³³
1059 4652 1309 4711 ﬁdelibus
1335 4656 1446 4712 suis
1483 4659 1598 4712 hmo
1623 4673 1715 4714 se-
1745 4641 1797 4700 Ι)
1823 4667 1952 4723 pore
1979 4664 2380 4708 antecessorum
2409 4663 2715 4710 nostrorum
2744 4657 3064 4711 habuerunt.

157 4733 367 4788 cundum
392 4734 486 4790 Dei
505 4737 834 4796 voluntatem
857 4752 912 4798 et
931 4742 1100 4815 legem
1121 4758 1184 4800 ac
1200 4743 1404 4816 justam
1427 4746 1715 4814 rationem,

1894 4747 1948 4802 5.
1988 4747 2052 4801 Et
2081 4745 2350 4814 volumus,
2391 4756 2452 4802 ut
2474 4763 2571 4804 vos
2611 4756 2666 4804 et
2705 4750 2870 4804 ceteri
2927 4749 3172 4804 homines
3224 4747 3408 4805 ﬁdeles

1453 4863 1690 4920 unm
1727 4822 2130 4922 Lecrtoaus.

217 4972 282 5004 °”
305 4988 354 5027 a.
379 4988 435 5027 ν.
459 4974 646 5030 desunt
677 4977 809 5032 Bar.

159 5041 322 5097 desunt
351 5043 406 5098 5.
504 5045 574 5078 ⁸⁸³
603 5057 727 5104 etc.
768 5064 815 5103 s.
858 5050 1046 5106 desunt
1098 5055 1152 5108 5.

161 5321 218 5354 '“
244 5339 333 5378 seu
357 5325 413 5379 5.
489 5325 559 5358 °"
585 5329 722 5383 deest
753 5329 807 5383 5.

161 5405 262 5448 sunt
282 5395 334 5448 5.

161 5463 220 5494 ’⁸³
255 5465 316 5518 de
343 5465 408 5519 Β.

159 5533 219 5565 ⁸³⁸
254 5535 290 5587 f.
325 5537 437 5590 haec
479 5547 736 5605 sequatur
772 5539 825 5593 5.

160 5605 412 5659 seniorum
439 5606 626 5660 desunt
664 5609 794 5662 Bar.

432 5393 506 5426 ”°
537 5407 610 5451 et.
650 5414 694 5453 s.
745 5415 796 5453 a.
841 5401 1026 5454 desunt
1073 5403 1127 5457 5.

889 5611 967 5682 ³δῖ
985 5610 1022 5664 f.
1056 5615 1206 5682 regni
1245 5615 1412 5670 nostri
1446 5616 1497 5669 in
1526 5615 1579 5667 5.

902 4979 974 5013 ⁸⁹⁵
1007 4982 1126 5036 eti.
1161 4998 1214 5038 v.
1243 4999 1295 5038 a.
1321 4999 1372 5038 a.
1397 4983 1436 5038 i.
1469 4999 1522 5038 v.
1547 4999 1597 5037 a.
1632 4984 1820 5039 desunt
1848 4985 1902 5040 5.

1251 5055 1322 5086 ⁹⁰⁰
1351 5065 1406 5108 et
1436 5063 1505 5108 st.
1531 5070 1576 5107 r.
1602 5063 1657 5109 et
1683 5072 1734 5109 a.
1767 5056 1822 5109 h.
1857 5071 1902 5110 r.
1937 5059 2121 5110 desunt
2150 5055 2203 5109 5.
2281 5056 2349 5087 θοι
2383 5070 2438 5108 ιι.

160 5112 218 5181 Ψ
237 5130 287 5167 ιι.
315 5129 360 5169 s.
385 5114 569 5170 desunt
595 5116 648 5170 5.
722 5119 793 5150 θοι
816 5135 865 5173 c.
895 5131 948 5174 et
968 5123 1152 5176 desunt
1175 5122 1228 5176 5.
1303 5125 1374 5157 ⁹⁰⁵
1397 5124 1539 5179 deest
1565 5124 1617 5177 5.
1693 5124 1764 5156 ⁹⁰⁶
1788 5133 1842 5180 et
1867 5142 1921 5181 ο.
1944 5128 2128 5180 desunt
2154 5128 2208 5180 5.

160 5179 218 5216 ⁹⁰⁹
243 5193 293 5238 et
319 5193 388 5239 st.
418 5185 604 5240 desunt
629 5187 681 5243 5.
759 5189 829 5220 ⁹¹⁰
852 5190 992 5245 deest
1014 5191 1068 5247 5.
1144 5193 1212 5226 9“
1247 5194 1387 5248 deest
1411 5195 1464 5248 5.
1540 5195 1610 5227 ἰ’
1632 5201 1688 5248 et
1709 5194 1747 5248 Γ.
1775 5179 1837 5248 n.
1865 5179 1917 5250 ἡ.
1942 5179 1995 5251 et
2018 5179 2077 5250 io.
2114 5179 2299 5250 desunt
2326 5179 2406 5249 5.7
2456 5196 2528 5228 ⁸³³
2557 5179 2712 5251 deest
2866 5197 2937 5230 ’³⁵
2964 5179 3105 5251 deest
3135 5179 3187 5251 5.

160 5265 203 5320 p.
227 5254 275 5307 (Ι.
303 5271 373 5308 m.
397 5271 451 5309 ο.
483 5256 668 5312 desunt
694 5257 748 5311 5.
822 5259 892 5290 ⁸³⁸
919 5262 1060 5315 deest
1083 5262 1137 5315 5.
1213 5264 1282 5295 ⁹¹¹¹
1311 5266 1450 5319 deest
1480 5265 1534 5318 5.
1611 5265 1682 5296 ⁹¹⁸
1705 5281 1756 5319 v.
1792 5266 1826 5318 i.
1851 5268 2033 5320 desunt
2061 5267 2115 5321 5.

161 5321 218 5354 '“
244 5339 333 5378 seu
357 5325 413 5379 5.
489 5325 559 5358 °"
585 5329 722 5383 deest
753 5329 807 5383 5.
901 5332 970 5362 ⁸⁸³
991 5333 1130 5386 deest
1153 5334 1206 5388 5.
1282 5335 1353 5366 9”
1376 5335 1456 5388 vel
1483 5337 1535 5389 5.
1614 5335 1683 5367 9"
1717 5352 1765 5390 ν.
1801 5351 1846 5389 c.
1882 5337 1917 5390 i.
1949 5337 2130 5389 desunt
2159 5336 2192 5389 5

1193 5371 1292 5436 .9”
1329 5371 1606 5460 emenrlari
1651 5404 1779 5458 Bar.
1811 5405 1875 5458 Β.
1978 5407 2047 5439 ’³ο
2081 5416 2120 5460 t.
2153 5421 2204 5460 v.

488 5466 559 5498 ”"
579 5477 634 5522 et
663 5479 732 5522 st.
763 5471 948 5524 desunt
977 5471 1030 5525 5.
1108 5473 1179 5506 ³³⁸
1209 5489 1260 5528 a.
1291 5490 1338 5529 s.
1383 5490 1428 5528 r.
1457 5475 1640 5529 desunt
1676 5477 1730 5529 5.
1805 5475 1876 5508 ’³⁸
1911 5477 2047 5531 deest
2085 5479 2138 5531 5.
2214 5478 2284 5512 ’⁸⁷
2308 5488 2362 5532 et
2383 5479 2435 5532 d.
2465 5479 2650 5533 desunt
2674 5481 2727 5532 5.

1988 4985 2058 5017 3”
2096 5001 2146 5039 a.
2199 4985 2474 5042 d.'desunt
2517 4986 2572 5041 5.
2669 4987 2741 5020 “7
2763 4996 2818 5042 et
2844 4985 2965 5041 Bal.
3061 4988 3133 5020 ⁸³⁸
3173 5003 3225 5041 v.
3276 5004 3330 5042 n.
3364 4987 3402 5040 f.

2470 5071 2522 5125 p.
2555 5057 2742 5111 desunt
2771 5057 2823 5110 5.
2897 5058 2970 5088 ⁹⁰²
2998 5059 3034 5112 i.
3061 5060 3114 5114 h.
3139 5059 3322 5111 desunt
3348 5057 3400 5111 5.

2285 5126 2354 5157 ’°"
2380 5141 2432 5180 a.
2458 5141 2508 5178 c.
2532 5127 2717 5181 desunt
2749 5129 2802 5182 5.
2879 5128 2948 5159 ὀε
2975 5144 3026 5197 q.
3054 5145 3106 5196 p.
3136 5130 3318 5181 desunt
3344 5129 3397 5182 5.

2285 5205 2299 5227 ι
2326 5196 2359 5227 ’Χ
2456 5196 2528 5227 9H
2559 5198 2698 5227 ιιι-..ι
2737 5199 2768 5227 ’Ζ
2866 5197 2937 5227 ιιι
2968 5202 3101 5227 at-..“
3137 5199 3165 5227 ’τ
3263 5197 3332 5227 918
3366 5198 3378 5227 ζ

2982 5267 3050 5299 ⁹²⁰
3081 5283 3131 5321 c.
3166 5274 3256 5319 aut
3282 5265 3318 5318 f.
3348 5265 3401 5318 5.

2308 5338 2378 5368 ³³⁸
2402 5337 2541 5391 deest
2563 5339 2616 5390 5.
2711 5339 2780 5368 ⁹¹⁷
2812 5349 2869 5392 ιιι
2900 5354 2945 5393 s.
2979 5347 3031 5391 et
3066 5352 3110 5389 s.
3152 5351 3204 5404 p.
3237 5351 3290 5404 p.
3317 5337 3404 5388 de-

1978 5407 2047 5439 ⁹³⁰
2081 5416 2120 5460 t.
2153 5421 2204 5460 ν.
2232 5407 2418 5462 desunt
2445 5409 2497 5462 5.
2575 5409 2643 5440 ⁹⁸¹
2669 5424 2918 5462 curemus
2948 5408 3002 5460 5.
3076 5407 3144 5438 "'
3170 5407 3309 5459 deest
3349 5407 3402 5460 5.

2827 5478 2896 5509 ’³⁸
2936 5493 2980 5530 r.
3033 5484 3086 5530 et
3133 5477 3315 5529 desunt
3347 5475 3401 5529 5.

2212 5267 2281 5297 9"
2306 5275 2359 5319 et
2387 5267 2440 5322 d.
2468 5281 2512 5321 s.
2542 5282 2586 5321 s.
2618 5268 2803 5322 desunt
2833 5270 2887 5322 5.

925 5541 993 5573 ⁸⁵⁸
1035 5557 1086 5595 a.
1141 5558 1185 5598 s.
1234 5561 1281 5598 r.
1332 5560 1383 5598 v.
1433 5545 1484 5598 h.
1515 5561 1564 5599 c.
1610 5546 1664 5601 d.
1699 5561 1753 5612 ιι.
1791 5561 1843 5599 a.
1878 5562 1925 5600 c.
1969 5548 2153 5601 desunt
2196 5548 2250 5602 5.
2326 5549 2393 5580 ’“
2434 5565 2480 5602 s.
2526 5567 2579 5603 ιι.
2622 5550 2805 5602 desunt
2848 5549 2900 5602 5.
2947 5547 3216 5600 seniorum
3247 5563 3406 5614 us.th

925 5620 958 5650 ’³
985 5610 1022 5664 f.
1056 5615 1206 5670 rctrni
1245 5615 1412 5670 nostri
1446 5616 1497 5669 in
1526 5615 1579 5667 5.
1675 5615 1746 5646 θη
1775 5632 1820 5670 c.
1852 5626 1905 5670 et
1940 5633 1990 5670 ρ.
2019 5618 2072 5670 5.
2168 5619 2238 5650 ’³⁵
2261 5620 2400 5670 deest
2435 5619 2500 5670 Β.
2578 5617 2648 5650 9“
2683 5621 2820 5670 deest
2849 5617 2916 5670 Β.
2991 5617 3062 5648 9‘6
3085 5632 3149 5670 ac
3169 5633 3406 5670 commu-

1705 5626 1746 5646 "
1775 5632 1820 5670 C.
1852 5626 1905 5672 et
1940 5633 1990 5670 ο.
2019 5626 2072 5670 5.

2168 5619 2238 5650 ’³³⁸
2261 5620 2400 5672 deest
2435 5619 2500 5672 B.
2578 5617 2648 5650 9“
2683 5621 2820 5670 deest
2849 5617 2916 5670 Β.
2991 5617 3062 5648 9⁸⁵
3085 5632 3149 5671 ac
3169 5633 3408 5670 comnm-

161 5675 268 5757 li.i_e.
417 5675 486 5757 ⁹ξ⁷
507 5676 740 5757 faciente
764 5679 818 5733 5.
933 5681 998 5734 Β.
1028 5675 1241 5757 favEnte
1264 5685 1428 5757 Βωκ-
1471 5686 1542 5717 “3
1569 5684 1774 5757 ﬁrmius
1800 5686 1856 5740 5.
1931 5687 2000 5719 ’³³
2028 5689 2166 5742 deest
2187 5691 2241 5744 5.
2317 5690 2385 5720 ⁸⁸⁸
2411 5689 2575 5743 nostri
2605 5691 2656 5742 5.
2734 5688 2801 5719 ⁹⁸¹
2830 5688 3025 5757 reliqua
3063 5688 3247 5741 desunt
3272 5688 3324 5739 in

164 5739 218 5774 ’“
246 5745 576 5803 adnuntiatio
605 5747 661 5802 S.
689 5749 753 5802 Β.
847 5751 917 5781 ⁸⁸³
941 5753 1273 5809 conﬂuentes
1303 5755 1364 5809 S.
1395 5755 1458 5809 Β.

1550 5756 1622 5788 ’⁸³
1653 5757 1925 5811 theodisca
1962 5771 2261 5814 constanter
2287 5758 2346 5814 S.
2375 5759 2440 5812 Β.

2534 5760 2603 5792 ’⁸⁵
2631 5758 3012 5813 nuntiaverunt
3047 5757 3177 5812 Bar.
3252 5757 3322 5788 °“
3363 5757 3402 5810 f.

163 5821 279 5868 ctn.
321 5831 374 5869 [ι.
416 5815 542 5872 Bar.
617 5819 686 5851 ’⁸⁷
713 5827 770 5874 ιιι
812 5819 857 5876 si
900 5820 1027 5877 Bar.
1105 5825 1173 5856 ⁸⁸⁸
1204 5826 1452 5882 similiter
1481 5824 1608 5881 Bnr.
1684 5827 1754 5858 ⁸⁸³
1795 5827 1934 5882 decu
1965 5827 2090 5881 Bar.
