3876 5326
597 417 704 476 675

1290 407 1598 476 'APPEND.
1630 421 1723 476 AD
1753 421 1928 478 smc.
1968 423 2036 478 χ.
2077 453 2146 464 -
2184 421 2616 483 MONUMENTA
2653 405 3142 488 DIPLOMATICA.

3725 443 3797 501 676

598 529 773 587 n‘ostri
810 530 971 602 talem
999 529 1170 604 legem
1215 541 1272 588 et
1331 535 1708 590 rectitudinem
1759 527 1815 590 et
1859 535 1963 591 tale
2005 536 2183 592 salva-
2212 539 2264 602 Α
2289 547 2383 609 pto
2415 540 2506 596 illo
2533 545 2675 613 quod
2707 545 2772 600 de
2809 561 2928 601 mea
2964 549 3252 606 donatione
3276 550 3444 616 venit,
3475 552 3574 609 illis
3598 565 3794 626 concedo,

597 635 844 681 mentum
874 626 926 680 in
951 626 1130 696 regnis
1153 629 1352 680 nostris
1375 626 1624 682 habeatis
1648 668 1662 694 ,
1695 628 1836 684 sicut
1869 639 2179 685 antecesso-

596 730 686 770 res
700 714 864 770 vestri
879 722 1120 782 tempore
1135 723 1537 770 antecessorum
1553 725 1863 772 nostrorum
1878 718 2183 772 habuerunt

596 808 700 874 “°;
730 815 787 863 et
811 819 911 861 nos
939 805 1097 860 talem
1118 806 1377 862 honorem
1418 815 1475 863 et
1520 817 1726 864 rectam
1773 819 2092 880 potestatem
2127 811 2180 864 in

594 909 782 953 nostro
810 895 959 968 regio
982 895 1202 951 nomine
1221 896 1366 965 apud
1394 912 1491 954 vos
1535 898 1851 965 habeamus,
1902 901 2042 955 sicut
2079 915 2178 956 no-

595 990 693 1046 stri
719 997 1091 1045 antecessores
1111 988 1251 1059 apud
1274 999 1485 1046 vestros
1539 1001 1914 1048 antecessores
1968 993 2179 1047 habue-

592 1091 756 1148 runt;
811 1091 866 1138 et
909 1080 1124 1151 iustitia
1172 1090 1228 1136 et
1275 1081 1358 1136 lex
1413 1083 1664 1138 omnibus
1707 1095 2088 1148 conservetur;
2126 1091 2181 1140 et

591 1186 858 1242 pauperes
880 1171 1126 1226 homines
1153 1170 1315 1226 talem
1337 1170 1705 1227 defensionem
1738 1174 1991 1239 habeant,
2041 1175 2180 1229 sicut

591 1274 839 1335 tempore
867 1270 1272 1319 antecesserunt
1303 1272 1606 1319 nostrorum
1639 1265 1722 1320 lex
1748 1273 1802 1321 et
1846 1267 2178 1322 consuetudo

589 1354 717 1421 fuit,
741 1364 797 1410 et
818 1356 959 1410 sicut
982 1355 1072 1410 hic
1118 1355 1186 1387 ’σί
1243 1353 1430 1409 ﬁdeles
1454 1355 1627 1410 nostri
1653 1357 2011 1412 communiter
2045 1372 2177 1411 con-

591 1454 885 1502 senserunt
912 1453 969 1500 et
1006 1445 1208 1516 scripto
1238 1445 1394 1501 nobis
1417 1446 1948 1511 demonstraverunt,
1995 1457 2050 1503 ct
2081 1463 2179 1504 nos

590 1551 716 1593 cum
765 1535 980 1592 illorum
1027 1535 1254 1592 consilio
1299 1537 1667 1593 consentimus
1695 1544 1752 1591 et
1788 1537 2065 1593 observari
2107 1539 2178 1571 ’δ’

585 1627 949 1684 communiter
967 1625 1233 1682 volumus.
1260 1625 1328 1682 Et
1369 1627 1415 1683 si
1465 1626 1661 1698 aliquis
1701 1625 1804 1683 hoc
1857 1630 2182 1699 perturbare

584 1717 840 1784 voluerit,
866 1733 897 1773 a
919 1715 1067 1772 nullo
1094 1725 1338 1773 nostrum
1366 1717 1680 1788 recipiatur,
1707 1721 1811 1774 nisi
1862 1709 1922 1774 ut
1967 1730 2061 1776 aut
2110 1722 2180 1754 ’⁸³

585 1809 655 1865 ad
680 1818 887 1866 rectam
921 1808 1186 1865 rationem
1215 1819 1312 1864 aut
1345 1810 1414 1865 ad
1464 1809 1535 1844 ⁸⁸⁸
1585 1811 1963 1872 rationabilem
2006 1811 2181 1868 indul-

580 1901 779 1971 gentiae
799 1901 1209 1958 concessionem
1229 1901 1546 1958 deducatur.
1806 1959 1823 1972 ,

655 1989 710 2045 6.
737 1989 844 2047 Sed
867 1999 922 2045 et
950 1990 1022 2022 ⁸⁸⁸
1051 1990 1120 2046 de
1145 1990 1267 2046 istis
1316 1991 1522 2062 rapinis
1563 2001 1621 2048 et
1666 1993 2178 2066 depraedationibus,

580 2095 722 2152 quas
745 2080 856 2150 jam
889 2081 1044 2152 quasi
1082 2096 1181 2152 pro
1223 2082 1342 2153 lege
1392 2083 1545 2138 multi
1598 2099 1694 2154 per
1739 2087 2180 2142 consuetudinem

583 2181 807 2238 tenent,
837 2171 908 2227 ab
943 2174 1046 2228 hoc
1087 2172 1175 2228 die
1196 2181 1252 2228 et
1280 2173 1532 2244 deinceps
1563 2174 1630 2228 de
1685 2175 1781 2230 Dei
1819 2176 1998 2231 banno
2024 2183 2079 2230 et
2115 2175 2182 2231 de

582 2263 656 2298 ³⁸⁸
677 2273 864 2319 nostro
892 2264 1058 2319 verbo
1085 2263 1154 2296 ³⁸⁷
1183 2264 1494 2328 bannimus,
1526 2273 1588 2319 ut
1617 2279 1778 2321 nemo
1805 2267 1910 2323 hoc
1952 2266 2182 2337 amplius

581 2364 894 2427 praesumat.
929 2353 1036 2410 Sed
1069 2355 1440 2424 unusquisque
1473 2353 1614 2409 infra
1645 2356 1876 2424 patriam
1901 2370 2024 2411 cum
2047 2370 2182 2426 pace

581 2453 638 2500 et
659 2445 777 2501 sine
801 2445 1153 2516 oppressione
1181 2459 1480 2515 pauperum
1533 2453 1590 2500 et
1634 2444 2179 2502 circummunentium

579 2536 865 2601 consistat,
896 2545 951 2591 et
976 2536 1031 2589 in
1055 2536 1266 2591 hostem
1291 2535 1374 2590 vel
1413 2535 1478 2589 ad
1511 2535 1770 2606 placitum
1801 2536 1919 2590 sive
1941 2537 2009 2591 ad
2049 2551 2180 2592 cur-

581 2635 692 2684 tem
717 2627 963 2692 veniens,
995 2626 1062 2682 de
1080 2641 1180 2683 suo
1206 2621 1288 2682 Sic
1309 2626 1574 2682 warnitus
1597 2625 1668 2658 ⁸⁸⁸
1698 2625 1848 2698 (155)
1865 2635 1920 2682 et
1937 2628 2004 2683 de
2021 2628 2181 2683 domo

580 2734 678 2777 sua
707 2728 940 2784 moveat,
965 2727 1024 2774 ut
1043 2733 1171 2774 cum
1198 2733 1332 2790 pace
1361 2719 1553 2775 venire
1581 2727 1636 2775 et
1677 2719 1959 2774 nobiscum
2010 2728 2178 2787 stare,

579 2823 637 2870 et
664 2813 733 2868 ad
761 2813 979 2868 domum
998 2826 1154 2868 suam
1194 2812 1373 2866 redire
1404 2811 1596 2883 possit.
1655 2810 1723 2865 Et
1749 2810 1841 2880 qui
1865 2810 1971 2866 hoc
2000 2818 2182 2865 trans-

580 2919 799 2976 gressus
819 2903 1004 2969 fuerit,
1035 2903 1441 2973 sicuttempore
1494 2913 1903 2958 antecessorum
1962 2910 2183 2958 nostro-

580 3011 704 3051 rum
737 2997 1074 3052 consuetudo
1094 2995 1164 3028 ⁹⁶⁹
1195 2994 1317 3059 luit,
1341 3002 1398 3050 et
1425 2995 1477 3049 in
1497 2995 1715 3050 illorum
1758 2994 2010 3064 capitulis
2044 2985 2182 3051 ’ροη-

581 3089 789 3145 tinetur
812 3128 829 3156 ,
868 3087 1122 3143 volumus
1174 3095 1236 3142 ut
1283 3087 1387 3142 hoc
1421 3087 1478 3143 in
1516 3086 1624 3143 illis
1683 3087 2183 3158 transgressoribus

581 3180 922 3236 emendetur.

2284 630 2330 684 si
2369 631 2500 686 mihi
2527 633 2837 691 ﬁrmitatem
2862 637 3090 693 fecerint
3123 642 3265 711 quod
3289 643 3340 696 in
3397 659 3560 716 regno
3599 664 3700 704 meo
3733 669 3798 721 pa.

2283 718 2422 775 ciﬁci
2445 721 2577 787 sint,
2611 732 2666 777 et
2691 725 2770 780 sic
2800 725 2871 780 ibi
2899 727 3082 782 vivant
3117 730 3259 784 sicut
3283 731 3561 788 christiani
3608 735 3654 791 in
3696 718 3796 794 chri-

2283 812 2462 866 stiano
2486 827 2652 884 regno
2669 815 2851 872 vivere
2880 819 3096 873 debent.
3139 819 3197 874 ln
3253 821 3356 876 hnc
3407 823 3453 878 si
3507 826 3658 880 frater
3690 846 3795 884 meus

2282 902 2418 957 meis
2439 901 2703 969 ﬁdelibus,
2725 906 2819 976 qui
2841 917 3029 962 contra
3064 906 3210 963 illum
3237 910 3372 964 nihil
3395 912 3714 971 misfecerunt
3733 920 3794 986 θη,

2281 1005 2336 1049 et
2389 1010 2476 1050 me
2528 998 2743 1065 quando
2798 999 2930 1054 mihi
2975 1015 3110 1071 Opus
3156 1000 3255 1055 fuit
3317 1003 3719 1074 adjuvaverunt,
3752 1011 3797 1065 si-

2281 1087 2485 1142 militer
2519 1088 2728 1144 illorum
2751 1091 2952 1157 alodes,
2979 1108 3114 1162 quos
3151 1093 3204 1148 in
3241 1110 3408 1166 regno
3457 1097 3593 1154 illius
3633 1101 3794 1169 habent,

2281 1183 2631 1236 concesserit.
2657 1182 2765 1238 Sed
2786 1193 2840 1238 et
2863 1186 2927 1242 de
2957 1185 3060 1242 illis
3078 1186 3323 1242 alodibus
3347 1203 3483 1258 quos
3515 1191 3576 1245 de
3611 1208 3708 1249 mea
3736 1198 3797 1251 do-

2283 1271 2500 1326 natione
2539 1272 2874 1340 liabuerunt,
2928 1285 2984 1331 et
3032 1278 3195 1332 etiam
3247 1278 3314 1332 de
3365 1279 3660 1347 honoribus,
3702 1287 3797 1340 sicut

2281 1375 2402 1416 cum
2443 1361 2534 1417 illo
2571 1365 2765 1419 melius
2791 1367 3164 1435 considerabo,
3200 1369 3307 1424 illis
3334 1371 3430 1441 qui
3474 1372 3538 1425 ad
3568 1389 3641 1427 me
3673 1390 3718 1430 se
3751 1377 3795 1408 ’⁷³

2283 1453 2661 1521 retornabunt,
2680 1455 2984 1513 voluntarie
3009 1458 3228 1515 faciam.
3748 1529 3750 1532 ν

2353 1547 2667 1605 Etdomnus
2716 1549 3026 1608 Hlotltarius
3065 1553 3246 1624 lingua
3291 1553 3594 1611 Theothisca
3619 1557 3663 1612 in
3683 1577 3792 1630 supra

2282 1641 2607 1697 adnuntiatis
2661 1644 2905 1711 capitulis
2931 1662 2986 1700 se
3013 1646 3307 1702 conse‘ntire
3337 1649 3494 1716 dixit,
3524 1660 3568 1704 et
3592 1667 3640 1706 se
3671 1654 3792 1707 obm-

2282 1743 2525 1788 vaturum
2549 1733 2645 1789 illa
2669 1737 2931 1805 promisit.

2355 1822 2425 1878 Et
2453 1833 2576 1879 tunc
2606 1825 2827 1882 domnus
2859 1826 3091 1884 Karolus
3117 1831 3305 1885 iterum
3335 1831 3514 1904 lingua
3543 1833 3732 1891 Romana
3752 1839 3793 1892 de

2207 1923 2253 1983 Β
2280 1933 2409 1986 pace
2435 1919 2775 1985 commonuit,
2807 1930 2855 1974 et
2913 1931 2970 1975 ut
3000 1938 3117 1976 cum
3175 1922 3276 1977 Dei
3301 1927 3477 1994 gratia
3521 1928 3626 1980 sani
3648 1941 3684 1982 et
3705 1931 3791 1983 miri

2283 2005 2440 2072 irent,
2467 2017 2516 2060 et
2551 2017 2606 2060 ut
2631 2025 2718 2064 eos
2743 2025 2899 2065 sanos
2931 2013 3216 2067 reviderent
3246 2016 3441 2079 oravit,
3490 2026 3535 2069 et
3581 2018 3790 2072 adnuntia-

2281 2095 2508 2149 tionibus
2537 2095 2611 2128 ’⁷³
2637 2097 2794 2166 ﬁnem
2820 2101 3086 2171 imposuit.

2281 2243 2476 2284 KAROLI
2534 2245 2798 2286 CAPITULA
2859 2247 2990 2288 POST
3053 2249 3293 2292 REDITUH
3344 2253 3377 2290 Α
3433 2253 3789 2295 CONFLUENTIBUS

2710 2317 2877 2358 MISSIS
2911 2318 3027 2358 SUlS
3064 2321 3332 2361 CONTRADI
3346 2326 3436 2363 ΤΔ.

2283 2409 2414 2487 Han:
2429 2429 2546 2481 qua:
2567 2425 2856 2485 sequuntur
2880 2416 3104 2487 domnus
3124 2417 3383 2487 Karolus,
3415 2438 3671 2477 reversuro
3693 2423 3792 2477 Con-

2355 2484 2574 2564 ﬂuente,
2600 2484 2719 2537 cum
2746 2486 2965 2564 consilio
2997 2487 3234 2564 ﬁdelium
3283 2484 3505 2564 suorum
3539 2509 3792 2564 perregnnm

2353 2569 2508 2606 suum
2540 2555 2901 2609 denuntianda
2927 2565 2975 2610 et
3017 2558 3344 2614 observanda
3375 2555 3561 2618 direxit

2359 2640 2488 2698 Haec
2514 2644 2668 2700 missi
2700 2647 2874 2701 nostri
2909 2647 3281 2706 discurrentes
3309 2652 3527 2708 faciant.

2357 2733 2409 2788 l.
2432 2731 2696 2805 omnibus
2726 2735 2779 2790 in
2803 2751 2901 2791 suo
2931 2739 3210 2794 missatico
3232 2739 3540 2797 ﬁrmitatem
3581 2742 3789 2813 quaeinter

2283 2839 2382 2879 nos
2412 2832 2466 2878 et
2495 2824 2839 2881 carissimum
2874 2826 3098 2883 fratrem
3141 2839 3392 2887 nostrum
3441 2842 3590 2905 atque
3632 2833 3789 2888 dilectos

2283 2922 2513 2987 nepotes
2534 2926 2749 2973 nostros
2773 2916 2914 2973 faeta
2941 2927 3043 2985 est,
3078 2929 3262 2975 notam
3295 2920 3516 2977 faciant.

2355 3003 2410 3059 2.
2451 3003 2696 3075 Capitula
2725 3007 2890 3062 etiam
2939 3024 3060 3078 qum
3089 3010 3231 3079 apud
3274 3009 3614 3069 Conﬂuentes
3635 3018 3789 3082 accepta

2285 3105 2412 3153 sunt
2434 3113 2464 3152 a
2488 3098 2643 3154 nobis
2670 3107 2726 3154 et
2748 3100 3128 3158 communibus
3151 3101 3402 3161 ﬁdelibus
3425 3105 3790 3172 nostris,ailuun-

2281 3195 2392 3242 tleh
2400 3195 2439 3242 ι.

649 3272 705 3326 7.
735 3271 1002 3329 Similiter
1028 3278 1086 3328 et
1113 3271 1182 3328 de
1226 3271 1746 3342 conspirationlbus,
1796 3277 1853 3326 et
1902 3271 1970 3326 de
2012 3270 2181 3342 raptis
2208 3283 2253 3346 ο
2354 3279 2409 3333 5.
2451 3277 2559 3334 Sed
2587 3287 2640 3336 et
2665 3280 2754 3335 illa
2785 3269 3018 3354 capitula
3041 3299 3162 3354 quae
3187 3293 3313 3341 ante
3360 3302 3460 3360 per
3503 3303 3696 3359 regnum
3728 3303 3792 3339 no-

583 3369 936 3437 feminarum,
970 3377 1080 3423 tam
1104 3367 1388 3424 viduarum
1423 3381 1587 3444 quam
1607 3369 1662 3422 et
1686 3365 1990 3438 puellarum
2015 3374 2180 3438 atque

581 3473 911 3526 nonnarum,
963 3458 1254 3515 bannimus
1281 3475 1346 3514 ex
1382 3457 1480 3515 Dei
1513 3467 1570 3515 et
1628 3467 1821 3516 nostro
1862 3461 2032 3515 verbo
2058 3499 2074 3525 ,
2122 3468 2182 3515 ut

585 3548 767 3605 nullus
794 3549 977 3606 hocin
1002 3551 1182 3623 regnis
1208 3549 1408 3606 nostris
1457 3565 1616 3623 agere
1666 3558 1983 3622 praesumat.
2035 3550 2102 3607 Et
2135 3551 2181 3609 si

579 3641 707 3712 quis
726 3643 834 3698 hoc
866 3643 1293 3713 prazsumpserit,
1317 3643 1614 3698 secundum
1639 3643 1835 3714 legem,
1871 3652 1927 3699 et
1954 3644 2098 3700 sicut
2124 3643 2179 3699 in

583 3733 974 3806 capitularibus
1020 3735 1435 3806 progenitorum
1497 3743 1817 3791 nostrorum
1847 3735 2179 3802 continetur,

582 3829 665 3884 sic
684 3828 788 3885 hoc
808 3829 1100 3883 emendare
1137 3837 1385 3900 cogatur.

653 3918 787 3976 ch
808 3921 991 3976 eadem
1017 3920 1240 3976 domnus
1298 3919 1531 3976 Karolus
1584 3920 1821 3976 Romana
1862 3921 2044 3991 lingua
2087 3921 2184 3976 ad-

582 4010 864 4075 nuntiavit,
894 4019 943 4065 et
965 4026 1032 4064 ex
1054 4011 1292 4064 maxima
1320 4021 1469 4081 parte
1519 4010 1700 4082 lingua
1742 4010 2053 4066 Tlteothisca
2102 4027 2183 4066 ra-

583 4097 914 4170 capitulavit.

654 4185 785 4243 Post
809 4189 922 4244 haec
952 4189 1180 4244 domnus
1207 4189 1550 4246 Hladowicas
1579 4192 1649 4246 ad
1700 4196 1953 4247 damnum
2006 4189 2182 4248 Koro-

589 4279 700 4334 lunt
725 4281 944 4351 fratrem
975 4300 1130 4336 suum
1156 4283 1338 4356 lingua
1387 4283 1623 4340 Romana
1655 4286 1790 4341 dixit
1841 4303 1859 4341 :
1907 4285 2082 4352 Nunc,
2119 4288 2181 4342 -si

581 4371 740 4426 vobis
767 4371 965 4442 placet,
989 4383 1230 4429 vestrum
1277 4375 1500 4430 verbum
1549 4377 1748 4432 habere
1794 4377 1918 4434 volo
1970 4377 2037 4434 de
2075 4376 2181 4432 illis

584 4461 892 4519 hominibus
921 4465 1010 4534 qui
1043 4467 1110 4520 ad
1147 4481 1320 4521 meam
1349 4467 1507 4523 ﬁdem
1545 4480 1829 4524 venerunt.

651 4554 722 4609 Et
750 4556 973 4612 domnus
999 4557 1231 4614 Karolus
1259 4560 1534 4616 excelsiori
1556 4579 1680 4616 voce
1708 4564 1890 4633 lingua
1940 4562 2180 4618 Romana

2285 3379 2460 3432 strum
2507 3373 2846 3430 observanda
2894 3377 3159 3444 misimus,
3209 3394 3332 3433 cum
3373 3381 3606 3451 capitulis
3647 3378 3793 3449 episco-

2283 3463 2495 3533 palibus
2535 3475 2592 3519 et
2639 3466 3046 3536 progenitorum
3112 3478 3426 3525 nostrorum
3487 3472 3790 3541 imperatorum

2283 3553 2636 3625 udcognitent
2691 3555 2863 3625 (156),
2921 3567 2975 3610 et
3020 3558 3483 3629 cognitamentum
3531 3560 3657 3632 (157)
3693 3556 3789 3626 quod

2285 3645 2445 3699 modo
2459 3643 2600 3714 apud
2617 3643 2960 3702 Conﬂuentes
2986 3645 3214 3704 fecimus
3231 3649 3484 3706 omnibus
3505 3650 3788 3712 innotescanl;

2285 3743 2343 3791 et
2370 3736 2691 3790 ﬁrmitatem
2725 3737 2794 3792 ab
2831 3737 3083 3794 omnibus
3112 3741 3203 3810 qui
3237 3739 3309 3793 ita
3334 3752 3520 3796 contra
3559 3756 3644 3795 nos
3665 3736 3790 3792 tuisle

2283 3836 2475 3881 cerunt
2503 3827 2644 3881 sicut
2666 3838 2854 3882 notum
2891 3837 2998 3894 est,
3023 3831 3076 3884 et
3105 3829 3170 3884 de
3211 3831 3408 3900 quibus
3433 3831 3702 3886 carissimus
3717 3825 3790 3881 lra-

2285 3925 2368 3970 ter
2394 3927 2581 3972 noster
2607 3919 2778 3988 petiit,
2814 3921 2906 3990 qui
2939 3919 3125 3975 alodes
3151 3920 3205 3976 in
3242 3937 3409 3991 regno
3459 3932 3627 3977 nostro
3651 3919 3790 3975 habere

2282 4008 2489 4075 volunt,
2521 4010 2662 4065 sicut
2687 4011 2739 4064 in
2770 4011 3173 4081 cegnitamento
3222 4023 3409 4068 nostro
3454 4013 3682 4083 scriptum
3717 4016 3787 4072 est

2284 4097 2686 4153 ﬁrmamentum
2721 4100 3012 4178 recipiant.
3071 4101 3146 4155 Ita
3202 4109 3403 4166 tamen,
3444 4111 3501 4156 ut
3543 4101 3583 4156 si
3621 4098 3788 4165 majores

2284 4189 2534 4244 homines
2556 4189 2846 4254 voluerint,
2897 4191 2964 4245 ad
3009 4205 3109 4245 nos
3148 4192 3388 4258 veniant,
3419 4193 3549 4247 etin
3575 4184 3786 4261 praesentia

2283 4290 2471 4336 nostra
2506 4280 2677 4351 ipsam
2703 4281 3014 4338 ﬁrmitatem
3040 4282 3272 4350 faciant;
3324 4285 3562 4340 homines
3586 4296 3691 4336 vero
3708 4277 3786 4333 illo-

2265 4388 2407 4428 ‘rum
2461 4381 2590 4428 ante
2639 4372 2836 4429 missos
2887 4382 3103 4429 nostros
3145 4376 3376 4430 eandem
3427 4375 3703 4429 ﬁrmitatem
3730 4367 3784 4420 la-

2285 4467 2454 4521 ciant.
2503 4491 2506 4496 -

2355 4559 2409 4612 4.
2451 4557 2521 4615 Ut
2550 4557 2701 4614 missi
2729 4559 2902 4613 nostri
2922 4559 3002 4613 eis
3025 4559 3116 4630 qui
3145 4559 3455 4615 ﬁrmitatem
3472 4546 3783 4614 fecerinhalo'

584 4645 717 4701 dixit
744 4662 762 4699 :
794 4649 902 4704 lllis
923 4651 1228 4706 hominibus
1256 4652 1346 4722 qui
1370 4661 1558 4707 contra
1590 4671 1677 4710 me
1699 4655 1776 4708 sic
1810 4655 2056 4710 fecerunt
2101 4656 2176 4710 si-
2211 4650 2379 4714 D‘des
2409 4650 2620 4705 illorum
2652 4666 2788 4720 quos
2814 4651 2878 4705 de
2902 4652 3220 4716 hereditate,
3254 4661 3308 4708 et
3332 4654 3395 4707 de
3438 4650 3525 4705 tali
3551 4640 3784 4714 comptis“u

583 4747 679 4793 cut
703 4740 876 4805 scitis,
903 4749 957 4795 et
985 4743 1052 4796 ad
1105 4759 1284 4798 mcum
1339 4742 1566 4799 fratrem
1615 4757 1899 4812 venerunt,
1957 4760 2178 4816 propter

584 4829 753 4886 Deum
781 4841 834 4887 et
864 4843 1080 4905 propter
1115 4835 1256 4890 illius
1279 4853 1542 4903 amorem,
1587 4848 1641 4891 et
1668 4854 1764 4907 pro
1796 4839 1936 4894 illius
1981 4841 2175 4910 gratia,

583 4930 756 4977 totum
787 4927 1028 4994 perdono
1056 4929 1197 4998 quod
1229 4938 1419 4983 contra
1463 4944 1551 4984 me
1583 4929 1936 4985 misfecerunt
1982 4933 2074 4997 ’7“,
2125 4941 2182 4988 et

585 5010 803 5068 illorum
833 5014 1018 5073 alodes
1061 5019 1127 5072 de
1174 5019 1477 5073 hereditate
1521 5028 1570 5074 et
1621 5020 1688 5073 de
1737 5022 2065 5090 conquisitu,
2127 5033 2183 5079 et

581 5105 730 5176 quod
747 5107 814 5163 de
843 5109 1134 5167 donatione
1159 5111 1333 5165 nostri
1363 5111 1595 5166 senioris
1644 5111 1971 5180 habuerunt,
2031 5130 2184 5171 exce-

2267 4744 2372 4814 qui
2413 4744 2479 4798 de
2510 4753 2696 4798 nostra
2741 4744 3032 4800 donatione
3077 4759 3186 4800 non
3228 4745 3393 4808 venit,
3443 4741 3721 4797 habuerunt.
3749 4737 3785 4782 εί

2281 4851 2418 4904 quos
2459 4835 2643 4890 senior
2675 4844 2859 4890 noster
2887 4835 3119 4890 domnus
3165 4836 3457 4905 imperator
3492 4833 3566 4886 eis
3591 4825 3724 4885 dedit.
3749 4817 3781 4871 εί

2283 4928 2728 5000 praecepta-illius
2771 4929 3130 4994 ostenderint,
3156 4939 3412 5000 quantum
3458 4929 3508 4984 in
3537 4923 3650 4997 ipsis
3683 4928 3783 4988 ρτπσ

2285 5022 2459 5092 ceptis
2488 5021 2612 5074 inde
2642 5020 2971 5084 continetur,
3007 5021 3114 5076 illis
3146 5021 3390 5076 reddant.

2358 5116 2412 5169 5.
2457 5113 2525 5169 Ut
2562 5129 2752 5168 omnes
2781 5115 2876 5184 qui
2917 5115 3231 5169 ﬁrmitatem
3278 5114 3518 5180 fecerint,
3562 5119 3611 5166 et
3642 5101 3785 5179 (1011305

1918 5249 2152 5304 VARle
2194 5251 2210 5266 '
2237 5249 2571 5266 ’“””“¹¹“’”““

3839 325 3841 366 l
