  <div class='ocr_page' id='page_1' title='image "/cluster/home/n/w/nwhite01/storage/ocr_20150623/138/hvd.32044015471774/344.png"; bbox 0 0 3876 5326; ppageno 0'>
   <div class='ocr_carea' id='block_1_1' title="bbox 126 352 3348 434">
    <p class='ocr_par' dir='ltr' id='par_1_1' title="bbox 126 352 3348 434">
     <span class='ocr_line' id='line_1_1' title="bbox 126 352 3348 434; baseline 0.003 -21"><span class='ocrx_word' id='word_1_1' title='bbox 126 367 204 427; x_wconf 78' lang='grc' dir='ltr'><strong>δΠ</strong></span> <span class='ocrx_word' id='word_1_2' title='bbox 1023 427 1026 430; x_wconf 7' lang='grc' dir='ltr'><strong><em>ἢ</em></strong></span> <span class='ocrx_word' id='word_1_3' title='bbox 1115 354 1542 415; x_wconf 73' lang='lat' dir='ltr'><strong>FRANCORUM</strong></span> <span class='ocrx_word' id='word_1_4' title='bbox 1585 352 1831 410; x_wconf 77' lang='lat' dir='ltr'><strong>REGUM</strong></span> <span class='ocrx_word' id='word_1_5' title='bbox 1871 355 2362 421; x_wconf 79' lang='lat' dir='ltr'><strong>CAPITULARIA.</strong></span> <span class='ocrx_word' id='word_1_6' title='bbox 3244 375 3348 434; x_wconf 80' lang='lat'><strong>678</strong></span> 
     </span>
    </p>
   </div>
   <div class='ocr_carea' id='block_1_2' title="bbox 126 445 3351 555">
    <p class='ocr_par' dir='ltr' id='par_1_2' title="bbox 126 445 3351 555">
     <span class='ocr_line' id='line_1_2' title="bbox 126 445 3351 555; baseline 0.001 -13"><span class='ocrx_word' id='word_1_7' title='bbox 126 483 274 543; x_wconf 80' lang='lat' dir='ltr'><strong>alodes</strong></span> <span class='ocrx_word' id='word_1_8' title='bbox 293 475 643 541; x_wconf 79' lang='lat' dir='ltr'><strong>reddiderint,</strong></span> <span class='ocrx_word' id='word_1_9' title='bbox 672 474 958 547; x_wconf 77' lang='lat' dir='ltr'><strong>diligenter</strong></span> <span class='ocrx_word' id='word_1_10' title='bbox 977 474 1302 531; x_wconf 87' lang='lat' dir='ltr'><strong>inbrevient.</strong></span> <span class='ocrx_word' id='word_1_11' title='bbox 1333 475 1400 530; x_wconf 84' lang='lat' dir='ltr'><strong>Et</strong></span> <span class='ocrx_word' id='word_1_12' title='bbox 1422 474 1468 529; x_wconf 87' lang='lat' dir='ltr'><strong>si</strong></span> <span class='ocrx_word' id='word_1_13' title='bbox 1496 470 1661 541; x_wconf 82' lang='lat' dir='ltr'><strong>aliqui</strong></span> <span class='ocrx_word' id='word_1_14' title='bbox 1689 472 1738 532; x_wconf 77' lang='grc' dir='ltr'>Α</span> <span class='ocrx_word' id='word_1_15' title='bbox 1766 485 2110 534; x_wconf 86' lang='lat' dir='ltr'><strong>communem</strong></span> <span class='ocrx_word' id='word_1_16' title='bbox 2132 477 2362 543; x_wconf 79' lang='lat' dir='ltr'><strong>salutem</strong></span> <span class='ocrx_word' id='word_1_17' title='bbox 2402 485 2458 534; x_wconf 90' lang='lat' dir='ltr'><strong>et</strong></span> <span class='ocrx_word' id='word_1_18' title='bbox 2483 478 2744 537; x_wconf 86' lang='lat' dir='ltr'><strong>honorem</strong></span> <span class='ocrx_word' id='word_1_19' title='bbox 2775 481 2883 540; x_wconf 90' lang='lat' dir='ltr'><strong>sint</strong></span> <span class='ocrx_word' id='word_1_20' title='bbox 2909 445 3255 555; x_wconf 63' lang='lat' dir='ltr'><strong>pertinentia.</strong></span> <span class='ocrx_word' id='word_1_21' title='bbox 3281 489 3351 544; x_wconf 78' lang='lat' dir='ltr'><strong>Et</strong></span> 
     </span>
    </p>
   </div>
   <div class='ocr_carea' id='block_1_3' title="bbox 125 563 3347 647">
    <p class='ocr_par' dir='ltr' id='par_1_3' title="bbox 125 563 3347 647">
     <span class='ocr_line' id='line_1_3' title="bbox 125 563 3347 647; baseline 0.001 -14"><span class='ocrx_word' id='word_1_22' title='bbox 125 593 214 634; x_wconf 83' lang='lat' dir='ltr'><strong>eam</strong></span> <span class='ocrx_word' id='word_1_23' title='bbox 240 574 407 630; x_wconf 85' lang='lat' dir='ltr'><strong>facere</strong></span> <span class='ocrx_word' id='word_1_24' title='bbox 454 567 749 634; x_wconf 84' lang='lat' dir='ltr'><strong>noluerint,</strong></span> <span class='ocrx_word' id='word_1_25' title='bbox 787 566 1042 624; x_wconf 83' lang='lat' dir='ltr'><strong>similiter</strong></span> <span class='ocrx_word' id='word_1_26' title='bbox 1072 567 1383 623; x_wconf 88' lang='lat' dir='ltr'><strong>inbrevient</strong></span> <span class='ocrx_word' id='word_1_27' title='bbox 1422 573 1478 622; x_wconf 89' lang='lat' dir='ltr'><strong>et</strong></span> <span class='ocrx_word' id='word_1_28' title='bbox 1503 563 1663 620; x_wconf 87' lang='lat' dir='ltr'><strong>nobis</strong></span> <span class='ocrx_word' id='word_1_29' title='bbox 1762 565 1810 620; x_wconf 86' lang='lat' dir='ltr'><strong>si</strong></span> <span class='ocrx_word' id='word_1_30' title='bbox 1832 565 2028 637; x_wconf 81' lang='lat' dir='ltr'><strong>aliquis</strong></span> <span class='ocrx_word' id='word_1_31' title='bbox 2053 569 2213 626; x_wconf 83' lang='lat' dir='ltr'><strong>aliter</strong></span> <span class='ocrx_word' id='word_1_32' title='bbox 2237 573 2664 642; x_wconf 68' lang='lat' dir='ltr'><strong>praesumpserit,</strong></span> <span class='ocrx_word' id='word_1_33' title='bbox 2689 574 2744 629; x_wconf 92' lang='lat' dir='ltr'><strong>in</strong></span> <span class='ocrx_word' id='word_1_34' title='bbox 2765 577 3002 633; x_wconf 85' lang='lat' dir='ltr'><strong>medium</strong></span> <span class='ocrx_word' id='word_1_35' title='bbox 3024 579 3347 647; x_wconf 85' lang='lat' dir='ltr'><strong>adducatur,</strong></span> 
     </span>
    </p>
   </div>
   <div class='ocr_carea' id='block_1_4' title="bbox 123 662 3348 749">
    <p class='ocr_par' dir='ltr' id='par_1_4' title="bbox 123 662 3348 749">
     <span class='ocr_line' id='line_1_4' title="bbox 123 662 3348 749; baseline 0.004 -26"><span class='ocrx_word' id='word_1_36' title='bbox 123 665 403 728; x_wconf 74' lang='lat' dir='ltr'><strong>renuntient.</strong></span> <span class='ocrx_word' id='word_1_37' title='bbox 1759 669 1820 716; x_wconf 87' lang='lat' dir='ltr'><strong>et</strong></span> <span class='ocrx_word' id='word_1_38' title='bbox 1838 662 2022 720; x_wconf 82' lang='lat' dir='ltr'><strong>taliter</strong></span> <span class='ocrx_word' id='word_1_39' title='bbox 2051 665 2178 724; x_wconf 89' lang='lat' dir='ltr'><strong>inde</strong></span> <span class='ocrx_word' id='word_1_40' title='bbox 2199 668 2517 738; x_wconf 86' lang='lat' dir='ltr'><strong>castigetur,</strong></span> <span class='ocrx_word' id='word_1_41' title='bbox 2543 679 2602 726; x_wconf 92' lang='lat' dir='ltr'><strong>ut</strong></span> <span class='ocrx_word' id='word_1_42' title='bbox 2623 685 2786 728; x_wconf 87' lang='lat' dir='ltr'><strong>nemo</strong></span> <span class='ocrx_word' id='word_1_43' title='bbox 2804 673 2946 730; x_wconf 90' lang='lat' dir='ltr'><strong>alius</strong></span> <span class='ocrx_word' id='word_1_44' title='bbox 2965 675 3165 732; x_wconf 86' lang='lat' dir='ltr'><strong>similia</strong></span> <span class='ocrx_word' id='word_1_45' title='bbox 3186 693 3348 749; x_wconf 82' lang='lat' dir='ltr'><strong>agere</strong></span> 
     </span>
    </p>
   </div>
   <div class='ocr_carea' id='block_1_5' title="bbox 173 751 1952 823">
    <p class='ocr_par' dir='ltr' id='par_1_5' title="bbox 173 751 1952 823">
     <span class='ocr_line' id='line_1_5' title="bbox 173 751 1952 823; baseline -0.003 -11"><span class='ocrx_word' id='word_1_46' title='bbox 173 758 215 812; x_wconf 88' lang='lat'><strong>6.</strong></span> <span class='ocrx_word' id='word_1_47' title='bbox 246 756 315 810; x_wconf 90' lang='lat' dir='ltr'><strong>De</strong></span> <span class='ocrx_word' id='word_1_48' title='bbox 342 752 544 823; x_wconf 81' lang='lat' dir='ltr'><strong>rapinis</strong></span> <span class='ocrx_word' id='word_1_49' title='bbox 590 759 770 806; x_wconf 88' lang='lat' dir='ltr'><strong>autem</strong></span> <span class='ocrx_word' id='word_1_50' title='bbox 816 760 873 807; x_wconf 87' lang='lat' dir='ltr'><strong>et</strong></span> <span class='ocrx_word' id='word_1_51' title='bbox 920 751 1208 816; x_wconf 81' lang='lat' dir='ltr'><strong>violentiis,</strong></span> <span class='ocrx_word' id='word_1_52' title='bbox 1251 760 1306 808; x_wconf 91' lang='lat' dir='ltr'><strong>et</strong></span> <span class='ocrx_word' id='word_1_53' title='bbox 1352 752 1552 808; x_wconf 87' lang='lat' dir='ltr'><strong>ceteris</strong></span> <span class='ocrx_word' id='word_1_54' title='bbox 1578 751 1660 808; x_wconf 88' lang='lat' dir='ltr'><strong>in-</strong></span> <span class='ocrx_word' id='word_1_55' title='bbox 1761 757 1952 810; x_wconf 87' lang='lat' dir='ltr'><strong>tentet.</strong></span> 
     </span>
    </p>
   </div>
   <div class='ocr_carea' id='block_1_6' title="bbox 122 845 3347 925">
    <p class='ocr_par' dir='ltr' id='par_1_6' title="bbox 122 845 3347 925">
     <span class='ocr_line' id='line_1_6' title="bbox 122 845 3347 925; baseline 0.003 -19"><span class='ocrx_word' id='word_1_56' title='bbox 122 848 300 922; x_wconf 85' lang='lat' dir='ltr'><strong>jnstitiis</strong></span> <span class='ocrx_word' id='word_1_57' title='bbox 333 861 467 918; x_wconf 91' lang='lat' dir='ltr'><strong>quas</strong></span> <span class='ocrx_word' id='word_1_58' title='bbox 510 846 566 900; x_wconf 93' lang='lat' dir='ltr'><strong>in</strong></span> <span class='ocrx_word' id='word_1_59' title='bbox 625 845 749 901; x_wconf 83' lang='lat' dir='ltr'><strong>istis</strong></span> <span class='ocrx_word' id='word_1_60' title='bbox 799 845 1097 915; x_wconf 71' lang='lat' dir='ltr'><strong>praeteritis</strong></span> <span class='ocrx_word' id='word_1_61' title='bbox 1139 845 1321 912; x_wconf 89' lang='lat' dir='ltr'><strong>annis,</strong></span> <span class='ocrx_word' id='word_1_62' title='bbox 1367 857 1657 917; x_wconf 81' lang='lat' dir='ltr'><strong>postquam</strong></span> <span class='ocrx_word' id='word_1_63' title='bbox 1828 846 1885 901; x_wconf 77' lang='lat'><strong>5.</strong></span> <span class='ocrx_word' id='word_1_64' title='bbox 1915 847 1986 902; x_wconf 86' lang='lat' dir='ltr'><strong>Et</strong></span> <span class='ocrx_word' id='word_1_65' title='bbox 2010 848 2160 920; x_wconf 74' lang='lat' dir='ltr'><strong>(NO)</strong></span> <span class='ocrx_word' id='word_1_66' title='bbox 2187 849 2395 915; x_wconf 83' lang='lat' dir='ltr'><strong>volunt,</strong></span> <span class='ocrx_word' id='word_1_67' title='bbox 2425 859 2486 907; x_wconf 93' lang='lat' dir='ltr'><strong>ut</strong></span> <span class='ocrx_word' id='word_1_68' title='bbox 2535 853 2780 911; x_wconf 75' lang='lat' dir='ltr'><strong>ecclesiae</strong></span> <span class='ocrx_word' id='word_1_69' title='bbox 2824 864 2880 911; x_wconf 90' lang='lat' dir='ltr'><strong>et</strong></span> <span class='ocrx_word' id='word_1_70' title='bbox 2925 871 3104 914; x_wconf 68' lang='lat' dir='ltr'><strong>causa:</strong></span> <span class='ocrx_word' id='word_1_71' title='bbox 3131 858 3252 925; x_wconf 87' lang='lat' dir='ltr'><strong>Dei,</strong></span> <span class='ocrx_word' id='word_1_72' title='bbox 3290 868 3347 915; x_wconf 89' lang='lat' dir='ltr'><strong>et</strong></span> 
     </span>
    </p>
   </div>
   <div class='ocr_carea' id='block_1_7' title="bbox 125 935 3341 1015">
    <p class='ocr_par' dir='ltr' id='par_1_7' title="bbox 125 935 3341 1015">
     <span class='ocr_line' id='line_1_7' title="bbox 125 935 3341 1015; baseline 0.001 -15"><span class='ocrx_word' id='word_1_73' title='bbox 125 947 198 1000; x_wconf 81' lang='lat' dir='ltr'><strong>ista</strong></span> <span class='ocrx_word' id='word_1_74' title='bbox 217 940 534 1013; x_wconf 84' lang='lat' dir='ltr'><strong>perturbatio</strong></span> <span class='ocrx_word' id='word_1_75' title='bbox 561 949 752 996; x_wconf 77' lang='lat' dir='ltr'><strong>exorta</strong></span> <span class='ocrx_word' id='word_1_76' title='bbox 779 950 885 1006; x_wconf 88' lang='lat' dir='ltr'><strong>est,</strong></span> <span class='ocrx_word' id='word_1_77' title='bbox 904 941 960 995; x_wconf 92' lang='lat' dir='ltr'><strong>in</strong></span> <span class='ocrx_word' id='word_1_78' title='bbox 987 956 1154 1013; x_wconf 85' lang='lat' dir='ltr'><strong>regno</strong></span> <span class='ocrx_word' id='word_1_79' title='bbox 1184 950 1372 998; x_wconf 90' lang='lat' dir='ltr'><strong>nostro</strong></span> <span class='ocrx_word' id='word_1_80' title='bbox 1388 942 1654 1008; x_wconf 88' lang='lat' dir='ltr'><strong>fecerunt,</strong></span> <span class='ocrx_word' id='word_1_81' title='bbox 1755 935 1998 1008; x_wconf 87' lang='lat' dir='ltr'><strong>episcopi</strong></span> <span class='ocrx_word' id='word_1_82' title='bbox 2021 947 2076 994; x_wconf 89' lang='lat' dir='ltr'><strong>et</strong></span> <span class='ocrx_word' id='word_1_83' title='bbox 2104 939 2200 994; x_wconf 86' lang='lat' dir='ltr'><strong>Dei</strong></span> <span class='ocrx_word' id='word_1_84' title='bbox 2229 941 2498 1007; x_wconf 87' lang='lat' dir='ltr'><strong>homines,</strong></span> <span class='ocrx_word' id='word_1_85' title='bbox 2525 942 3021 1012; x_wconf 87' lang='lat' dir='ltr'><strong>clerici,monachi,</strong></span> <span class='ocrx_word' id='word_1_86' title='bbox 3044 955 3098 1002; x_wconf 91' lang='lat' dir='ltr'><strong>et</strong></span> <span class='ocrx_word' id='word_1_87' title='bbox 3125 963 3341 1015; x_wconf 69' lang='lat' dir='ltr'><strong>nonnae,</strong></span> 
     </span>
    </p>
   </div>
   <div class='ocr_carea' id='block_1_8' title="bbox 122 1025 3345 1106">
    <p class='ocr_par' dir='ltr' id='par_1_8' title="bbox 122 1025 3345 1106">
     <span class='ocr_line' id='line_1_8' title="bbox 122 1025 3345 1106; baseline 0.001 -17"><span class='ocrx_word' id='word_1_88' title='bbox 122 1042 332 1104; x_wconf 88' lang='lat' dir='ltr'><strong>quantum</strong></span> <span class='ocrx_word' id='word_1_89' title='bbox 351 1030 746 1088; x_wconf 83' lang='lat' dir='ltr'><strong>rationabiliter</strong></span> <span class='ocrx_word' id='word_1_90' title='bbox 766 1031 1065 1102; x_wconf 87' lang='lat' dir='ltr'><strong>potuerint,</strong></span> <span class='ocrx_word' id='word_1_91' title='bbox 1091 1032 1241 1088; x_wconf 90' lang='lat' dir='ltr'><strong>missi</strong></span> <span class='ocrx_word' id='word_1_92' title='bbox 1267 1033 1438 1088; x_wconf 88' lang='lat' dir='ltr'><strong>nostri</strong></span> <span class='ocrx_word' id='word_1_93' title='bbox 1460 1031 1654 1106; x_wconf 48' lang='lat' dir='ltr'><strong>pacifle</strong></span> <span class='ocrx_word' id='word_1_94' title='bbox 1757 1025 1922 1082; x_wconf 64' lang='lat' dir='ltr'><strong>talem</strong></span> <span class='ocrx_word' id='word_1_95' title='bbox 1945 1028 2375 1086; x_wconf 82' lang='lat' dir='ltr'><strong>mundeburdem</strong></span> <span class='ocrx_word' id='word_1_96' title='bbox 2401 1039 2458 1087; x_wconf 87' lang='lat' dir='ltr'><strong>et</strong></span> <span class='ocrx_word' id='word_1_97' title='bbox 2479 1032 2741 1089; x_wconf 86' lang='lat' dir='ltr'><strong>honorem</strong></span> <span class='ocrx_word' id='word_1_98' title='bbox 2761 1035 3019 1103; x_wconf 85' lang='lat' dir='ltr'><strong>habeant,</strong></span> <span class='ocrx_word' id='word_1_99' title='bbox 3047 1037 3188 1093; x_wconf 87' lang='lat' dir='ltr'><strong>sicut</strong></span> <span class='ocrx_word' id='word_1_100' title='bbox 3211 1048 3345 1093; x_wconf 88' lang='lat' dir='ltr'><strong>tem-</strong></span> 
     </span>
    </p>
   </div>
   <div class='ocr_carea' id='block_1_9' title="bbox 123 1122 2933 1197">
    <p class='ocr_par' dir='ltr' id='par_1_9' title="bbox 123 1122 2933 1197">
     <span class='ocr_line' id='line_1_9' title="bbox 123 1122 2933 1197; baseline -0.001 -14"><span class='ocrx_word' id='word_1_101' title='bbox 123 1129 531 1197; x_wconf 76' lang='lat' dir='ltr'><strong>care‘procurent.</strong></span> <span class='ocrx_word' id='word_1_102' title='bbox 561 1122 626 1178; x_wconf 86' lang='lat' dir='ltr'><strong>Et</strong></span> <span class='ocrx_word' id='word_1_103' title='bbox 655 1125 700 1178; x_wconf 92' lang='lat' dir='ltr'><strong>si</strong></span> <span class='ocrx_word' id='word_1_104' title='bbox 725 1123 793 1180; x_wconf 89' lang='lat' dir='ltr'><strong>de</strong></span> <span class='ocrx_word' id='word_1_105' title='bbox 820 1124 932 1196; x_wconf 89' lang='lat' dir='ltr'><strong>ipsa</strong></span> <span class='ocrx_word' id='word_1_106' title='bbox 965 1123 1344 1194; x_wconf 85' lang='lat' dir='ltr'><strong>pacificatione</strong></span> <span class='ocrx_word' id='word_1_107' title='bbox 1378 1125 1539 1181; x_wconf 87' lang='lat' dir='ltr'><strong>wadii</strong></span> <span class='ocrx_word' id='word_1_108' title='bbox 1583 1126 1652 1182; x_wconf 88' lang='lat' dir='ltr'><strong>ad</strong></span> <span class='ocrx_word' id='word_1_109' title='bbox 1756 1132 1892 1188; x_wconf 78' lang='lat' dir='ltr'><strong>pore</strong></span> <span class='ocrx_word' id='word_1_110' title='bbox 1921 1129 2328 1177; x_wconf 78' lang='lat' dir='ltr'><strong>antecessorum</strong></span> <span class='ocrx_word' id='word_1_111' title='bbox 2353 1138 2575 1180; x_wconf 84' lang='lat' dir='ltr'><strong>suorum</strong></span> <span class='ocrx_word' id='word_1_112' title='bbox 2606 1125 2933 1182; x_wconf 90' lang='lat' dir='ltr'><strong>habuerunt.</strong></span> 
     </span>
    </p>
   </div>
   <div class='ocr_carea' id='block_1_10' title="bbox 123 1213 3341 1290">
    <p class='ocr_par' dir='ltr' id='par_1_10' title="bbox 123 1213 3341 1290">
     <span class='ocr_line' id='line_1_10' title="bbox 123 1213 3341 1290; baseline -0 -15"><span class='ocrx_word' id='word_1_113' title='bbox 123 1229 311 1276; x_wconf 85' lang='lat' dir='ltr'><strong>nostram</strong></span> <span class='ocrx_word' id='word_1_114' title='bbox 328 1227 536 1288; x_wconf 89' lang='lat' dir='ltr'><strong>partem</strong></span> <span class='ocrx_word' id='word_1_115' title='bbox 556 1215 827 1283; x_wconf 85' lang='lat' dir='ltr'><strong>venerint,</strong></span> <span class='ocrx_word' id='word_1_116' title='bbox 849 1233 918 1272; x_wconf 82' lang='lat' dir='ltr'><strong>ex</strong></span> <span class='ocrx_word' id='word_1_117' title='bbox 942 1226 1075 1283; x_wconf 90' lang='lat' dir='ltr'><strong>toto,</strong></span> <span class='ocrx_word' id='word_1_118' title='bbox 1099 1217 1243 1273; x_wconf 88' lang='lat' dir='ltr'><strong>sicut</strong></span> <span class='ocrx_word' id='word_1_119' title='bbox 1265 1217 1438 1274; x_wconf 81' lang='lat' dir='ltr'><strong>frater</strong></span> <span class='ocrx_word' id='word_1_120' title='bbox 1463 1226 1651 1274; x_wconf 88' lang='lat' dir='ltr'><strong>noster</strong></span> <span class='ocrx_word' id='word_1_121' title='bbox 1820 1213 1876 1268; x_wconf 75' lang='grc'><strong>4.</strong></span> <span class='ocrx_word' id='word_1_122' title='bbox 1917 1213 1985 1269; x_wconf 87' lang='grc' dir='ltr'><strong>Ει</strong></span> <span class='ocrx_word' id='word_1_123' title='bbox 2011 1213 2158 1286; x_wconf 74' lang='lat' dir='ltr'><strong>(Hi)</strong></span> <span class='ocrx_word' id='word_1_124' title='bbox 2183 1214 2391 1279; x_wconf 92' lang='lat' dir='ltr'><strong>volunt,</strong></span> <span class='ocrx_word' id='word_1_125' title='bbox 2421 1225 2482 1272; x_wconf 93' lang='lat' dir='ltr'><strong>ut</strong></span> <span class='ocrx_word' id='word_1_126' title='bbox 2508 1215 2694 1273; x_wconf 82' lang='lat' dir='ltr'><strong>ﬁdeles</strong></span> <span class='ocrx_word' id='word_1_127' title='bbox 2732 1217 2947 1274; x_wconf 87' lang='lat' dir='ltr'><strong>illorum</strong></span> <span class='ocrx_word' id='word_1_128' title='bbox 2979 1218 3138 1276; x_wconf 89' lang='lat' dir='ltr'><strong>talem</strong></span> <span class='ocrx_word' id='word_1_129' title='bbox 3166 1219 3341 1290; x_wconf 88' lang='lat' dir='ltr'><strong>legem</strong></span> 
     </span>
    </p>
   </div>
   <div class='ocr_carea' id='block_1_11' title="bbox 124 1303 3341 1381">
    <p class='ocr_par' dir='ltr' id='par_1_11' title="bbox 124 1303 3341 1381">
     <span class='ocr_line' id='line_1_11' title="bbox 124 1303 3341 1381; baseline 0.002 -23"><span class='ocrx_word' id='word_1_130' title='bbox 124 1310 374 1367; x_wconf 73' lang='lat' dir='ltr'><strong>carissimus</strong></span> <span class='ocrx_word' id='word_1_131' title='bbox 403 1323 504 1364; x_wconf 84' lang='lat' dir='ltr'><strong>nos</strong></span> <span class='ocrx_word' id='word_1_132' title='bbox 557 1308 735 1378; x_wconf 83' lang='lat' dir='ltr'><strong>petiit,</strong></span> <span class='ocrx_word' id='word_1_133' title='bbox 789 1323 858 1364; x_wconf 81' lang='lat' dir='ltr'><strong>ex</strong></span> <span class='ocrx_word' id='word_1_134' title='bbox 906 1319 1094 1364; x_wconf 81' lang='lat' dir='ltr'><strong>nostra</strong></span> <span class='ocrx_word' id='word_1_135' title='bbox 1147 1311 1476 1365; x_wconf 78' lang='lat' dir='ltr'><strong>auctoritate</strong></span> <span class='ocrx_word' id='word_1_136' title='bbox 1526 1324 1649 1381; x_wconf 75' lang='lat' dir='ltr'><strong>per.</strong></span> <span class='ocrx_word' id='word_1_137' title='bbox 1749 1313 1805 1359; x_wconf 89' lang='lat' dir='ltr'><strong>et</strong></span> <span class='ocrx_word' id='word_1_138' title='bbox 1821 1303 2094 1374; x_wconf 85' lang='lat' dir='ltr'><strong>justitiam</strong></span> <span class='ocrx_word' id='word_1_139' title='bbox 2119 1315 2174 1361; x_wconf 92' lang='lat' dir='ltr'><strong>et</strong></span> <span class='ocrx_word' id='word_1_140' title='bbox 2207 1305 2313 1360; x_wconf 88' lang='lat' dir='ltr'><strong>tale</strong></span> <span class='ocrx_word' id='word_1_141' title='bbox 2344 1306 2740 1364; x_wconf 89' lang='lat' dir='ltr'><strong>salvamentum</strong></span> <span class='ocrx_word' id='word_1_142' title='bbox 2789 1309 2845 1365; x_wconf 89' lang='lat' dir='ltr'><strong>in</strong></span> <span class='ocrx_word' id='word_1_143' title='bbox 2894 1312 3077 1380; x_wconf 83' lang='lat' dir='ltr'><strong>regnis</strong></span> <span class='ocrx_word' id='word_1_144' title='bbox 3126 1311 3341 1367; x_wconf 72' lang='lat' dir='ltr'><strong>illorum</strong></span> 
     </span>
    </p>
   </div>
   <div class='ocr_carea' id='block_1_12' title="bbox 125 1395 3342 1471">
    <p class='ocr_par' dir='ltr' id='par_1_12' title="bbox 125 1395 3342 1471">
     <span class='ocr_line' id='line_1_12' title="bbox 125 1395 3342 1471; baseline 0.002 -21"><span class='ocrx_word' id='word_1_145' title='bbox 125 1405 294 1469; x_wconf 78' lang='lat' dir='ltr'><strong>donent,</strong></span> <span class='ocrx_word' id='word_1_146' title='bbox 320 1401 369 1457; x_wconf 84' lang='lat' dir='ltr'><strong>in</strong></span> <span class='ocrx_word' id='word_1_147' title='bbox 390 1400 493 1456; x_wconf 85' lang='lat' dir='ltr'><strong>hoc</strong></span> <span class='ocrx_word' id='word_1_148' title='bbox 522 1410 586 1455; x_wconf 85' lang='lat' dir='ltr'><strong>ul.</strong></span> <span class='ocrx_word' id='word_1_149' title='bbox 617 1401 742 1456; x_wconf 81' lang='lat' dir='ltr'><strong>talia</strong></span> <span class='ocrx_word' id='word_1_150' title='bbox 772 1401 840 1457; x_wconf 86' lang='lat' dir='ltr'><strong>de</strong></span> <span class='ocrx_word' id='word_1_151' title='bbox 861 1410 1043 1457; x_wconf 81' lang='lat' dir='ltr'><strong>cetero</strong></span> <span class='ocrx_word' id='word_1_152' title='bbox 1074 1417 1179 1457; x_wconf 85' lang='lat' dir='ltr'><strong>non</strong></span> <span class='ocrx_word' id='word_1_153' title='bbox 1208 1401 1432 1457; x_wconf 67' lang='lat' dir='ltr'><strong>faciant.</strong></span> <span class='ocrx_word' id='word_1_154' title='bbox 1750 1395 2012 1462; x_wconf 89' lang='lat' dir='ltr'><strong>habeant,</strong></span> <span class='ocrx_word' id='word_1_155' title='bbox 2041 1398 2182 1453; x_wconf 88' lang='lat' dir='ltr'><strong>sicut</strong></span> <span class='ocrx_word' id='word_1_156' title='bbox 2211 1407 2588 1454; x_wconf 86' lang='lat' dir='ltr'><strong>antecessores</strong></span> <span class='ocrx_word' id='word_1_157' title='bbox 2614 1412 2805 1454; x_wconf 89' lang='lat' dir='ltr'><strong>eorum</strong></span> <span class='ocrx_word' id='word_1_158' title='bbox 2830 1409 3072 1471; x_wconf 90' lang='lat' dir='ltr'><strong>tempore</strong></span> <span class='ocrx_word' id='word_1_159' title='bbox 3094 1410 3342 1456; x_wconf 51' lang='lat' dir='ltr'><strong>anteces.</strong></span> 
     </span>
    </p>
   </div>
   <div class='ocr_carea' id='block_1_13' title="bbox 171 1489 3340 1566">
    <p class='ocr_par' dir='ltr' id='par_1_13' title="bbox 171 1489 3340 1566">
     <span class='ocr_line' id='line_1_13' title="bbox 171 1489 3340 1566; baseline -0 -17"><span class='ocrx_word' id='word_1_160' title='bbox 171 1495 210 1549; x_wconf 87' lang='lat'><strong>7.</strong></span> <span class='ocrx_word' id='word_1_161' title='bbox 238 1492 306 1549; x_wconf 88' lang='lat' dir='ltr'><strong>De</strong></span> <span class='ocrx_word' id='word_1_162' title='bbox 351 1489 730 1564; x_wconf 82' lang='lat' dir='ltr'><strong>paciﬁcatione</strong></span> <span class='ocrx_word' id='word_1_163' title='bbox 784 1506 918 1549; x_wconf 90' lang='lat' dir='ltr'><strong>vero</strong></span> <span class='ocrx_word' id='word_1_164' title='bbox 969 1493 1182 1549; x_wconf 91' lang='lat' dir='ltr'><strong>illorum</strong></span> <span class='ocrx_word' id='word_1_165' title='bbox 1232 1492 1325 1564; x_wconf 88' lang='lat' dir='ltr'><strong>qui</strong></span> <span class='ocrx_word' id='word_1_166' title='bbox 1368 1493 1425 1549; x_wconf 93' lang='lat' dir='ltr'><strong>in</strong></span> <span class='ocrx_word' id='word_1_167' title='bbox 1481 1508 1647 1566; x_wconf 86' lang='lat' dir='ltr'><strong>regno</strong></span> <span class='ocrx_word' id='word_1_168' title='bbox 1749 1501 1933 1544; x_wconf 87' lang='lat' dir='ltr'><strong>sorum</strong></span> <span class='ocrx_word' id='word_1_169' title='bbox 1959 1489 2175 1545; x_wconf 89' lang='lat' dir='ltr'><strong>illorum</strong></span> <span class='ocrx_word' id='word_1_170' title='bbox 2206 1489 2545 1556; x_wconf 88' lang='lat' dir='ltr'><strong>habuerunt;</strong></span> <span class='ocrx_word' id='word_1_171' title='bbox 2575 1500 2632 1546; x_wconf 89' lang='lat' dir='ltr'><strong>et</strong></span> <span class='ocrx_word' id='word_1_172' title='bbox 2659 1491 2760 1562; x_wconf 89' lang='lat' dir='ltr'><strong>ipsi</strong></span> <span class='ocrx_word' id='word_1_173' title='bbox 2798 1507 2953 1564; x_wconf 85' lang='lat' dir='ltr'><strong>reges</strong></span> <span class='ocrx_word' id='word_1_174' title='bbox 2979 1493 3141 1548; x_wconf 89' lang='lat' dir='ltr'><strong>talem</strong></span> <span class='ocrx_word' id='word_1_175' title='bbox 3169 1494 3340 1549; x_wconf 90' lang='lat' dir='ltr'><strong>hono-</strong></span> 
     </span>
    </p>
   </div>
   <div class='ocr_carea' id='block_1_14' title="bbox 125 1579 3333 1654">
    <p class='ocr_par' dir='ltr' id='par_1_14' title="bbox 125 1579 3333 1654">
     <span class='ocr_line' id='line_1_14' title="bbox 125 1579 3333 1654; baseline -0.001 -12"><span class='ocrx_word' id='word_1_176' title='bbox 125 1594 260 1642; x_wconf 79' lang='lat' dir='ltr'><strong>nostro</strong></span> <span class='ocrx_word' id='word_1_177' title='bbox 300 1583 680 1649; x_wconf 82' lang='lat' dir='ltr'><strong>consistentes,</strong></span> <span class='ocrx_word' id='word_1_178' title='bbox 731 1593 1020 1654; x_wconf 85' lang='lat' dir='ltr'><strong>postquam</strong></span> <span class='ocrx_word' id='word_1_179' title='bbox 1081 1583 1224 1642; x_wconf 78' lang='lat' dir='ltr'><strong>Deus</strong></span> <span class='ocrx_word' id='word_1_180' title='bbox 1279 1600 1434 1641; x_wconf 83' lang='lat' dir='ltr'><strong>suam</strong></span> <span class='ocrx_word' id='word_1_181' title='bbox 1488 1585 1646 1642; x_wconf 72' lang='lat' dir='ltr'><strong>nobis</strong></span> <span class='ocrx_word' id='word_1_182' title='bbox 1747 1594 1863 1634; x_wconf 88' lang='lat' dir='ltr'><strong>rem</strong></span> <span class='ocrx_word' id='word_1_183' title='bbox 1910 1588 1965 1635; x_wconf 89' lang='lat' dir='ltr'><strong>et</strong></span> <span class='ocrx_word' id='word_1_184' title='bbox 2017 1589 2224 1636; x_wconf 86' lang='lat' dir='ltr'><strong>rectam</strong></span> <span class='ocrx_word' id='word_1_185' title='bbox 2254 1588 2584 1652; x_wconf 89' lang='lat' dir='ltr'><strong>potestatem</strong></span> <span class='ocrx_word' id='word_1_186' title='bbox 2635 1579 2894 1648; x_wconf 89' lang='lat' dir='ltr'><strong>habeant,</strong></span> <span class='ocrx_word' id='word_1_187' title='bbox 2925 1580 3333 1653; x_wconf 67' lang='lat' dir='ltr'><strong>sicut&#39;ipsorum</strong></span> 
     </span>
    </p>
   </div>
   <div class='ocr_carea' id='block_1_15' title="bbox 124 1669 3336 1748">
    <p class='ocr_par' dir='ltr' id='par_1_15' title="bbox 124 1669 3336 1748">
     <span class='ocr_line' id='line_1_15' title="bbox 124 1669 3336 1748; baseline 0 -20"><span class='ocrx_word' id='word_1_188' title='bbox 124 1675 297 1732; x_wconf 83' lang='lat' dir='ltr'><strong>ostendit</strong></span> <span class='ocrx_word' id='word_1_189' title='bbox 317 1673 610 1746; x_wconf 87' lang='lat' dir='ltr'><strong>gratiorem</strong></span> <span class='ocrx_word' id='word_1_190' title='bbox 636 1674 1095 1742; x_wconf 86' lang='lat' dir='ltr'><strong>misericordiam,</strong></span> <span class='ocrx_word' id='word_1_191' title='bbox 1127 1691 1225 1748; x_wconf 89' lang='lat' dir='ltr'><strong>per</strong></span> <span class='ocrx_word' id='word_1_192' title='bbox 1253 1675 1468 1732; x_wconf 92' lang='lat' dir='ltr'><strong>illorum</strong></span> <span class='ocrx_word' id='word_1_193' title='bbox 1491 1676 1643 1733; x_wconf 90' lang='lat' dir='ltr'><strong>inde-</strong></span> <span class='ocrx_word' id='word_1_194' title='bbox 1747 1678 2124 1726; x_wconf 86' lang='lat' dir='ltr'><strong>antecessores</strong></span> <span class='ocrx_word' id='word_1_195' title='bbox 2179 1670 2510 1738; x_wconf 88' lang='lat' dir='ltr'><strong>habuerunt,</strong></span> <span class='ocrx_word' id='word_1_196' title='bbox 2538 1669 2826 1739; x_wconf 84' lang='lat' dir='ltr'><strong>etjustitia</strong></span> <span class='ocrx_word' id='word_1_197' title='bbox 2856 1680 2914 1726; x_wconf 90' lang='lat' dir='ltr'><strong>et</strong></span> <span class='ocrx_word' id='word_1_198' title='bbox 2959 1672 3046 1728; x_wconf 85' lang='lat' dir='ltr'><strong>lex</strong></span> <span class='ocrx_word' id='word_1_199' title='bbox 3084 1672 3336 1730; x_wconf 86' lang='lat' dir='ltr'><strong>omnibus</strong></span> 
     </span>
    </p>
   </div>
   <div class='ocr_carea' id='block_1_16' title="bbox 123 1760 3335 1840">
    <p class='ocr_par' dir='ltr' id='par_1_16' title="bbox 123 1760 3335 1840">
     <span class='ocr_line' id='line_1_16' title="bbox 123 1760 3335 1840; baseline 0.001 -25"><span class='ocrx_word' id='word_1_200' title='bbox 123 1767 242 1823; x_wconf 75' lang='lat' dir='ltr'><strong>bium</strong></span> <span class='ocrx_word' id='word_1_201' title='bbox 274 1763 767 1836; x_wconf 65' lang='lat' dir='ltr'><strong>praesumptionem,</strong></span> <span class='ocrx_word' id='word_1_202' title='bbox 817 1765 1040 1836; x_wconf 81' lang='lat' dir='ltr'><strong>rapinas</strong></span> <span class='ocrx_word' id='word_1_203' title='bbox 1062 1775 1117 1820; x_wconf 85' lang='lat' dir='ltr'><strong>et</strong></span> <span class='ocrx_word' id='word_1_204' title='bbox 1140 1765 1447 1833; x_wconf 81' lang='lat' dir='ltr'><strong>violentias,</strong></span> <span class='ocrx_word' id='word_1_205' title='bbox 1477 1775 1641 1840; x_wconf 79' lang='lat' dir='ltr'><strong>atque</strong></span> <span class='ocrx_word' id='word_1_206' title='bbox 1676 1829 1713 1840; x_wconf 70' lang='lat'><strong>_</strong></span> <span class='ocrx_word' id='word_1_207' title='bbox 1747 1769 2116 1816; x_wconf 84' lang='lat' dir='ltr'><strong>conservetur.</strong></span> <span class='ocrx_word' id='word_1_208' title='bbox 2142 1760 2209 1816; x_wconf 89' lang='lat' dir='ltr'><strong>Et</strong></span> <span class='ocrx_word' id='word_1_209' title='bbox 2233 1760 2280 1816; x_wconf 91' lang='lat' dir='ltr'><strong>si</strong></span> <span class='ocrx_word' id='word_1_210' title='bbox 2299 1761 2498 1831; x_wconf 87' lang='lat' dir='ltr'><strong>aliquis</strong></span> <span class='ocrx_word' id='word_1_211' title='bbox 2529 1761 2633 1816; x_wconf 86' lang='lat' dir='ltr'><strong>hoc</strong></span> <span class='ocrx_word' id='word_1_212' title='bbox 2657 1763 2982 1833; x_wconf 82' lang='lat' dir='ltr'><strong>perturbare</strong></span> <span class='ocrx_word' id='word_1_213' title='bbox 3019 1763 3274 1829; x_wconf 87' lang='lat' dir='ltr'><strong>voluerit,</strong></span> <span class='ocrx_word' id='word_1_214' title='bbox 3301 1778 3335 1819; x_wconf 80' lang='grc' dir='ltr'>ι</span> 
     </span>
    </p>
   </div>
   <div class='ocr_carea' id='block_1_17' title="bbox 125 1829 3335 1929">
    <p class='ocr_par' dir='ltr' id='par_1_17' title="bbox 125 1829 3335 1929">
     <span class='ocr_line' id='line_1_17' title="bbox 125 1829 3335 1929; baseline -0.001 -17"><span class='ocrx_word' id='word_1_215' title='bbox 125 1857 218 1913; x_wconf 80' lang='lat' dir='ltr'><strong>alias</strong></span> <span class='ocrx_word' id='word_1_216' title='bbox 238 1829 514 1925; x_wconf 63' lang='lat' dir='ltr'><strong>iniustitias</strong></span> <span class='ocrx_word' id='word_1_217' title='bbox 537 1829 812 1924; x_wconf 85' lang='lat' dir='ltr'><strong>fecerunt,</strong></span> <span class='ocrx_word' id='word_1_218' title='bbox 852 1829 901 1912; x_wconf 76' lang='lat' dir='ltr'><strong>si</strong></span> <span class='ocrx_word' id='word_1_219' title='bbox 947 1857 1110 1912; x_wconf 83' lang='lat' dir='ltr'><strong>wadii</strong></span> <span class='ocrx_word' id='word_1_220' title='bbox 1140 1859 1208 1912; x_wconf 91' lang='lat' dir='ltr'><strong>ad</strong></span> <span class='ocrx_word' id='word_1_221' title='bbox 1247 1829 1488 1914; x_wconf 80' lang='lat' dir='ltr'><strong>nostram</strong></span> <span class='ocrx_word' id='word_1_222' title='bbox 1515 1829 1643 1929; x_wconf 67' lang='lat' dir='ltr'><strong>par.</strong></span> <span class='ocrx_word' id='word_1_223' title='bbox 1674 1829 1716 1888; x_wconf 62' lang='grc' dir='ltr'><strong>Β</strong></span> <span class='ocrx_word' id='word_1_224' title='bbox 1744 1851 1894 1906; x_wconf 91' lang='lat' dir='ltr'><strong>nullo</strong></span> <span class='ocrx_word' id='word_1_225' title='bbox 1927 1865 2116 1906; x_wconf 90' lang='lat' dir='ltr'><strong>eorum</strong></span> <span class='ocrx_word' id='word_1_226' title='bbox 2147 1829 2462 1921; x_wconf 84' lang='lat' dir='ltr'><strong>recipiatur,</strong></span> <span class='ocrx_word' id='word_1_227' title='bbox 2487 1851 2593 1907; x_wconf 90' lang='lat' dir='ltr'><strong>nisi</strong></span> <span class='ocrx_word' id='word_1_228' title='bbox 2624 1829 2685 1906; x_wconf 65' lang='lat' dir='ltr'><strong>ut</strong></span> <span class='ocrx_word' id='word_1_229' title='bbox 2709 1861 2805 1908; x_wconf 86' lang='lat' dir='ltr'><strong>aut</strong></span> <span class='ocrx_word' id='word_1_230' title='bbox 2835 1854 2903 1908; x_wconf 89' lang='lat' dir='ltr'><strong>ad</strong></span> <span class='ocrx_word' id='word_1_231' title='bbox 2932 1862 3140 1908; x_wconf 88' lang='lat' dir='ltr'><strong>rectam</strong></span> <span class='ocrx_word' id='word_1_232' title='bbox 3165 1853 3335 1909; x_wconf 87' lang='lat' dir='ltr'><strong>ratio-</strong></span> 
     </span>
    </p>
   </div>
   <div class='ocr_carea' id='block_1_18' title="bbox 124 1939 3332 2015">
    <p class='ocr_par' dir='ltr' id='par_1_18' title="bbox 124 1939 3332 2015">
     <span class='ocr_line' id='line_1_18' title="bbox 124 1939 3332 2015; baseline -0.001 -12"><span class='ocrx_word' id='word_1_233' title='bbox 124 1959 198 2005; x_wconf 83' lang='lat' dir='ltr'><strong>tem</strong></span> <span class='ocrx_word' id='word_1_234' title='bbox 226 1948 453 2014; x_wconf 77' lang='lat' dir='ltr'><strong>exierint,</strong></span> <span class='ocrx_word' id='word_1_235' title='bbox 494 1947 653 2003; x_wconf 87' lang='lat' dir='ltr'><strong>missi</strong></span> <span class='ocrx_word' id='word_1_236' title='bbox 692 1949 867 2004; x_wconf 91' lang='lat' dir='ltr'><strong>nostri</strong></span> <span class='ocrx_word' id='word_1_237' title='bbox 917 1948 1245 2015; x_wconf 87' lang='lat' dir='ltr'><strong>iubrevient,</strong></span> <span class='ocrx_word' id='word_1_238' title='bbox 1283 1956 1339 2005; x_wconf 89' lang='lat' dir='ltr'><strong>et</strong></span> <span class='ocrx_word' id='word_1_239' title='bbox 1372 1951 1528 2007; x_wconf 89' lang='lat' dir='ltr'><strong>nobis</strong></span> <span class='ocrx_word' id='word_1_240' title='bbox 1556 1967 1643 2008; x_wconf 81' lang='lat' dir='ltr'><strong>re-</strong></span> <span class='ocrx_word' id='word_1_241' title='bbox 1743 1955 1868 1998; x_wconf 91' lang='lat' dir='ltr'><strong>nem</strong></span> <span class='ocrx_word' id='word_1_242' title='bbox 1891 1948 1984 1996; x_wconf 88' lang='lat' dir='ltr'><strong>aut</strong></span> <span class='ocrx_word' id='word_1_243' title='bbox 2014 1939 2084 1996; x_wconf 87' lang='lat' dir='ltr'><strong>ad</strong></span> <span class='ocrx_word' id='word_1_244' title='bbox 2111 1939 2490 1997; x_wconf 87' lang='lat' dir='ltr'><strong>rationabilem</strong></span> <span class='ocrx_word' id='word_1_245' title='bbox 2528 1940 2878 2015; x_wconf 83' lang='lat' dir='ltr'><strong>indulgentiae</strong></span> <span class='ocrx_word' id='word_1_246' title='bbox 2922 1945 3332 2001; x_wconf 88' lang='lat' dir='ltr'><strong>concessionem</strong></span> 
     </span>
    </p>
   </div>
   <div class='ocr_carea' id='block_1_19' title="bbox 123 2031 2061 2112">
    <p class='ocr_par' dir='ltr' id='par_1_19' title="bbox 123 2031 2061 2112">
     <span class='ocr_line' id='line_1_19' title="bbox 123 2031 2061 2112; baseline 0.003 -20"><span class='ocrx_word' id='word_1_247' title='bbox 123 2039 328 2104; x_wconf 86' lang='lat' dir='ltr'><strong>nuntient,</strong></span> <span class='ocrx_word' id='word_1_248' title='bbox 347 2047 402 2093; x_wconf 91' lang='lat' dir='ltr'><strong>ut</strong></span> <span class='ocrx_word' id='word_1_249' title='bbox 429 2054 530 2094; x_wconf 89' lang='lat' dir='ltr'><strong>nos</strong></span> <span class='ocrx_word' id='word_1_250' title='bbox 554 2038 684 2094; x_wconf 89' lang='lat' dir='ltr'><strong>inde</strong></span> <span class='ocrx_word' id='word_1_251' title='bbox 710 2040 1155 2097; x_wconf 89' lang='lat' dir='ltr'><strong>commendemus</strong></span> <span class='ocrx_word' id='word_1_252' title='bbox 1174 2041 1306 2112; x_wconf 87' lang='lat' dir='ltr'><strong>quid</strong></span> <span class='ocrx_word' id='word_1_253' title='bbox 1330 2043 1487 2098; x_wconf 91' lang='lat' dir='ltr'><strong>nobis</strong></span> <span class='ocrx_word' id='word_1_254' title='bbox 1511 2052 1640 2100; x_wconf 90' lang='lat' dir='ltr'><strong>tunc</strong></span> <span class='ocrx_word' id='word_1_255' title='bbox 1743 2031 2061 2088; x_wconf 61' lang='lat' dir='ltr'><strong>deducatur.</strong></span> 
     </span>
    </p>
   </div>
   <div class='ocr_carea' id='block_1_20' title="bbox 125 2123 3332 2198">
    <p class='ocr_par' dir='ltr' id='par_1_20' title="bbox 125 2123 3332 2198">
     <span class='ocr_line' id='line_1_20' title="bbox 125 2123 3332 2198; baseline 0 -16"><span class='ocrx_word' id='word_1_256' title='bbox 125 2130 248 2184; x_wconf 73' lang='lat' dir='ltr'><strong>risum</strong></span> <span class='ocrx_word' id='word_1_257' title='bbox 267 2128 430 2186; x_wconf 86' lang='lat' dir='ltr'><strong>fuerit.</strong></span> <span class='ocrx_word' id='word_1_258' title='bbox 724 2167 734 2174; x_wconf 85' lang='lat'><strong>.</strong></span> <span class='ocrx_word' id='word_1_259' title='bbox 1813 2123 1868 2177; x_wconf 83' lang='lat'><strong>5.</strong></span> <span class='ocrx_word' id='word_1_260' title='bbox 1905 2124 1975 2179; x_wconf 87' lang='lat' dir='ltr'><strong>Et</strong></span> <span class='ocrx_word' id='word_1_261' title='bbox 2000 2124 2150 2196; x_wconf 69' lang='lat'><strong>(“2)</strong></span> <span class='ocrx_word' id='word_1_262' title='bbox 2179 2132 2240 2180; x_wconf 90' lang='lat' dir='ltr'><strong>ut</strong></span> <span class='ocrx_word' id='word_1_263' title='bbox 2267 2124 2343 2180; x_wconf 91' lang='lat' dir='ltr'><strong>illi</strong></span> <span class='ocrx_word' id='word_1_264' title='bbox 2374 2125 2628 2181; x_wconf 85' lang='lat' dir='ltr'><strong>homines</strong></span> <span class='ocrx_word' id='word_1_265' title='bbox 2672 2127 2764 2196; x_wconf 90' lang='lat' dir='ltr'><strong>qui</strong></span> <span class='ocrx_word' id='word_1_266' title='bbox 2791 2125 2844 2180; x_wconf 94' lang='lat' dir='ltr'><strong>in</strong></span> <span class='ocrx_word' id='word_1_267' title='bbox 2875 2125 2978 2182; x_wconf 91' lang='lat' dir='ltr'><strong>isto</strong></span> <span class='ocrx_word' id='word_1_268' title='bbox 3009 2141 3176 2198; x_wconf 86' lang='lat' dir='ltr'><strong>regno</strong></span> <span class='ocrx_word' id='word_1_269' title='bbox 3198 2141 3332 2183; x_wconf 82' lang='lat' dir='ltr'><strong>con-</strong></span> 
     </span>
    </p>
   </div>
   <div class='ocr_carea' id='block_1_21' title="bbox 168 2217 3335 2295">
    <p class='ocr_par' dir='ltr' id='par_1_21' title="bbox 168 2217 3335 2295">
     <span class='ocr_line' id='line_1_21' title="bbox 168 2217 3335 2295; baseline -0.002 -16"><span class='ocrx_word' id='word_1_270' title='bbox 168 2221 206 2279; x_wconf 84' lang='lat'><strong>8.</strong></span> <span class='ocrx_word' id='word_1_271' title='bbox 235 2221 290 2276; x_wconf 83' lang='lat' dir='ltr'><strong>Et</strong></span> <span class='ocrx_word' id='word_1_272' title='bbox 311 2230 364 2276; x_wconf 88' lang='lat' dir='ltr'><strong>nt</strong></span> <span class='ocrx_word' id='word_1_273' title='bbox 396 2236 502 2292; x_wconf 75' lang='lat' dir='ltr'><strong>pax</strong></span> <span class='ocrx_word' id='word_1_274' title='bbox 534 2223 598 2278; x_wconf 90' lang='lat' dir='ltr'><strong>in</strong></span> <span class='ocrx_word' id='word_1_275' title='bbox 644 2237 814 2295; x_wconf 84' lang='lat' dir='ltr'><strong>regno</strong></span> <span class='ocrx_word' id='word_1_276' title='bbox 842 2231 1034 2280; x_wconf 89' lang='lat' dir='ltr'><strong>nostro</strong></span> <span class='ocrx_word' id='word_1_277' title='bbox 1056 2238 1154 2295; x_wconf 92' lang='lat' dir='ltr'><strong>per</strong></span> <span class='ocrx_word' id='word_1_278' title='bbox 1195 2225 1410 2280; x_wconf 90' lang='lat' dir='ltr'><strong>illorum</strong></span> <span class='ocrx_word' id='word_1_279' title='bbox 1439 2240 1606 2281; x_wconf 76' lang='lat' dir='ltr'><strong>missa</strong></span> <span class='ocrx_word' id='word_1_280' title='bbox 1741 2225 1826 2271; x_wconf 91' lang='lat' dir='ltr'><strong>tra</strong></span> <span class='ocrx_word' id='word_1_281' title='bbox 1857 2217 2131 2272; x_wconf 87' lang='lat' dir='ltr'><strong>seniorem</strong></span> <span class='ocrx_word' id='word_1_282' title='bbox 2161 2228 2409 2272; x_wconf 89' lang='lat' dir='ltr'><strong>nostrum</strong></span> <span class='ocrx_word' id='word_1_283' title='bbox 2453 2217 2711 2273; x_wconf 89' lang='lat' dir='ltr'><strong>domnum</strong></span> <span class='ocrx_word' id='word_1_284' title='bbox 2767 2218 3025 2274; x_wconf 84' lang='lat' dir='ltr'><strong>Karolum</strong></span> <span class='ocrx_word' id='word_1_285' title='bbox 3054 2220 3335 2290; x_wconf 90' lang='lat' dir='ltr'><strong>misprise-</strong></span> 
     </span>
    </p>
   </div>
   <div class='ocr_carea' id='block_1_22' title="bbox 126 2309 3333 2386">
    <p class='ocr_par' dir='ltr' id='par_1_22' title="bbox 126 2309 3333 2386">
     <span class='ocr_line' id='line_1_22' title="bbox 126 2309 3333 2386; baseline 0.003 -21"><span class='ocrx_word' id='word_1_286' title='bbox 126 2312 262 2378; x_wconf 84' lang='lat' dir='ltr'><strong>ticum,</strong></span> <span class='ocrx_word' id='word_1_287' title='bbox 286 2313 404 2368; x_wconf 83' lang='lat' dir='ltr'><strong>sicut</strong></span> <span class='ocrx_word' id='word_1_288' title='bbox 426 2328 524 2368; x_wconf 91' lang='lat' dir='ltr'><strong>nos</strong></span> <span class='ocrx_word' id='word_1_289' title='bbox 549 2313 1046 2386; x_wconf 81' lang='lat' dir='ltr'><strong>adcognitavimus,</strong></span> <span class='ocrx_word' id='word_1_290' title='bbox 1077 2323 1132 2372; x_wconf 90' lang='lat' dir='ltr'><strong>et</strong></span> <span class='ocrx_word' id='word_1_291' title='bbox 1159 2317 1394 2386; x_wconf 90' lang='lat' dir='ltr'><strong>capitula</strong></span> <span class='ocrx_word' id='word_1_292' title='bbox 1421 2333 1450 2373; x_wconf 88' lang='lat' dir='ltr'><strong>a</strong></span> <span class='ocrx_word' id='word_1_293' title='bbox 1479 2317 1638 2374; x_wconf 88' lang='lat' dir='ltr'><strong>nobis</strong></span> <span class='ocrx_word' id='word_1_294' title='bbox 1740 2316 1887 2373; x_wconf 73' lang='grc' dir='ltr'><strong>ιύηῑο</strong></span> <span class='ocrx_word' id='word_1_295' title='bbox 1918 2309 1963 2364; x_wconf 77' lang='lat' dir='ltr'><strong>Si</strong></span> <span class='ocrx_word' id='word_1_296' title='bbox 1987 2324 2045 2365; x_wconf 76' lang='lat' dir='ltr'><strong>se</strong></span> <span class='ocrx_word' id='word_1_297' title='bbox 2074 2310 2512 2380; x_wconf 69' lang='grc' dir='ltr'><strong>ιέεοεηονθΐίηῐν</strong></span> <span class='ocrx_word' id='word_1_298' title='bbox 2556 2320 2778 2380; x_wconf 72' lang='grc' dir='ltr'><strong>ριόριετ</strong></span> <span class='ocrx_word' id='word_1_299' title='bbox 2809 2312 2978 2366; x_wconf 73' lang='lat' dir='ltr'><strong>Deum</strong></span> <span class='ocrx_word' id='word_1_300' title='bbox 3030 2318 3085 2366; x_wconf 76' lang='lat' dir='ltr'><strong>el</strong></span> <span class='ocrx_word' id='word_1_301' title='bbox 3114 2319 3333 2381; x_wconf 75' lang='grc' dir='ltr'><strong>ιποριετ</strong></span> 
     </span>
    </p>
   </div>
   <div class='ocr_carea' id='block_1_23' title="bbox 125 2400 3325 2484">
    <p class='ocr_par' dir='ltr' id='par_1_23' title="bbox 125 2400 3325 2484">
     <span class='ocr_line' id='line_1_23' title="bbox 125 2400 3325 2484; baseline 0.001 -29"><span class='ocrx_word' id='word_1_302' title='bbox 125 2403 270 2484; x_wconf 71' lang='lat' dir='ltr'><strong>directa</strong></span> <span class='ocrx_word' id='word_1_303' title='bbox 303 2407 694 2472; x_wconf 83' lang='lat' dir='ltr'><strong>commendant,</strong></span> <span class='ocrx_word' id='word_1_304' title='bbox 750 2406 1004 2462; x_wconf 87' lang='lat' dir='ltr'><strong>omnibus</strong></span> <span class='ocrx_word' id='word_1_305' title='bbox 1066 2408 1241 2463; x_wconf 85' lang='lat' dir='ltr'><strong>modis</strong></span> <span class='ocrx_word' id='word_1_306' title='bbox 1295 2408 1634 2478; x_wconf 65' lang='lat' dir='ltr'><strong>observetur,</strong></span> <span class='ocrx_word' id='word_1_307' title='bbox 1739 2400 2024 2457; x_wconf 87' lang='lat' dir='ltr'><strong>fratrissui</strong></span> <span class='ocrx_word' id='word_1_308' title='bbox 2043 2403 2502 2473; x_wconf 87' lang='lat' dir='ltr'><strong>deprecationem,</strong></span> <span class='ocrx_word' id='word_1_309' title='bbox 2521 2405 3126 2474; x_wconf 88' lang='lat' dir='ltr'><strong>quicquidcontraeum</strong></span> <span class='ocrx_word' id='word_1_310' title='bbox 3145 2403 3325 2460; x_wconf 43' lang='lat' dir='ltr'><strong>misfe‘</strong></span> 
     </span>
    </p>
   </div>
   <div class='ocr_carea' id='block_1_24' title="bbox 127 2493 3324 2571">
    <p class='ocr_par' dir='ltr' id='par_1_24' title="bbox 127 2493 3324 2571">
     <span class='ocr_line' id='line_1_24' title="bbox 127 2493 3324 2571; baseline -0.001 -21"><span class='ocrx_word' id='word_1_311' title='bbox 127 2493 330 2564; x_wconf 74' lang='lat' dir='ltr'><strong>diligenter</strong></span> <span class='ocrx_word' id='word_1_312' title='bbox 351 2496 699 2566; x_wconf 87' lang='lat' dir='ltr'><strong>provideant;</strong></span> <span class='ocrx_word' id='word_1_313' title='bbox 724 2505 782 2552; x_wconf 88' lang='lat' dir='ltr'><strong>et</strong></span> <span class='ocrx_word' id='word_1_314' title='bbox 800 2498 1038 2568; x_wconf 86' lang='lat' dir='ltr'><strong>qualiter</strong></span> <span class='ocrx_word' id='word_1_315' title='bbox 1055 2514 1174 2555; x_wconf 87' lang='lat' dir='ltr'><strong>eam</strong></span> <span class='ocrx_word' id='word_1_316' title='bbox 1203 2499 1433 2571; x_wconf 89' lang='lat' dir='ltr'><strong>quisque</strong></span> <span class='ocrx_word' id='word_1_317' title='bbox 1455 2501 1638 2557; x_wconf 82' lang='lat' dir='ltr'><strong>obser.</strong></span> <span class='ocrx_word' id='word_1_318' title='bbox 1739 2502 1930 2548; x_wconf 89' lang='lat' dir='ltr'><strong>cerunt</strong></span> <span class='ocrx_word' id='word_1_319' title='bbox 1956 2494 2036 2550; x_wconf 90' lang='lat' dir='ltr'><strong>eis</strong></span> <span class='ocrx_word' id='word_1_320' title='bbox 2072 2494 2185 2549; x_wconf 88' lang='lat' dir='ltr'><strong>vult</strong></span> <span class='ocrx_word' id='word_1_321' title='bbox 2209 2493 2508 2565; x_wconf 82' lang='lat' dir='ltr'><strong>indulgere.</strong></span> <span class='ocrx_word' id='word_1_322' title='bbox 2555 2494 2619 2549; x_wconf 88' lang='lat' dir='ltr'><strong>Et</strong></span> <span class='ocrx_word' id='word_1_323' title='bbox 2647 2495 2789 2550; x_wconf 92' lang='lat' dir='ltr'><strong>sicut</strong></span> <span class='ocrx_word' id='word_1_324' title='bbox 2815 2495 3188 2565; x_wconf 86' lang='lat' dir='ltr'><strong>praescriptum</strong></span> <span class='ocrx_word' id='word_1_325' title='bbox 3221 2503 3324 2558; x_wconf 87' lang='lat' dir='ltr'><strong>est,</strong></span> 
     </span>
    </p>
   </div>
   <div class='ocr_carea' id='block_1_25' title="bbox 124 2585 3324 2659">
    <p class='ocr_par' dir='ltr' id='par_1_25' title="bbox 124 2585 3324 2659">
     <span class='ocr_line' id='line_1_25' title="bbox 124 2585 3324 2659; baseline 0.003 -24"><span class='ocrx_word' id='word_1_326' title='bbox 124 2585 284 2650; x_wconf 68' lang='lat' dir='ltr'><strong>taret-it,</strong></span> <span class='ocrx_word' id='word_1_327' title='bbox 306 2586 497 2657; x_wconf 85' lang='lat' dir='ltr'><strong>absque</strong></span> <span class='ocrx_word' id='word_1_328' title='bbox 523 2596 782 2658; x_wconf 80' lang='lat' dir='ltr'><strong>respectu</strong></span> <span class='ocrx_word' id='word_1_329' title='bbox 830 2587 1060 2659; x_wconf 86' lang='lat' dir='ltr'><strong>alicujus</strong></span> <span class='ocrx_word' id='word_1_330' title='bbox 1104 2604 1371 2659; x_wconf 72' lang='lat' dir='ltr'><strong>personae,</strong></span> <span class='ocrx_word' id='word_1_331' title='bbox 1399 2600 1459 2645; x_wconf 93' lang='lat' dir='ltr'><strong>ut</strong></span> <span class='ocrx_word' id='word_1_332' title='bbox 1490 2591 1631 2646; x_wconf 78' lang='lat' dir='ltr'><strong>veri-</strong></span> <span class='ocrx_word' id='word_1_333' title='bbox 1737 2585 1921 2642; x_wconf 88' lang='lat' dir='ltr'><strong>alodes</strong></span> <span class='ocrx_word' id='word_1_334' title='bbox 1946 2586 2159 2642; x_wconf 92' lang='lat' dir='ltr'><strong>illorum</strong></span> <span class='ocrx_word' id='word_1_335' title='bbox 2192 2587 2261 2643; x_wconf 90' lang='lat' dir='ltr'><strong>de</strong></span> <span class='ocrx_word' id='word_1_336' title='bbox 2286 2587 2588 2644; x_wconf 89' lang='lat' dir='ltr'><strong>hereditate</strong></span> <span class='ocrx_word' id='word_1_337' title='bbox 2617 2601 2674 2644; x_wconf 92' lang='lat' dir='ltr'><strong>et</strong></span> <span class='ocrx_word' id='word_1_338' title='bbox 2698 2589 2763 2645; x_wconf 89' lang='lat' dir='ltr'><strong>de</strong></span> <span class='ocrx_word' id='word_1_339' title='bbox 2813 2588 3144 2658; x_wconf 88' lang='lat' dir='ltr'><strong>conquisitu,</strong></span> <span class='ocrx_word' id='word_1_340' title='bbox 3177 2587 3324 2659; x_wconf 90' lang='lat' dir='ltr'><strong>quod</strong></span> 
     </span>
    </p>
   </div>
   <div class='ocr_carea' id='block_1_26' title="bbox 126 2677 3325 2754">
    <p class='ocr_par' dir='ltr' id='par_1_26' title="bbox 126 2677 3325 2754">
     <span class='ocr_line' id='line_1_26' title="bbox 126 2677 3325 2754; baseline 0.002 -26"><span class='ocrx_word' id='word_1_341' title='bbox 126 2684 239 2731; x_wconf 82' lang='lat' dir='ltr'><strong>tatem</strong></span> <span class='ocrx_word' id='word_1_342' title='bbox 279 2677 386 2733; x_wconf 90' lang='lat' dir='ltr'><strong>inde</strong></span> <span class='ocrx_word' id='word_1_343' title='bbox 429 2679 593 2736; x_wconf 86' lang='lat' dir='ltr'><strong>nobis</strong></span> <span class='ocrx_word' id='word_1_344' title='bbox 622 2680 954 2748; x_wconf 89' lang='lat' dir='ltr'><strong>renuntient,</strong></span> <span class='ocrx_word' id='word_1_345' title='bbox 1002 2681 1291 2754; x_wconf 87' lang='lat' dir='ltr'><strong>diligenter</strong></span> <span class='ocrx_word' id='word_1_346' title='bbox 1318 2683 1630 2754; x_wconf 80' lang='lat' dir='ltr'><strong>inspiciam.</strong></span> <span class='ocrx_word' id='word_1_347' title='bbox 1737 2687 1921 2734; x_wconf 90' lang='lat' dir='ltr'><strong>tamen</strong></span> <span class='ocrx_word' id='word_1_348' title='bbox 1945 2679 2011 2734; x_wconf 93' lang='lat' dir='ltr'><strong>de</strong></span> <span class='ocrx_word' id='word_1_349' title='bbox 2035 2679 2328 2734; x_wconf 88' lang='lat' dir='ltr'><strong>donatione</strong></span> <span class='ocrx_word' id='word_1_350' title='bbox 2354 2695 2451 2735; x_wconf 88' lang='lat' dir='ltr'><strong>sua</strong></span> <span class='ocrx_word' id='word_1_351' title='bbox 2473 2695 2581 2736; x_wconf 91' lang='lat' dir='ltr'><strong>non</strong></span> <span class='ocrx_word' id='word_1_352' title='bbox 2608 2682 2772 2743; x_wconf 82' lang='lat' dir='ltr'><strong>venit,</strong></span> <span class='ocrx_word' id='word_1_353' title='bbox 2793 2680 2888 2736; x_wconf 87' lang='lat' dir='ltr'><strong>sed</strong></span> <span class='ocrx_word' id='word_1_354' title='bbox 2909 2690 2965 2735; x_wconf 91' lang='lat' dir='ltr'><strong>et</strong></span> <span class='ocrx_word' id='word_1_355' title='bbox 2992 2680 3110 2735; x_wconf 92' lang='lat' dir='ltr'><strong>illos</strong></span> <span class='ocrx_word' id='word_1_356' title='bbox 3134 2679 3325 2736; x_wconf 86' lang='lat' dir='ltr'><strong>alodes</strong></span> 
     </span>
    </p>
   </div>
   <div class='ocr_carea' id='block_1_27' title="bbox 125 2764 3326 2844">
    <p class='ocr_par' dir='ltr' id='par_1_27' title="bbox 125 2764 3326 2844">
     <span class='ocr_line' id='line_1_27' title="bbox 125 2764 3326 2844; baseline 0.001 -24"><span class='ocrx_word' id='word_1_357' title='bbox 125 2764 168 2820; x_wconf 82' lang='lat' dir='ltr'><strong>Et</strong></span> <span class='ocrx_word' id='word_1_358' title='bbox 184 2767 387 2838; x_wconf 88' lang='lat' dir='ltr'><strong>quicquid</strong></span> <span class='ocrx_word' id='word_1_359' title='bbox 411 2768 612 2826; x_wconf 82' lang='lat' dir='ltr'><strong>exinde</strong></span> <span class='ocrx_word' id='word_1_360' title='bbox 633 2774 778 2841; x_wconf 90' lang='lat' dir='ltr'><strong>quod</strong></span> <span class='ocrx_word' id='word_1_361' title='bbox 798 2773 1245 2828; x_wconf 89' lang='lat' dir='ltr'><strong>commendamus</strong></span> <span class='ocrx_word' id='word_1_362' title='bbox 1262 2789 1358 2843; x_wconf 87' lang='lat' dir='ltr'><strong>per</strong></span> <span class='ocrx_word' id='word_1_363' title='bbox 1373 2790 1432 2830; x_wconf 90' lang='lat' dir='ltr'><strong>se</strong></span> <span class='ocrx_word' id='word_1_364' title='bbox 1459 2775 1604 2830; x_wconf 87' lang='lat' dir='ltr'><strong>adim</strong></span> <span class='ocrx_word' id='word_1_365' title='bbox 1734 2787 1872 2844; x_wconf 87' lang='lat' dir='ltr'><strong>quos</strong></span> <span class='ocrx_word' id='word_1_366' title='bbox 1904 2773 1970 2828; x_wconf 90' lang='lat' dir='ltr'><strong>de</strong></span> <span class='ocrx_word' id='word_1_367' title='bbox 1992 2772 2282 2828; x_wconf 87' lang='lat' dir='ltr'><strong>donatione</strong></span> <span class='ocrx_word' id='word_1_368' title='bbox 2311 2771 2495 2828; x_wconf 91' lang='lat' dir='ltr'><strong>domni</strong></span> <span class='ocrx_word' id='word_1_369' title='bbox 2528 2771 2871 2843; x_wconf 88' lang='lat' dir='ltr'><strong>imperatoris</strong></span> <span class='ocrx_word' id='word_1_370' title='bbox 2899 2771 3201 2827; x_wconf 82' lang='lat' dir='ltr'><strong>Hludowici</strong></span> <span class='ocrx_word' id='word_1_371' title='bbox 3225 2771 3326 2825; x_wconf 86' lang='lat' dir='ltr'><strong>ha-</strong></span> 
     </span>
    </p>
   </div>
   <div class='ocr_carea' id='block_1_28' title="bbox 125 2856 3322 2938">
    <p class='ocr_par' dir='ltr' id='par_1_28' title="bbox 125 2856 3322 2938">
     <span class='ocr_line' id='line_1_28' title="bbox 125 2856 3322 2938; baseline 0 -26"><span class='ocrx_word' id='word_1_372' title='bbox 125 2856 220 2925; x_wconf 78' lang='lat' dir='ltr'><strong>plere</strong></span> <span class='ocrx_word' id='word_1_373' title='bbox 240 2873 327 2914; x_wconf 88' lang='lat' dir='ltr'><strong>non</strong></span> <span class='ocrx_word' id='word_1_374' title='bbox 349 2861 646 2932; x_wconf 85' lang='lat' dir='ltr'><strong>potuerint,</strong></span> <span class='ocrx_word' id='word_1_375' title='bbox 694 2862 762 2918; x_wconf 90' lang='lat' dir='ltr'><strong>ad</strong></span> <span class='ocrx_word' id='word_1_376' title='bbox 810 2864 1008 2920; x_wconf 90' lang='lat' dir='ltr'><strong>missos</strong></span> <span class='ocrx_word' id='word_1_377' title='bbox 1049 2865 1282 2937; x_wconf 85' lang='lat' dir='ltr'><strong>majores</strong></span> <span class='ocrx_word' id='word_1_378' title='bbox 1326 2881 1424 2936; x_wconf 90' lang='lat' dir='ltr'><strong>per</strong></span> <span class='ocrx_word' id='word_1_379' title='bbox 1453 2866 1631 2938; x_wconf 91' lang='lat' dir='ltr'><strong>ipsum</strong></span> <span class='ocrx_word' id='word_1_380' title='bbox 1732 2863 2086 2931; x_wconf 91' lang='lat' dir='ltr'><strong>buerunt,eis</strong></span> <span class='ocrx_word' id='word_1_381' title='bbox 2106 2863 2375 2932; x_wconf 89' lang='lat' dir='ltr'><strong>concedit,</strong></span> <span class='ocrx_word' id='word_1_382' title='bbox 2398 2862 2445 2919; x_wconf 91' lang='lat' dir='ltr'><strong>si</strong></span> <span class='ocrx_word' id='word_1_383' title='bbox 2470 2861 2631 2919; x_wconf 89' lang='lat' dir='ltr'><strong>talem</strong></span> <span class='ocrx_word' id='word_1_384' title='bbox 2653 2863 2966 2918; x_wconf 81' lang='lat' dir='ltr'><strong>firmitatem</strong></span> <span class='ocrx_word' id='word_1_385' title='bbox 2989 2863 3038 2917; x_wconf 91' lang='lat' dir='ltr'><strong>ei</strong></span> <span class='ocrx_word' id='word_1_386' title='bbox 3069 2861 3322 2930; x_wconf 83' lang='lat' dir='ltr'><strong>fecerint,</strong></span> 
     </span>
    </p>
   </div>
   <div class='ocr_carea' id='block_1_29' title="bbox 125 2949 2276 3028">
    <p class='ocr_par' dir='ltr' id='par_1_29' title="bbox 125 2949 2276 3028">
     <span class='ocr_line' id='line_1_29' title="bbox 125 2949 2276 3028; baseline 0.006 -27"><span class='ocrx_word' id='word_1_387' title='bbox 125 2949 372 3007; x_wconf 80' lang='lat' dir='ltr'><strong>missaticnm</strong></span> <span class='ocrx_word' id='word_1_388' title='bbox 399 2953 727 3009; x_wconf 85' lang='lat' dir='ltr'><strong>constitutos</strong></span> <span class='ocrx_word' id='word_1_389' title='bbox 749 2953 1010 3024; x_wconf 87' lang='lat' dir='ltr'><strong>referant,</strong></span> <span class='ocrx_word' id='word_1_390' title='bbox 1025 2963 1085 3011; x_wconf 88' lang='lat' dir='ltr'><strong>ut</strong></span> <span class='ocrx_word' id='word_1_391' title='bbox 1103 2971 1228 3013; x_wconf 90' lang='lat' dir='ltr'><strong>cum</strong></span> <span class='ocrx_word' id='word_1_392' title='bbox 1254 2956 1470 3014; x_wconf 89' lang='lat' dir='ltr'><strong>illorum</strong></span> <span class='ocrx_word' id='word_1_393' title='bbox 1492 2975 1630 3017; x_wconf 88' lang='lat' dir='ltr'><strong>con-</strong></span> <span class='ocrx_word' id='word_1_394' title='bbox 1731 2956 1875 3012; x_wconf 90' lang='lat' dir='ltr'><strong>sicut</strong></span> <span class='ocrx_word' id='word_1_395' title='bbox 1901 2956 2276 3028; x_wconf 77' lang='lat' dir='ltr'><strong>praediximus.</strong></span> 
     </span>
    </p>
   </div>
   <div class='ocr_carea' id='block_1_30' title="bbox 125 3040 3322 3118">
    <p class='ocr_par' dir='ltr' id='par_1_30' title="bbox 125 3040 3322 3118">
     <span class='ocr_line' id='line_1_30' title="bbox 125 3040 3322 3118; baseline 0.002 -24"><span class='ocrx_word' id='word_1_396' title='bbox 125 3040 202 3096; x_wconf 71' lang='lat' dir='ltr'><strong>tilio</strong></span> <span class='ocrx_word' id='word_1_397' title='bbox 221 3050 264 3098; x_wconf 86' lang='lat' dir='ltr'><strong>el</strong></span> <span class='ocrx_word' id='word_1_398' title='bbox 282 3045 465 3100; x_wconf 74' lang='lat' dir='ltr'><strong>auxilio</strong></span> <span class='ocrx_word' id='word_1_399' title='bbox 491 3045 684 3103; x_wconf 87' lang='lat' dir='ltr'><strong>omnia</strong></span> <span class='ocrx_word' id='word_1_400' title='bbox 709 3046 986 3118; x_wconf 89' lang='lat' dir='ltr'><strong>impleant.</strong></span> <span class='ocrx_word' id='word_1_401' title='bbox 1803 3045 1856 3101; x_wconf 90' lang='lat'><strong>6.</strong></span> <span class='ocrx_word' id='word_1_402' title='bbox 1899 3045 2006 3102; x_wconf 88' lang='lat' dir='ltr'><strong>Sed</strong></span> <span class='ocrx_word' id='word_1_403' title='bbox 2036 3045 2184 3117; x_wconf 76' lang='grc'><strong>(145)</strong></span> <span class='ocrx_word' id='word_1_404' title='bbox 2215 3054 2271 3100; x_wconf 88' lang='lat' dir='ltr'><strong>et</strong></span> <span class='ocrx_word' id='word_1_405' title='bbox 2289 3044 2358 3101; x_wconf 91' lang='lat' dir='ltr'><strong>de</strong></span> <span class='ocrx_word' id='word_1_406' title='bbox 2387 3043 2594 3116; x_wconf 87' lang='lat' dir='ltr'><strong>rapinis</strong></span> <span class='ocrx_word' id='word_1_407' title='bbox 2621 3053 2678 3102; x_wconf 89' lang='lat' dir='ltr'><strong>et</strong></span> <span class='ocrx_word' id='word_1_408' title='bbox 2723 3044 3238 3117; x_wconf 63' lang='lat' dir='ltr'><strong>depraedationibus,</strong></span> <span class='ocrx_word' id='word_1_409' title='bbox 3264 3051 3322 3099; x_wconf 87' lang='lat' dir='ltr'><strong>et</strong></span> 
     </span>
    </p>
   </div>
   <div class='ocr_carea' id='block_1_31' title="bbox 166 3131 3324 3210">
    <p class='ocr_par' dir='ltr' id='par_1_31' title="bbox 166 3131 3324 3210">
     <span class='ocr_line' id='line_1_31' title="bbox 166 3131 3324 3210; baseline 0.001 -23"><span class='ocrx_word' id='word_1_410' title='bbox 166 3131 365 3191; x_wconf 82' lang='lat' dir='ltr'><strong>Firmitas</strong></span> <span class='ocrx_word' id='word_1_411' title='bbox 385 3139 1122 3210; x_wconf 72' lang='lat' dir='ltr'><strong>autem,quamapraedictis</strong></span> <span class='ocrx_word' id='word_1_412' title='bbox 1145 3141 1454 3198; x_wconf 89' lang='lat' dir='ltr'><strong>hominibus</strong></span> <span class='ocrx_word' id='word_1_413' title='bbox 1472 3142 1622 3200; x_wconf 89' lang='lat' dir='ltr'><strong>missi</strong></span> <span class='ocrx_word' id='word_1_414' title='bbox 1660 3201 1697 3210; x_wconf 88' lang='lat'>_</span> <span class='ocrx_word' id='word_1_415' title='bbox 1732 3141 1799 3198; x_wconf 91' lang='lat' dir='ltr'><strong>de</strong></span> <span class='ocrx_word' id='word_1_416' title='bbox 1843 3137 2315 3209; x_wconf 74' lang='lat' dir='ltr'><strong>coniurationibus</strong></span> <span class='ocrx_word' id='word_1_417' title='bbox 2359 3147 2416 3194; x_wconf 90' lang='lat' dir='ltr'><strong>et</strong></span> <span class='ocrx_word' id='word_1_418' title='bbox 2463 3139 2530 3194; x_wconf 91' lang='lat' dir='ltr'><strong>de</strong></span> <span class='ocrx_word' id='word_1_419' title='bbox 2578 3138 3090 3209; x_wconf 87' lang='lat' dir='ltr'><strong>conspirationihus,</strong></span> <span class='ocrx_word' id='word_1_420' title='bbox 3142 3145 3198 3192; x_wconf 88' lang='lat' dir='ltr'><strong>et</strong></span> <span class='ocrx_word' id='word_1_421' title='bbox 3255 3136 3324 3193; x_wconf 90' lang='lat' dir='ltr'><strong>de</strong></span> 
     </span>
    </p>
   </div>
   <div class='ocr_carea' id='block_1_32' title="bbox 126 3201 3320 3303">
    <p class='ocr_par' dir='ltr' id='par_1_32' title="bbox 126 3201 3320 3303">
     <span class='ocr_line' id='line_1_32' title="bbox 126 3201 3320 3303; baseline 0.003 -28"><span class='ocrx_word' id='word_1_422' title='bbox 126 3224 238 3280; x_wconf 83' lang='lat' dir='ltr'><strong>nostri</strong></span> <span class='ocrx_word' id='word_1_423' title='bbox 276 3225 453 3284; x_wconf 85' lang='lat' dir='ltr'><strong>debent</strong></span> <span class='ocrx_word' id='word_1_424' title='bbox 497 3201 766 3299; x_wconf 80' lang='lat' dir='ltr'><strong>recipere,</strong></span> <span class='ocrx_word' id='word_1_425' title='bbox 816 3201 920 3292; x_wconf 70' lang='lat' dir='ltr'><strong>ista</strong></span> <span class='ocrx_word' id='word_1_426' title='bbox 951 3241 1035 3288; x_wconf 90' lang='lat' dir='ltr'><strong>est</strong></span> <span class='ocrx_word' id='word_1_427' title='bbox 1067 3251 1081 3287; x_wconf 90' lang='lat'><strong>:</strong></span> <span class='ocrx_word' id='word_1_428' title='bbox 1120 3250 1138 3284; x_wconf 71' lang='grc' dir='ltr'>ι</span> <span class='ocrx_word' id='word_1_429' title='bbox 1170 3232 1247 3288; x_wconf 91' lang='lat' dir='ltr'><strong>De</strong></span> <span class='ocrx_word' id='word_1_430' title='bbox 1290 3233 1394 3290; x_wconf 91' lang='lat' dir='ltr'><strong>ista</strong></span> <span class='ocrx_word' id='word_1_431' title='bbox 1444 3236 1529 3292; x_wconf 86' lang='lat' dir='ltr'><strong>die</strong></span> <span class='ocrx_word' id='word_1_432' title='bbox 1566 3236 1623 3293; x_wconf 92' lang='lat' dir='ltr'><strong>in</strong></span> <span class='ocrx_word' id='word_1_433' title='bbox 1650 3201 1698 3268; x_wconf 65' lang='grc' dir='ltr'>θ</span> <span class='ocrx_word' id='word_1_434' title='bbox 1730 3232 1900 3303; x_wconf 87' lang='lat' dir='ltr'><strong>raptis</strong></span> <span class='ocrx_word' id='word_1_435' title='bbox 1930 3201 2279 3297; x_wconf 74' lang='lat' dir='ltr'><strong>feminarum,</strong></span> <span class='ocrx_word' id='word_1_436' title='bbox 2305 3239 2416 3287; x_wconf 89' lang='lat' dir='ltr'><strong>tam</strong></span> <span class='ocrx_word' id='word_1_437' title='bbox 2440 3201 2729 3286; x_wconf 78' lang='lat' dir='ltr'><strong>viduarum</strong></span> <span class='ocrx_word' id='word_1_438' title='bbox 2754 3246 2915 3302; x_wconf 88' lang='lat' dir='ltr'><strong>quam</strong></span> <span class='ocrx_word' id='word_1_439' title='bbox 2942 3239 2997 3286; x_wconf 92' lang='lat' dir='ltr'><strong>et</strong></span> <span class='ocrx_word' id='word_1_440' title='bbox 3016 3201 3320 3301; x_wconf 87' lang='lat' dir='ltr'><strong>puellarum</strong></span> 
     </span>
    </p>
   </div>
   <div class='ocr_carea' id='block_1_33' title="bbox 126 3316 3322 3396">
    <p class='ocr_par' dir='ltr' id='par_1_33' title="bbox 126 3316 3322 3396">
     <span class='ocr_line' id='line_1_33' title="bbox 126 3316 3322 3396; baseline 0.002 -26"><span class='ocrx_word' id='word_1_441' title='bbox 126 3316 416 3388; x_wconf 80' lang='lat' dir='ltr'><strong>ante,Karoli,</strong></span> <span class='ocrx_word' id='word_1_442' title='bbox 444 3319 749 3377; x_wconf 79' lang='lat' dir='ltr'><strong>Hiudowici</strong></span> <span class='ocrx_word' id='word_1_443' title='bbox 778 3321 1124 3393; x_wconf 89' lang='lat' dir='ltr'><strong>imperatoris</strong></span> <span class='ocrx_word' id='word_1_444' title='bbox 1152 3324 1275 3391; x_wconf 82' lang='lat' dir='ltr'><strong>lilii,</strong></span> <span class='ocrx_word' id='word_1_445' title='bbox 1298 3339 1522 3396; x_wconf 84' lang='lat' dir='ltr'><strong>regnum</strong></span> <span class='ocrx_word' id='word_1_446' title='bbox 1545 3327 1626 3384; x_wconf 86' lang='lat' dir='ltr'><strong>illi</strong></span> <span class='ocrx_word' id='word_1_447' title='bbox 1725 3332 1887 3392; x_wconf 90' lang='lat' dir='ltr'><strong>atque</strong></span> <span class='ocrx_word' id='word_1_448' title='bbox 1923 3336 2250 3387; x_wconf 87' lang='lat' dir='ltr'><strong>nonnarum,</strong></span> <span class='ocrx_word' id='word_1_449' title='bbox 2296 3320 2533 3377; x_wconf 86' lang='lat' dir='ltr'><strong>ﬁrmiter</strong></span> <span class='ocrx_word' id='word_1_450' title='bbox 2583 3321 2974 3385; x_wconf 90' lang='lat' dir='ltr'><strong>banniverunt,</strong></span> <span class='ocrx_word' id='word_1_451' title='bbox 3025 3329 3086 3375; x_wconf 91' lang='lat' dir='ltr'><strong>ut</strong></span> <span class='ocrx_word' id='word_1_452' title='bbox 3124 3319 3322 3376; x_wconf 89' lang='lat' dir='ltr'><strong>amodo</strong></span> 
     </span>
    </p>
   </div>
   <div class='ocr_carea' id='block_1_34' title="bbox 126 3406 3317 3489">
    <p class='ocr_par' dir='ltr' id='par_1_34' title="bbox 126 3406 3317 3489">
     <span class='ocr_line' id='line_1_34' title="bbox 126 3406 3317 3489; baseline 0.003 -32"><span class='ocrx_word' id='word_1_453' title='bbox 126 3417 194 3459; x_wconf 81' lang='lat' dir='ltr'><strong>non</strong></span> <span class='ocrx_word' id='word_1_454' title='bbox 211 3406 765 3483; x_wconf 83' lang='lat' dir='ltr'><strong>ioreonsiliabo,neque</strong></span> <span class='ocrx_word' id='word_1_455' title='bbox 792 3415 1052 3471; x_wconf 77' lang='lat' dir='ltr'><strong>werribo.</strong></span> <span class='ocrx_word' id='word_1_456' title='bbox 1076 3413 1170 3473; x_wconf 88' lang='lat' dir='ltr'><strong>Sic</strong></span> <span class='ocrx_word' id='word_1_457' title='bbox 1191 3431 1279 3473; x_wconf 87' lang='lat' dir='ltr'><strong>me</strong></span> <span class='ocrx_word' id='word_1_458' title='bbox 1306 3417 1450 3475; x_wconf 91' lang='lat' dir='ltr'><strong>Deus</strong></span> <span class='ocrx_word' id='word_1_459' title='bbox 1473 3417 1623 3489; x_wconf 81' lang='lat' dir='ltr'><strong>adju-</strong></span> <span class='ocrx_word' id='word_1_460' title='bbox 1723 3423 1780 3470; x_wconf 92' lang='lat' dir='ltr'><strong>et</strong></span> <span class='ocrx_word' id='word_1_461' title='bbox 1801 3412 2060 3484; x_wconf 90' lang='lat' dir='ltr'><strong>deinceps</strong></span> <span class='ocrx_word' id='word_1_462' title='bbox 2098 3413 2280 3468; x_wconf 92' lang='lat' dir='ltr'><strong>nullus</strong></span> <span class='ocrx_word' id='word_1_463' title='bbox 2303 3420 2598 3482; x_wconf 61' lang='lat' dir='ltr'><strong>praesumat</strong></span> <span class='ocrx_word' id='word_1_464' title='bbox 2628 3431 2641 3467; x_wconf 93' lang='lat'>:</span> <span class='ocrx_word' id='word_1_465' title='bbox 2672 3421 2724 3467; x_wconf 84' lang='lat' dir='ltr'><strong>et</strong></span> <span class='ocrx_word' id='word_1_466' title='bbox 2755 3412 2848 3484; x_wconf 90' lang='lat' dir='ltr'><strong>qui</strong></span> <span class='ocrx_word' id='word_1_467' title='bbox 2887 3411 3317 3483; x_wconf 61' lang='lat' dir='ltr'><strong>praesumpserit,</strong></span> 
     </span>
    </p>
   </div>
   <div class='ocr_carea' id='block_1_35' title="bbox 125 3501 3319 3578">
    <p class='ocr_par' dir='ltr' id='par_1_35' title="bbox 125 3501 3319 3578">
     <span class='ocr_line' id='line_1_35' title="bbox 125 3501 3319 3578; baseline -0.002 -17"><span class='ocrx_word' id='word_1_468' title='bbox 125 3505 194 3561; x_wconf 64' lang='grc' dir='ltr'><strong>νει»</strong></span> <span class='ocrx_word' id='word_1_469' title='bbox 211 3507 253 3554; x_wconf 89' lang='lat' dir='ltr'><strong>et</strong></span> <span class='ocrx_word' id='word_1_470' title='bbox 267 3501 370 3559; x_wconf 71' lang='lat' dir='ltr'><strong>istae</strong></span> <span class='ocrx_word' id='word_1_471' title='bbox 386 3514 586 3562; x_wconf 72' lang='lat' dir='ltr'><strong>sancta:</strong></span> <span class='ocrx_word' id='word_1_472' title='bbox 617 3505 882 3578; x_wconf 69' lang='lat' dir='ltr'><strong>reliquiae.</strong></span> <span class='ocrx_word' id='word_1_473' title='bbox 926 3527 948 3564; x_wconf 74' lang='grc' dir='ltr'><strong><em>ι</em></strong></span> <span class='ocrx_word' id='word_1_474' title='bbox 1725 3506 2027 3564; x_wconf 89' lang='lat' dir='ltr'><strong>secundum</strong></span> <span class='ocrx_word' id='word_1_475' title='bbox 2055 3504 2205 3576; x_wconf 86' lang='lat' dir='ltr'><strong>leges</strong></span> <span class='ocrx_word' id='word_1_476' title='bbox 2232 3503 2446 3559; x_wconf 87' lang='lat' dir='ltr'><strong>divinas</strong></span> <span class='ocrx_word' id='word_1_477' title='bbox 2481 3511 2536 3559; x_wconf 91' lang='lat' dir='ltr'><strong>et</strong></span> <span class='ocrx_word' id='word_1_478' title='bbox 2590 3503 2883 3570; x_wconf 88' lang='lat' dir='ltr'><strong>humanas,</strong></span> <span class='ocrx_word' id='word_1_479' title='bbox 2918 3511 2974 3558; x_wconf 87' lang='lat' dir='ltr'><strong>et</strong></span> <span class='ocrx_word' id='word_1_480' title='bbox 3021 3501 3319 3558; x_wconf 89' lang='lat' dir='ltr'><strong>secundum</strong></span> 
     </span>
    </p>
   </div>
   <div class='ocr_carea' id='block_1_36' title="bbox 128 3585 3314 3676">
    <p class='ocr_par' dir='ltr' id='par_1_36' title="bbox 128 3585 3314 3676">
     <span class='ocr_line' id='line_1_36' title="bbox 128 3585 3314 3676; baseline 0.001 -35"><span class='ocrx_word' id='word_1_481' title='bbox 128 3585 385 3660; x_wconf 74' lang='lat' dir='ltr'><strong>Couﬁmatio</strong></span> <span class='ocrx_word' id='word_1_482' title='bbox 405 3598 672 3676; x_wconf 49' lang='lat' dir='ltr'><strong>seniorem</strong></span> <span class='ocrx_word' id='word_1_483' title='bbox 722 3610 1024 3676; x_wconf 66' lang='lat' dir='ltr'><strong>nostrorum</strong></span> <span class='ocrx_word' id='word_1_484' title='bbox 1048 3619 1233 3674; x_wconf 85' lang='lat' dir='ltr'><strong>regum</strong></span> <span class='ocrx_word' id='word_1_485' title='bbox 1267 3604 1426 3660; x_wconf 78' lang='lat' dir='ltr'><strong>modo</strong></span> <span class='ocrx_word' id='word_1_486' title='bbox 1475 3605 1621 3676; x_wconf 74' lang='lat' dir='ltr'><strong>apud</strong></span> <span class='ocrx_word' id='word_1_487' title='bbox 1723 3594 1958 3667; x_wconf 87' lang='lat' dir='ltr'><strong>capitula</strong></span> <span class='ocrx_word' id='word_1_488' title='bbox 2008 3594 2402 3665; x_wconf 88' lang='lat' dir='ltr'><strong>imperatorum</strong></span> <span class='ocrx_word' id='word_1_489' title='bbox 2452 3607 2518 3648; x_wconf 89' lang='lat' dir='ltr'><strong>ac</strong></span> <span class='ocrx_word' id='word_1_490' title='bbox 2571 3593 3033 3663; x_wconf 66' lang='lat' dir='ltr'><strong>praedecessorum</strong></span> <span class='ocrx_word' id='word_1_491' title='bbox 3071 3605 3314 3654; x_wconf 88' lang='lat' dir='ltr'><strong>suorum,</strong></span> 
     </span>
    </p>
   </div>
   <div class='ocr_carea' id='block_1_37' title="bbox 452 3668 1611 3757">
    <p class='ocr_par' dir='ltr' id='par_1_37' title="bbox 452 3668 1522 3744">
     <span class='ocr_line' id='line_1_37' title="bbox 452 3668 1522 3744; baseline 0.007 -20"><span class='ocrx_word' id='word_1_492' title='bbox 452 3668 786 3740; x_wconf 81' lang='lat' dir='ltr'><strong>Conﬂuentes</strong></span> <span class='ocrx_word' id='word_1_493' title='bbox 806 3673 951 3744; x_wconf 80' lang='lat' dir='ltr'><strong>facta</strong></span> <span class='ocrx_word' id='word_1_494' title='bbox 973 3674 1077 3728; x_wconf 80' lang='lat' dir='ltr'><strong>ista</strong></span> <span class='ocrx_word' id='word_1_495' title='bbox 1105 3668 1204 3729; x_wconf 65' lang='lat' dir='ltr'><strong>Est.</strong></span> <span class='ocrx_word' id='word_1_496' title='bbox 1510 3668 1522 3676; x_wconf 82' lang='grc'><em>’</em></span> 
     </span>
    </p>
   </div>
   <div class='ocr_carea' id='block_1_38' title="bbox 1713 3668 3318 3757">
    <p class='ocr_par' dir='ltr' id='par_1_38' title="bbox 1723 3683 3318 3757">
     <span class='ocr_line' id='line_1_38' title="bbox 1723 3683 3318 3757; baseline -0.007 -11"><span class='ocrx_word' id='word_1_497' title='bbox 1723 3689 1830 3746; x_wconf 84' lang='lat' dir='ltr'><strong>hoc</strong></span> <span class='ocrx_word' id='word_1_498' title='bbox 1880 3687 2174 3744; x_wconf 88' lang='lat' dir='ltr'><strong>emendare</strong></span> <span class='ocrx_word' id='word_1_499' title='bbox 2233 3694 2479 3757; x_wconf 86' lang='lat' dir='ltr'><strong>cogatur.</strong></span> <span class='ocrx_word' id='word_1_500' title='bbox 2529 3685 2597 3739; x_wconf 90' lang='lat' dir='ltr'><strong>Et</strong></span> <span class='ocrx_word' id='word_1_501' title='bbox 2628 3684 2780 3756; x_wconf 70' lang='grc'><strong>(144)</strong></span> <span class='ocrx_word' id='word_1_502' title='bbox 2831 3691 2891 3740; x_wconf 91' lang='lat' dir='ltr'><strong>ut</strong></span> <span class='ocrx_word' id='word_1_503' title='bbox 2941 3683 3318 3753; x_wconf 85' lang='lat' dir='ltr'><strong>unusquisque</strong></span> 
     </span>
    </p>
   </div>
   <div class='ocr_carea' id='block_1_39' title="bbox 170 3749 3315 3850">
    <p class='ocr_par' dir='ltr' id='par_1_39' title="bbox 170 3749 3315 3850">
     <span class='ocr_line' id='line_1_39' title="bbox 170 3749 3315 3850; baseline 0.005 -42"><span class='ocrx_word' id='word_1_504' title='bbox 170 3749 280 3817; x_wconf 81' lang='lat' dir='ltr'><strong>Quod</strong></span> <span class='ocrx_word' id='word_1_505' title='bbox 300 3756 361 3850; x_wconf 80' lang='lat' dir='ltr'><strong>ad</strong></span> <span class='ocrx_word' id='word_1_506' title='bbox 383 3758 478 3815; x_wconf 88' lang='lat' dir='ltr'><strong>Dei</strong></span> <span class='ocrx_word' id='word_1_507' title='bbox 510 3760 861 3844; x_wconf 73' lang='lat' dir='ltr'><strong>voluntatem,</strong></span> <span class='ocrx_word' id='word_1_508' title='bbox 909 3771 965 3819; x_wconf 90' lang='lat' dir='ltr'><strong>et</strong></span> <span class='ocrx_word' id='word_1_509' title='bbox 1006 3773 1210 3822; x_wconf 63' lang='lat' dir='ltr'><strong>sanctae</strong></span> <span class='ocrx_word' id='word_1_510' title='bbox 1233 3765 1351 3838; x_wconf 79' lang='lat' dir='ltr'><strong>ejus</strong></span> <span class='ocrx_word' id='word_1_511' title='bbox 1376 3766 1620 3825; x_wconf 63' lang='lat' dir='ltr'><strong>ecclesiae</strong></span> <span class='ocrx_word' id='word_1_512' title='bbox 1723 3779 1865 3836; x_wconf 65' lang='lat' dir='ltr'><strong>intra</strong></span> <span class='ocrx_word' id='word_1_513' title='bbox 1898 3779 2134 3850; x_wconf 70' lang='lat' dir='ltr'><strong>patriam</strong></span> <span class='ocrx_word' id='word_1_514' title='bbox 2163 3792 2288 3832; x_wconf 91' lang='lat' dir='ltr'><strong>cum</strong></span> <span class='ocrx_word' id='word_1_515' title='bbox 2302 3749 2449 3847; x_wconf 65' lang='lat' dir='ltr'><strong>pace</strong></span> <span class='ocrx_word' id='word_1_516' title='bbox 2478 3782 2534 3831; x_wconf 90' lang='lat' dir='ltr'><strong>et</strong></span> <span class='ocrx_word' id='word_1_517' title='bbox 2565 3749 2682 3832; x_wconf 80' lang='lat' dir='ltr'><strong>sine</strong></span> <span class='ocrx_word' id='word_1_518' title='bbox 2705 3749 3062 3846; x_wconf 83' lang='lat' dir='ltr'><strong>oppressione</strong></span> <span class='ocrx_word' id='word_1_519' title='bbox 3102 3749 3315 3842; x_wconf 77' lang='lat' dir='ltr'><strong>paupe-</strong></span> 
     </span>
    </p>
   </div>
   <div class='ocr_carea' id='block_1_40' title="bbox 127 3847 1611 3931">
    <p class='ocr_par' dir='ltr' id='par_1_40' title="bbox 127 3847 1611 3924">
     <span class='ocr_line' id='line_1_40' title="bbox 127 3847 1611 3924; baseline 0.015 -31"><span class='ocrx_word' id='word_1_520' title='bbox 127 3847 262 3899; x_wconf 77' lang='lat' dir='ltr'><strong>slatum</strong></span> <span class='ocrx_word' id='word_1_521' title='bbox 283 3856 329 3903; x_wconf 86' lang='lat' dir='ltr'><strong>et</strong></span> <span class='ocrx_word' id='word_1_522' title='bbox 350 3849 604 3908; x_wconf 90' lang='lat' dir='ltr'><strong>honorem</strong></span> <span class='ocrx_word' id='word_1_523' title='bbox 623 3861 784 3924; x_wconf 87' lang='lat' dir='ltr'><strong>atque</strong></span> <span class='ocrx_word' id='word_1_524' title='bbox 814 3853 1274 3923; x_wconf 89' lang='lat' dir='ltr'><strong>defensionem,et</strong></span> <span class='ocrx_word' id='word_1_525' title='bbox 1306 3858 1374 3914; x_wconf 87' lang='lat' dir='ltr'><strong>ad</strong></span> <span class='ocrx_word' id='word_1_526' title='bbox 1403 3857 1611 3915; x_wconf 90' lang='lat' dir='ltr'><strong>illorum</strong></span> 
     </span>
    </p>
   </div>
   <div class='ocr_carea' id='block_1_41' title="bbox 1713 3847 3312 3931">
    <p class='ocr_par' dir='ltr' id='par_1_41' title="bbox 1722 3847 3312 3931">
     <span class='ocr_line' id='line_1_41' title="bbox 1722 3847 3312 3931; baseline -0.008 -3"><span class='ocrx_word' id='word_1_527' title='bbox 1722 3888 1846 3928; x_wconf 91' lang='lat' dir='ltr'><strong>rum</strong></span> <span class='ocrx_word' id='word_1_528' title='bbox 1869 3847 1927 3927; x_wconf 71' lang='lat' dir='ltr'><strong>et</strong></span> <span class='ocrx_word' id='word_1_529' title='bbox 1953 3847 2502 3927; x_wconf 89' lang='lat' dir='ltr'><strong>circummanentium</strong></span> <span class='ocrx_word' id='word_1_530' title='bbox 2537 3867 2837 3931; x_wconf 89' lang='lat' dir='ltr'><strong>consistat;</strong></span> <span class='ocrx_word' id='word_1_531' title='bbox 2884 3872 2941 3920; x_wconf 89' lang='lat' dir='ltr'><strong>et</strong></span> <span class='ocrx_word' id='word_1_532' title='bbox 2989 3864 3043 3922; x_wconf 89' lang='lat' dir='ltr'><strong>in</strong></span> <span class='ocrx_word' id='word_1_533' title='bbox 3094 3864 3312 3917; x_wconf 91' lang='lat' dir='ltr'><strong>hostem</strong></span> 
     </span>
    </p>
   </div>
   <div class='ocr_carea' id='block_1_42' title="bbox 127 3940 1611 4032">
    <p class='ocr_par' dir='ltr' id='par_1_42' title="bbox 127 3940 1611 4032">
     <span class='ocr_line' id='line_1_42' title="bbox 127 3940 1611 4032; baseline 0.015 -49"><span class='ocrx_word' id='word_1_534' title='bbox 127 3943 382 4032; x_wconf 68' lang='lat' dir='ltr'><strong>communem</strong></span> <span class='ocrx_word' id='word_1_535' title='bbox 410 3940 635 3998; x_wconf 89' lang='lat' dir='ltr'><strong>salutem</strong></span> <span class='ocrx_word' id='word_1_536' title='bbox 664 3951 719 4000; x_wconf 86' lang='lat' dir='ltr'><strong>et</strong></span> <span class='ocrx_word' id='word_1_537' title='bbox 744 3945 1025 4012; x_wconf 87' lang='lat' dir='ltr'><strong>honorem,</strong></span> <span class='ocrx_word' id='word_1_538' title='bbox 1053 3955 1108 4003; x_wconf 87' lang='lat' dir='ltr'><strong>et</strong></span> <span class='ocrx_word' id='word_1_539' title='bbox 1133 3948 1198 4002; x_wconf 90' lang='lat' dir='ltr'><strong>ad</strong></span> <span class='ocrx_word' id='word_1_540' title='bbox 1228 3949 1410 4020; x_wconf 91' lang='lat' dir='ltr'><strong>populi</strong></span> <span class='ocrx_word' id='word_1_541' title='bbox 1472 3951 1611 4006; x_wconf 80' lang='lat' dir='ltr'><strong>chri-</strong></span> 
     </span>
    </p>
   </div>
   <div class='ocr_carea' id='block_1_43' title="bbox 1713 3940 3313 4032">
    <p class='ocr_par' dir='ltr' id='par_1_43' title="bbox 1721 3950 3313 4031">
     <span class='ocr_line' id='line_1_43' title="bbox 1721 3950 3313 4031; baseline -0.006 -17"><span class='ocrx_word' id='word_1_542' title='bbox 1721 3960 1808 4017; x_wconf 89' lang='lat' dir='ltr'><strong>vel</strong></span> <span class='ocrx_word' id='word_1_543' title='bbox 1834 3961 1901 4016; x_wconf 91' lang='lat' dir='ltr'><strong>ad</strong></span> <span class='ocrx_word' id='word_1_544' title='bbox 1925 3959 2184 4031; x_wconf 91' lang='lat' dir='ltr'><strong>placitum</strong></span> <span class='ocrx_word' id='word_1_545' title='bbox 2207 3957 2322 4013; x_wconf 87' lang='lat' dir='ltr'><strong>sive</strong></span> <span class='ocrx_word' id='word_1_546' title='bbox 2361 3955 2428 4011; x_wconf 91' lang='lat' dir='ltr'><strong>ad</strong></span> <span class='ocrx_word' id='word_1_547' title='bbox 2457 3963 2667 4011; x_wconf 89' lang='lat' dir='ltr'><strong>curtem</strong></span> <span class='ocrx_word' id='word_1_548' title='bbox 2711 3953 2963 4018; x_wconf 84' lang='lat' dir='ltr'><strong>veniens,</strong></span> <span class='ocrx_word' id='word_1_549' title='bbox 3012 3951 3082 4006; x_wconf 90' lang='lat' dir='ltr'><strong>de</strong></span> <span class='ocrx_word' id='word_1_550' title='bbox 3105 3965 3206 4006; x_wconf 91' lang='lat' dir='ltr'><strong>suo</strong></span> <span class='ocrx_word' id='word_1_551' title='bbox 3230 3950 3313 4005; x_wconf 83' lang='lat' dir='ltr'><strong>sic</strong></span> 
     </span>
    </p>
   </div>
   <div class='ocr_carea' id='block_1_44' title="bbox 126 4027 3310 4118">
    <p class='ocr_par' dir='ltr' id='par_1_44' title="bbox 126 4027 3310 4118">
     <span class='ocr_line' id='line_1_44' title="bbox 126 4027 3310 4118; baseline 0.013 -44"><span class='ocrx_word' id='word_1_552' title='bbox 126 4027 231 4118; x_wconf 60' lang='lat' dir='ltr'><strong>sucini</strong></span> <span class='ocrx_word' id='word_1_553' title='bbox 261 4029 348 4086; x_wconf 90' lang='lat' dir='ltr'><strong>illis</strong></span> <span class='ocrx_word' id='word_1_554' title='bbox 368 4033 634 4090; x_wconf 90' lang='lat' dir='ltr'><strong>commissi</strong></span> <span class='ocrx_word' id='word_1_555' title='bbox 684 4037 1080 4094; x_wconf 87' lang='lat' dir='ltr'><strong>salvamentum</strong></span> <span class='ocrx_word' id='word_1_556' title='bbox 1129 4049 1184 4096; x_wconf 87' lang='lat' dir='ltr'><strong>et</strong></span> <span class='ocrx_word' id='word_1_557' title='bbox 1226 4056 1441 4112; x_wconf 82' lang='lat' dir='ltr'><strong>pacem,</strong></span> <span class='ocrx_word' id='word_1_558' title='bbox 1471 4053 1528 4100; x_wconf 89' lang='lat' dir='ltr'><strong>et</strong></span> <span class='ocrx_word' id='word_1_559' title='bbox 1551 4045 1620 4102; x_wconf 92' lang='lat' dir='ltr'><strong>ad</strong></span> <span class='ocrx_word' id='word_1_560' title='bbox 1720 4027 1986 4110; x_wconf 76' lang='lat' dir='ltr'><strong>warnitus</strong></span> <span class='ocrx_word' id='word_1_561' title='bbox 2012 4051 2081 4108; x_wconf 88' lang='lat' dir='ltr'><strong>de</strong></span> <span class='ocrx_word' id='word_1_562' title='bbox 2105 4051 2268 4106; x_wconf 90' lang='lat' dir='ltr'><strong>domo</strong></span> <span class='ocrx_word' id='word_1_563' title='bbox 2299 4063 2400 4104; x_wconf 79' lang='lat' dir='ltr'><strong>sua</strong></span> <span class='ocrx_word' id='word_1_564' title='bbox 2425 4056 2661 4112; x_wconf 75' lang='lat' dir='ltr'><strong>moveat.</strong></span> <span class='ocrx_word' id='word_1_565' title='bbox 2692 4054 2752 4102; x_wconf 84' lang='grc' dir='ltr'><strong>υι</strong></span> <span class='ocrx_word' id='word_1_566' title='bbox 2789 4061 2914 4102; x_wconf 79' lang='lat' dir='ltr'><strong>cum</strong></span> <span class='ocrx_word' id='word_1_567' title='bbox 2938 4059 3071 4118; x_wconf 74' lang='lat' dir='ltr'><strong>pace</strong></span> <span class='ocrx_word' id='word_1_568' title='bbox 3091 4034 3310 4109; x_wconf 49' lang='lat' dir='ltr'><strong>Venire,</strong></span> 
     </span>
    </p>
   </div>
   <div class='ocr_carea' id='block_1_45' title="bbox 127 4111 2888 4210">
    <p class='ocr_par' dir='ltr' id='par_1_45' title="bbox 127 4111 2888 4210">
     <span class='ocr_line' id='line_1_45' title="bbox 127 4111 2888 4210; baseline 0.01 -40"><span class='ocrx_word' id='word_1_569' title='bbox 127 4111 222 4184; x_wconf 72' lang='lat' dir='ltr'><strong>lcges</strong></span> <span class='ocrx_word' id='word_1_570' title='bbox 251 4134 301 4177; x_wconf 88' lang='lat' dir='ltr'><strong>ac</strong></span> <span class='ocrx_word' id='word_1_571' title='bbox 338 4123 551 4192; x_wconf 80' lang='lat' dir='ltr'><strong>iustitiae</strong></span> <span class='ocrx_word' id='word_1_572' title='bbox 595 4139 756 4200; x_wconf 87' lang='lat' dir='ltr'><strong>atque</strong></span> <span class='ocrx_word' id='word_1_573' title='bbox 783 4139 946 4189; x_wconf 78' lang='lat' dir='ltr'><strong>recta:</strong></span> <span class='ocrx_word' id='word_1_574' title='bbox 986 4134 1216 4191; x_wconf 90' lang='lat' dir='ltr'><strong>rationis</strong></span> <span class='ocrx_word' id='word_1_575' title='bbox 1232 4111 1616 4194; x_wconf 17' lang='lat' dir='ltr'><strong>iconservatio-</strong></span> <span class='ocrx_word' id='word_1_576' title='bbox 1719 4157 1874 4203; x_wconf 84' lang='lat' dir='ltr'><strong>stare</strong></span> <span class='ocrx_word' id='word_1_577' title='bbox 1899 4153 1954 4202; x_wconf 90' lang='lat' dir='ltr'><strong>et</strong></span> <span class='ocrx_word' id='word_1_578' title='bbox 1980 4144 2050 4199; x_wconf 86' lang='lat' dir='ltr'><strong>ad</strong></span> <span class='ocrx_word' id='word_1_579' title='bbox 2073 4143 2291 4199; x_wconf 91' lang='lat' dir='ltr'><strong>domum</strong></span> <span class='ocrx_word' id='word_1_580' title='bbox 2313 4153 2465 4198; x_wconf 90' lang='lat' dir='ltr'><strong>suam</strong></span> <span class='ocrx_word' id='word_1_581' title='bbox 2497 4139 2676 4196; x_wconf 89' lang='lat' dir='ltr'><strong>redire</strong></span> <span class='ocrx_word' id='word_1_582' title='bbox 2697 4139 2888 4210; x_wconf 80' lang='lat' dir='ltr'><strong>possit.</strong></span> 
     </span>
    </p>
   </div>
   <div class='ocr_carea' id='block_1_46' title="bbox 127 4216 3314 4342">
    <p class='ocr_par' dir='ltr' id='par_1_46' title="bbox 127 4216 3314 4342">
     <span class='ocr_line' id='line_1_46' title="bbox 127 4216 2796 4295; baseline 0.013 -40"><span class='ocrx_word' id='word_1_583' title='bbox 127 4216 221 4272; x_wconf 85' lang='lat' dir='ltr'><strong>nem,</strong></span> <span class='ocrx_word' id='word_1_584' title='bbox 247 4224 477 4280; x_wconf 88' lang='lat' dir='ltr'><strong>quantum</strong></span> <span class='ocrx_word' id='word_1_585' title='bbox 519 4217 622 4275; x_wconf 88' lang='lat' dir='ltr'><strong>illis</strong></span> <span class='ocrx_word' id='word_1_586' title='bbox 653 4221 797 4278; x_wconf 89' lang='lat' dir='ltr'><strong>Deus</strong></span> <span class='ocrx_word' id='word_1_587' title='bbox 841 4223 986 4279; x_wconf 90' lang='lat' dir='ltr'><strong>scire</strong></span> <span class='ocrx_word' id='word_1_588' title='bbox 1031 4233 1086 4280; x_wconf 90' lang='lat' dir='ltr'><strong>et</strong></span> <span class='ocrx_word' id='word_1_589' title='bbox 1126 4239 1285 4295; x_wconf 88' lang='lat' dir='ltr'><strong>posse</strong></span> <span class='ocrx_word' id='word_1_590' title='bbox 1313 4226 1614 4294; x_wconf 84' lang='lat' dir='ltr'><strong>donaverit,</strong></span> <span class='ocrx_word' id='word_1_591' title='bbox 2091 4279 2102 4290; x_wconf 93' lang='lat'><strong>.</strong></span> <span class='ocrx_word' id='word_1_592' title='bbox 2785 4273 2796 4289; x_wconf 64' lang='grc' dir='ltr'><strong>ν</strong></span> 
     </span>
     <span class='ocr_line' id='line_1_47' title="bbox 127 4270 3314 4342; baseline -0.004 -6"><span class='ocrx_word' id='word_1_593' title='bbox 127 4304 210 4342; x_wconf 72' lang='grc' dir='ltr'><strong>γεω</strong></span> <span class='ocrx_word' id='word_1_594' title='bbox 229 4303 418 4342; x_wconf 50' lang='lat' dir='ltr'><strong>mnu“,</strong></span> <span class='ocrx_word' id='word_1_595' title='bbox 469 4318 519 4342; x_wconf 74' lang='grc' dir='ltr'><strong>η.</strong></span> <span class='ocrx_word' id='word_1_596' title='bbox 549 4312 840 4342; x_wconf 46' lang='lat' dir='ltr'><strong>comma...“</strong></span> <span class='ocrx_word' id='word_1_597' title='bbox 866 4314 1006 4342; x_wconf 56' lang='grc' dir='ltr'><strong>,ηηλ</strong></span> <span class='ocrx_word' id='word_1_598' title='bbox 1058 4315 1160 4342; x_wconf 66' lang='grc' dir='ltr'><strong>ειη,</strong></span> <span class='ocrx_word' id='word_1_599' title='bbox 1219 4317 1617 4342; x_wconf 46' lang='lat' dir='ltr'><strong>“mum...”</strong></span> <span class='ocrx_word' id='word_1_600' title='bbox 1719 4281 1944 4338; x_wconf 80' lang='lat' dir='ltr'><strong>Summa</strong></span> <span class='ocrx_word' id='word_1_601' title='bbox 1985 4277 2338 4342; x_wconf 70' lang='lat' dir='ltr'><strong>capitulorum</strong></span> <span class='ocrx_word' id='word_1_602' title='bbox 2383 4291 2502 4342; x_wconf 74' lang='lat' dir='ltr'><strong>qua:</strong></span> <span class='ocrx_word' id='word_1_603' title='bbox 2562 4274 2704 4342; x_wconf 82' lang='lat' dir='ltr'><strong>apud</strong></span> <span class='ocrx_word' id='word_1_604' title='bbox 2754 4270 3314 4342; x_wconf 11' lang='lat' dir='ltr'><strong>Lonﬂuentesgumodo</strong></span> 
     </span>
    </p>
   </div>
   <div class='ocr_carea' id='block_1_47' title="bbox 127 4292 1611 4422">
    <p class='ocr_par' dir='ltr' id='par_1_47' title="bbox 127 4292 1611 4422">
     <span class='ocr_line' id='line_1_48' title="bbox 127 4292 1611 4422; baseline 0.015 -69"><span class='ocrx_word' id='word_1_605' title='bbox 127 4303 438 4422; x_wconf 57' lang='lat' dir='ltr'><strong>:frolcqnsilio,</strong></span> <span class='ocrx_word' id='word_1_606' title='bbox 469 4318 522 4365; x_wconf 89' lang='lat' dir='ltr'><strong>et</strong></span> <span class='ocrx_word' id='word_1_607' title='bbox 548 4312 841 4368; x_wconf 90' lang='lat' dir='ltr'><strong>secundum</strong></span> <span class='ocrx_word' id='word_1_608' title='bbox 865 4314 1008 4384; x_wconf 91' lang='lat' dir='ltr'><strong>quod</strong></span> <span class='ocrx_word' id='word_1_609' title='bbox 1057 4315 1163 4372; x_wconf 91' lang='lat' dir='ltr'><strong>illis</strong></span> <span class='ocrx_word' id='word_1_610' title='bbox 1219 4292 1611 4375; x_wconf 78' lang='lat' dir='ltr'><strong>rationabiliter</strong></span> 
     </span>
     <span class='ocr_line' id='line_1_49' title="bbox 178 4395 1542 4422; baseline 0 0"><span class='ocrx_word' id='word_1_611' title='bbox 178 4400 215 4422; x_wconf 67' lang='grc' dir='ltr'><strong><em>Μ</em></strong></span> <span class='ocrx_word' id='word_1_612' title='bbox 235 4407 259 4422; x_wconf 84' lang='grc' dir='ltr'>ιι</span> <span class='ocrx_word' id='word_1_613' title='bbox 279 4395 411 4422; x_wconf 63' lang='lat' dir='ltr'><strong>mh..-</strong></span> <span class='ocrx_word' id='word_1_614' title='bbox 437 4401 679 4422; x_wconf 66' lang='lat' dir='ltr'><strong>_-_-:Ln-</strong></span> <span class='ocrx_word' id='word_1_615' title='bbox 742 4403 773 4422; x_wconf 66' lang='lat'><strong>1-,</strong></span> <span class='ocrx_word' id='word_1_616' title='bbox 812 4421 823 4422; x_wconf 34' lang='grc' dir='ltr'><em>γ</em></span> <span class='ocrx_word' id='word_1_617' title='bbox 840 4403 903 4422; x_wconf 50' lang='grc' dir='ltr'><strong>ης.</strong></span> <span class='ocrx_word' id='word_1_618' title='bbox 966 4405 1000 4422; x_wconf 62' lang='lat' dir='ltr'><strong>,o</strong></span> <span class='ocrx_word' id='word_1_619' title='bbox 1337 4406 1387 4422; x_wconf 72' lang='grc' dir='ltr'><strong>σι·</strong></span> <span class='ocrx_word' id='word_1_620' title='bbox 1508 4408 1542 4422; x_wconf 76' lang='grc' dir='ltr'><strong>υ</strong></span> 
     </span>
    </p>
   </div>
   <div class='ocr_carea' id='block_1_48' title="bbox 1713 4292 3312 4422">
    <p class='ocr_par' dir='ltr' id='par_1_48' title="bbox 1719 4292 3312 4422">
     <span class='ocr_line' id='line_1_50' title="bbox 1719 4292 3312 4350; baseline -0.009 -12"><span class='ocrx_word' id='word_1_621' title='bbox 1719 4292 1944 4338; x_wconf 62' lang='lat' dir='ltr'><strong>Summa</strong></span> <span class='ocrx_word' id='word_1_622' title='bbox 1985 4292 2338 4350; x_wconf 68' lang='lat' dir='ltr'><strong>capitulorum</strong></span> <span class='ocrx_word' id='word_1_623' title='bbox 2383 4292 2502 4347; x_wconf 75' lang='lat' dir='ltr'><strong>qua:</strong></span> <span class='ocrx_word' id='word_1_624' title='bbox 2562 4292 2703 4343; x_wconf 82' lang='lat' dir='ltr'><strong>apua</strong></span> <span class='ocrx_word' id='word_1_625' title='bbox 2754 4292 3090 4342; x_wconf 60' lang='lat' dir='ltr'><strong>conﬂuentes</strong></span> <span class='ocrx_word' id='word_1_626' title='bbox 3152 4292 3312 4324; x_wconf 86' lang='lat' dir='ltr'><strong>moao</strong></span> 
     </span>
     <span class='ocr_line' id='line_1_51' title="bbox 1788 4339 3312 4422; baseline -0.009 -15"><span class='ocrx_word' id='word_1_627' title='bbox 1788 4360 2060 4422; x_wconf 76' lang='lat' dir='ltr'><strong>acceptam</strong></span> <span class='ocrx_word' id='word_1_628' title='bbox 2081 4360 2204 4422; x_wconf 71' lang='lat' dir='ltr'><strong>sum</strong></span> <span class='ocrx_word' id='word_1_629' title='bbox 2226 4365 2260 4402; x_wconf 90' lang='lat' dir='ltr'><strong>a</strong></span> <span class='ocrx_word' id='word_1_630' title='bbox 2276 4345 2566 4402; x_wconf 74' lang='lat' dir='ltr'><strong>senioribus</strong></span> <span class='ocrx_word' id='word_1_631' title='bbox 2591 4344 2780 4400; x_wconf 80' lang='lat' dir='ltr'><strong>nostris</strong></span> <span class='ocrx_word' id='word_1_632' title='bbox 2797 4344 3001 4413; x_wconf 83' lang='lat' dir='ltr'><strong>regibus</strong></span> <span class='ocrx_word' id='word_1_633' title='bbox 3027 4349 3076 4396; x_wconf 83' lang='lat' dir='ltr'><strong>et</strong></span> <span class='ocrx_word' id='word_1_634' title='bbox 3094 4339 3312 4394; x_wconf 82' lang='lat' dir='ltr'><strong>illorum</strong></span> 
     </span>
    </p>
   </div>
   <div class='ocr_carea' id='block_1_49' title="bbox 127 4387 2336 4488">
    <p class='ocr_par' dir='ltr' id='par_1_49' title="bbox 127 4387 2336 4488">
     <span class='ocr_line' id='line_1_52' title="bbox 127 4387 2336 4488; baseline -0.002 -34"><span class='ocrx_word' id='word_1_635' title='bbox 127 4387 411 4488; x_wconf 44' lang='lat' dir='ltr'><strong>f‘nluliriter</strong></span> <span class='ocrx_word' id='word_1_636' title='bbox 437 4401 685 4470; x_wconf 88' lang='lat' dir='ltr'><strong>possibile</strong></span> <span class='ocrx_word' id='word_1_637' title='bbox 741 4403 926 4471; x_wconf 85' lang='lat' dir='ltr'><strong>fuerit,</strong></span> <span class='ocrx_word' id='word_1_638' title='bbox 957 4405 1171 4463; x_wconf 90' lang='lat' dir='ltr'><strong>sincero</strong></span> <span class='ocrx_word' id='word_1_639' title='bbox 1224 4406 1426 4465; x_wconf 78' lang='lat' dir='ltr'><strong>auxilio</strong></span> <span class='ocrx_word' id='word_1_640' title='bbox 1457 4408 1615 4480; x_wconf 88' lang='lat' dir='ltr'><strong>adju-</strong></span> 
     </span>
    </p>
   </div>
   <div class='ocr_carea' id='block_1_50' title="bbox 130 4479 1611 4566">
    <p class='ocr_par' dir='ltr' id='par_1_50' title="bbox 130 4479 1611 4566">
     <span class='ocr_line' id='line_1_53' title="bbox 130 4479 1611 4566; baseline 0.016 -33"><span class='ocrx_word' id='word_1_641' title='bbox 130 4479 221 4534; x_wconf 78' lang='lat' dir='ltr'><strong>lores</strong></span> <span class='ocrx_word' id='word_1_642' title='bbox 245 4484 326 4540; x_wconf 89' lang='lat' dir='ltr'><strong>sibi</strong></span> <span class='ocrx_word' id='word_1_643' title='bbox 351 4488 568 4549; x_wconf 85' lang='lat' dir='ltr'><strong>invicem</strong></span> <span class='ocrx_word' id='word_1_644' title='bbox 618 4495 684 4550; x_wconf 92' lang='lat' dir='ltr'><strong>ad</strong></span> <span class='ocrx_word' id='word_1_645' title='bbox 731 4503 957 4566; x_wconf 75' lang='lat' dir='ltr'><strong>regnum</strong></span> <span class='ocrx_word' id='word_1_646' title='bbox 990 4497 1198 4553; x_wconf 87' lang='lat' dir='ltr'><strong>illorum</strong></span> <span class='ocrx_word' id='word_1_647' title='bbox 1226 4479 1611 4556; x_wconf 85' lang='lat' dir='ltr'><strong>continendum</strong></span> 
     </span>
    </p>
   </div>
   <div class='ocr_carea' id='block_1_51' title="bbox 128 4576 1612 4668">
    <p class='ocr_par' dir='ltr' id='par_1_51' title="bbox 128 4576 1612 4668">
     <span class='ocr_line' id='line_1_54' title="bbox 128 4576 1612 4668; baseline 0.013 -40"><span class='ocrx_word' id='word_1_648' title='bbox 128 4576 248 4668; x_wconf 48' lang='lat' dir='ltr'><strong>eEunt,</strong></span> <span class='ocrx_word' id='word_1_649' title='bbox 271 4585 316 4631; x_wconf 88' lang='lat' dir='ltr'><strong>et</strong></span> <span class='ocrx_word' id='word_1_650' title='bbox 334 4595 424 4636; x_wconf 90' lang='lat' dir='ltr'><strong>nec</strong></span> <span class='ocrx_word' id='word_1_651' title='bbox 443 4583 492 4638; x_wconf 90' lang='lat' dir='ltr'><strong>in</strong></span> <span class='ocrx_word' id='word_1_652' title='bbox 519 4585 645 4648; x_wconf 83' lang='lat' dir='ltr'><strong>vita,</strong></span> <span class='ocrx_word' id='word_1_653' title='bbox 671 4601 772 4642; x_wconf 90' lang='lat' dir='ltr'><strong>nec</strong></span> <span class='ocrx_word' id='word_1_654' title='bbox 796 4586 849 4640; x_wconf 92' lang='lat' dir='ltr'><strong>in</strong></span> <span class='ocrx_word' id='word_1_655' title='bbox 873 4587 1153 4655; x_wconf 89' lang='lat' dir='ltr'><strong>membris,</strong></span> <span class='ocrx_word' id='word_1_656' title='bbox 1177 4589 1354 4660; x_wconf 76' lang='lat' dir='ltr'><strong>neque</strong></span> <span class='ocrx_word' id='word_1_657' title='bbox 1375 4590 1430 4646; x_wconf 92' lang='lat' dir='ltr'><strong>in</strong></span> <span class='ocrx_word' id='word_1_658' title='bbox 1445 4605 1612 4664; x_wconf 84' lang='lat' dir='ltr'><strong>regno</strong></span> 
     </span>
    </p>
   </div>
   <div class='ocr_carea' id='block_1_52' title="bbox 127 4657 1266 4750">
    <p class='ocr_par' dir='ltr' id='par_1_52' title="bbox 127 4657 1266 4750">
     <span class='ocr_line' id='line_1_55' title="bbox 127 4657 1266 4750; baseline 0.025 -40"><span class='ocrx_word' id='word_1_659' title='bbox 127 4657 259 4730; x_wconf 81' lang='lat' dir='ltr'><strong>aliquis</strong></span> <span class='ocrx_word' id='word_1_660' title='bbox 276 4684 440 4730; x_wconf 88' lang='lat' dir='ltr'><strong>eorum</strong></span> <span class='ocrx_word' id='word_1_661' title='bbox 463 4691 615 4733; x_wconf 86' lang='lat' dir='ltr'><strong>suum</strong></span> <span class='ocrx_word' id='word_1_662' title='bbox 636 4693 822 4750; x_wconf 89' lang='lat' dir='ltr'><strong>parem</strong></span> <span class='ocrx_word' id='word_1_663' title='bbox 851 4657 1266 4740; x_wconf 88' lang='lat' dir='ltr'><strong>forconsiliabit.</strong></span> 
     </span>
    </p>
   </div>
   <div class='ocr_carea' id='block_1_53' title="bbox 318 4737 3024 4837">
    <p class='ocr_par' dir='ltr' id='par_1_53' title="bbox 318 4737 3024 4837">
     <span class='ocr_line' id='line_1_56' title="bbox 318 4737 3024 4837; baseline 0.006 -21"><span class='ocrx_word' id='word_1_664' title='bbox 318 4737 654 4824; x_wconf 50' lang='lat' dir='ltr'><strong>Adnuntiatio-</strong></span> <span class='ocrx_word' id='word_1_665' title='bbox 673 4779 844 4825; x_wconf 77' lang='lat' dir='ltr'><strong>autem</strong></span> <span class='ocrx_word' id='word_1_666' title='bbox 872 4737 1084 4828; x_wconf 72' lang='lat' dir='ltr'><strong>illorum</strong></span> <span class='ocrx_word' id='word_1_667' title='bbox 1111 4737 1221 4828; x_wconf 65' lang='lat' dir='ltr'><strong>isto</strong></span> <span class='ocrx_word' id='word_1_668' title='bbox 1232 4737 1341 4830; x_wconf 6' lang='lat' dir='ltr'><strong>dest.</strong></span> <span class='ocrx_word' id='word_1_669' title='bbox 1719 4737 2498 4837; x_wconf 59' lang='lat' dir='ltr'><strong>m‘?““i“‘9.&quot;.’.‘&quot;.°‘?.‘3“&quot;e‘&quot;&#39;.&#39;</strong></span> <span class='ocrx_word' id='word_1_670' title='bbox 2534 4824 2549 4837; x_wconf 89' lang='lat'><strong>.</strong></span> <span class='ocrx_word' id='word_1_671' title='bbox 2593 4823 2608 4837; x_wconf 88' lang='lat'><strong>.</strong></span> <span class='ocrx_word' id='word_1_672' title='bbox 2725 4822 2758 4837; x_wconf 78' lang='lat'><strong>..</strong></span> <span class='ocrx_word' id='word_1_673' title='bbox 2829 4836 2836 4837; x_wconf 54' lang='lat'><strong><em>,</em></strong></span> <span class='ocrx_word' id='word_1_674' title='bbox 2895 4821 2908 4834; x_wconf 93' lang='lat'><strong>.</strong></span> <span class='ocrx_word' id='word_1_675' title='bbox 2934 4820 2976 4837; x_wconf 22' lang='grc' dir='ltr'><strong>,ί</strong></span> <span class='ocrx_word' id='word_1_676' title='bbox 3012 4819 3024 4831; x_wconf 94' lang='grc'><strong>.</strong></span> 
     </span>
    </p>
   </div>
   <div class='ocr_carea' id='block_1_54' title="bbox 172 4823 3328 4936">
    <p class='ocr_par' dir='ltr' id='par_1_54' title="bbox 172 4823 3328 4936">
     <span class='ocr_line' id='line_1_57' title="bbox 172 4823 3328 4936; baseline -0.011 -26"><span class='ocrx_word' id='word_1_677' title='bbox 172 4842 208 4897; x_wconf 71' lang='grc' dir='ltr'><strong>ι.</strong></span> <span class='ocrx_word' id='word_1_678' title='bbox 236 4847 346 4915; x_wconf 87' lang='lat' dir='ltr'><strong>Quia</strong></span> <span class='ocrx_word' id='word_1_679' title='bbox 391 4856 528 4933; x_wconf 71' lang='lat'><strong>(153)</strong></span> <span class='ocrx_word' id='word_1_680' title='bbox 575 4823 1415 4936; x_wconf 48' lang='lat' dir='ltr'><strong>mnamqigi&#39;i,;},;,;;,;;,a</strong></span> <span class='ocrx_word' id='word_1_681' title='bbox 1442 4865 1612 4923; x_wconf 49' lang='lat' dir='ltr'><strong>ﬁrmi-</strong></span> <span class='ocrx_word' id='word_1_682' title='bbox 1787 4835 1843 4890; x_wconf 76' lang='lat'><strong>2.</strong></span> <span class='ocrx_word' id='word_1_683' title='bbox 1875 4829 2106 4905; x_wconf 63' lang='lat' dir='ltr'><strong>Equo)</strong></span> <span class='ocrx_word' id='word_1_684' title='bbox 2130 4830 2196 4886; x_wconf 88' lang='lat' dir='ltr'><strong>de</strong></span> <span class='ocrx_word' id='word_1_685' title='bbox 2215 4827 2430 4884; x_wconf 91' lang='lat' dir='ltr'><strong>illorum</strong></span> <span class='ocrx_word' id='word_1_686' title='bbox 2461 4823 2796 4896; x_wconf 83' lang='lat' dir='ltr'><strong>indulgentia</strong></span> <span class='ocrx_word' id='word_1_687' title='bbox 2817 4823 2910 4893; x_wconf 90' lang='lat' dir='ltr'><strong>qui</strong></span> <span class='ocrx_word' id='word_1_688' title='bbox 2934 4823 3116 4936; x_wconf 76' lang='lat' dir='ltr'><strong>inisto</strong></span> <span class='ocrx_word' id='word_1_689' title='bbox 3136 4832 3328 4889; x_wconf 83' lang='lat' dir='ltr'><strong>regno</strong></span> 
     </span>
    </p>
   </div>
   <div class='ocr_carea' id='block_1_55' title="bbox 132 4932 3346 5022">
    <p class='ocr_par' dir='ltr' id='par_1_55' title="bbox 132 4932 3346 5022">
     <span class='ocr_line' id='line_1_58' title="bbox 132 4932 3346 5022; baseline -0.002 -32"><span class='ocrx_word' id='word_1_690' title='bbox 132 4933 483 5022; x_wconf 21' lang='lat' dir='ltr'><strong>la‘t-econtinetur,</strong></span> <span class='ocrx_word' id='word_1_691' title='bbox 500 4932 755 5020; x_wconf 87' lang='lat' dir='ltr'><strong>deinceps</strong></span> <span class='ocrx_word' id='word_1_692' title='bbox 775 4932 1288 5022; x_wconf 26' lang='lat' dir='ltr'><strong>observarevol’unt,</strong></span> <span class='ocrx_word' id='word_1_693' title='bbox 1309 4966 1363 5013; x_wconf 87' lang='lat' dir='ltr'><strong>et</strong></span> <span class='ocrx_word' id='word_1_694' title='bbox 1380 4959 1610 5016; x_wconf 80' lang='lat' dir='ltr'><strong>Domino</strong></span> <span class='ocrx_word' id='word_1_695' title='bbox 1717 4947 2129 5018; x_wconf 87' lang='lat' dir='ltr'><strong>mispriserunt,</strong></span> <span class='ocrx_word' id='word_1_696' title='bbox 2174 4942 2221 4997; x_wconf 90' lang='lat' dir='ltr'><strong>si</strong></span> <span class='ocrx_word' id='word_1_697' title='bbox 2275 4955 2335 4997; x_wconf 87' lang='lat' dir='ltr'><strong>se</strong></span> <span class='ocrx_word' id='word_1_698' title='bbox 2381 4937 2816 5010; x_wconf 86' lang='lat' dir='ltr'><strong>recognoverint,</strong></span> <span class='ocrx_word' id='word_1_699' title='bbox 2868 4942 2924 4990; x_wconf 82' lang='lat' dir='ltr'><strong>et</strong></span> <span class='ocrx_word' id='word_1_700' title='bbox 2975 4932 3236 5022; x_wconf 80' lang='lat' dir='ltr'><strong>deinceps</strong></span> <span class='ocrx_word' id='word_1_701' title='bbox 3301 4955 3346 4998; x_wconf 58' lang='grc' dir='ltr'><strong>ι</strong></span> 
     </span>
    </p>
   </div>
   <div class='ocr_carea' id='block_1_56' title="bbox 130 5017 3373 5116">
    <p class='ocr_par' dir='ltr' id='par_1_56' title="bbox 130 5017 3373 5116">
     <span class='ocr_line' id='line_1_59' title="bbox 130 5017 3373 5116; baseline -0.013 4"><span class='ocrx_word' id='word_1_702' title='bbox 130 5017 336 5116; x_wconf 37' lang='lat' dir='ltr'><strong>adimam</strong></span> <span class='ocrx_word' id='word_1_703' title='bbox 353 5017 720 5096; x_wconf 60' lang='grc' dir='ltr'><strong>θδδθννθυυηί·</strong></span> <span class='ocrx_word' id='word_1_704' title='bbox 922 5017 928 5022; x_wconf 24' lang='grc'><strong>⁷</strong></span> <span class='ocrx_word' id='word_1_705' title='bbox 1273 5017 1284 5022; x_wconf 17' lang='lat' dir='ltr'><strong><em>ﬁ</em></strong></span> <span class='ocrx_word' id='word_1_706' title='bbox 1717 5017 1920 5098; x_wconf 88' lang='lat' dir='ltr'><strong>talibus</strong></span> <span class='ocrx_word' id='word_1_707' title='bbox 1975 5052 2034 5093; x_wconf 90' lang='lat' dir='ltr'><strong>se</strong></span> <span class='ocrx_word' id='word_1_708' title='bbox 2091 5049 2286 5092; x_wconf 88' lang='lat' dir='ltr'><strong>cavere</strong></span> <span class='ocrx_word' id='word_1_709' title='bbox 2333 5030 2631 5096; x_wconf 86' lang='lat' dir='ltr'><strong>voluerint,</strong></span> <span class='ocrx_word' id='word_1_710' title='bbox 2683 5035 2738 5084; x_wconf 89' lang='lat' dir='ltr'><strong>et</strong></span> <span class='ocrx_word' id='word_1_711' title='bbox 2787 5027 2843 5082; x_wconf 90' lang='lat' dir='ltr'><strong>in</strong></span> <span class='ocrx_word' id='word_1_712' title='bbox 2892 5039 3059 5095; x_wconf 83' lang='lat' dir='ltr'><strong>regno</strong></span> <span class='ocrx_word' id='word_1_713' title='bbox 3093 5020 3373 5094; x_wconf 52' lang='lat' dir='ltr'><strong>paciﬁci</strong></span> 
     </span>
    </p>
   </div>
   <div class='ocr_carea' id='block_1_57' title="bbox 1636 4544 3312 4628">
    <p class='ocr_par' dir='ltr' id='par_1_57' title="bbox 1636 4544 3312 4628">
     <span class='ocr_line' id='line_1_60' title="bbox 1636 4544 3312 4628; baseline -0.011 -13"><span class='ocrx_word' id='word_1_714' title='bbox 1636 4563 1693 4624; x_wconf 90' lang='lat' dir='ltr'><strong>D</strong></span> <span class='ocrx_word' id='word_1_715' title='bbox 1792 4560 1846 4614; x_wconf 80' lang='grc'><strong>1.</strong></span> <span class='ocrx_word' id='word_1_716' title='bbox 1883 4558 1962 4612; x_wconf 91' lang='lat' dir='ltr'><strong>De</strong></span> <span class='ocrx_word' id='word_1_717' title='bbox 1994 4555 2142 4628; x_wconf 75' lang='lat' dir='ltr'><strong>(MS)</strong></span> <span class='ocrx_word' id='word_1_718' title='bbox 2193 4553 2407 4609; x_wconf 91' lang='lat' dir='ltr'><strong>illorum</strong></span> <span class='ocrx_word' id='word_1_719' title='bbox 2437 4548 2730 4606; x_wconf 89' lang='lat' dir='ltr'><strong>concordia</strong></span> <span class='ocrx_word' id='word_1_720' title='bbox 2776 4555 2829 4602; x_wconf 92' lang='lat' dir='ltr'><strong>et</strong></span> <span class='ocrx_word' id='word_1_721' title='bbox 2879 4544 3121 4602; x_wconf 88' lang='lat' dir='ltr'><strong>fraterna</strong></span> <span class='ocrx_word' id='word_1_722' title='bbox 3170 4559 3312 4599; x_wconf 86' lang='lat' dir='ltr'><strong>con—</strong></span> 
     </span>
    </p>
   </div>
   <div class='ocr_carea' id='block_1_58' title="bbox 1713 4634 3314 4720">
    <p class='ocr_par' dir='ltr' id='par_1_58' title="bbox 1713 4634 3314 4720">
     <span class='ocr_line' id='line_1_61' title="bbox 1713 4634 3314 4720; baseline -0.011 -12"><span class='ocrx_word' id='word_1_723' title='bbox 1713 4649 1996 4720; x_wconf 76' lang='lat' dir='ltr'><strong>iunctione</strong></span> <span class='ocrx_word' id='word_1_724' title='bbox 2020 4657 2185 4716; x_wconf 86' lang='lat' dir='ltr'><strong>atque</strong></span> <span class='ocrx_word' id='word_1_725' title='bbox 2213 4652 2402 4700; x_wconf 89' lang='lat' dir='ltr'><strong>mutuo</strong></span> <span class='ocrx_word' id='word_1_726' title='bbox 2447 4639 2738 4711; x_wconf 72' lang='lat' dir='ltr'><strong>adiutorio,</strong></span> <span class='ocrx_word' id='word_1_727' title='bbox 2784 4637 2926 4694; x_wconf 90' lang='lat' dir='ltr'><strong>sicut</strong></span> <span class='ocrx_word' id='word_1_728' title='bbox 2964 4637 3020 4692; x_wconf 90' lang='lat' dir='ltr'><strong>in</strong></span> <span class='ocrx_word' id='word_1_729' title='bbox 3063 4634 3314 4706; x_wconf 87' lang='lat' dir='ltr'><strong>cognita-</strong></span> 
     </span>
    </p>
   </div>
  </div>
