3960 6320
148 340 236 396 681
1161 341 1583 399 FRANCORUM
1619 338 1857 394 REGle
1899 336 2377 394 CAPITL'LARIA.

3273 341 3376 394 683

145 464 363 521 ριιειιιιοι·
383 451 634 508 denarios
657 452 724 509 de
745 469 911 510 censu
933 455 1280 520 dominicam,
1302 463 1356 510 ει
1379 463 1610 525 quatuor
1632 453 1697 507 de
1725 443 1771 500 A
1799 463 1903 518 que
1924 447 2144 511 solidos,
2175 461 2204 500 a
2232 462 2340 516 quo
2366 446 2645 500 minimum
2662 487 2676 511 ,
2724 456 2954 516 quatuor
2991 446 3242 502 denarios
3301 450 3373 501 De

143 555 237 594 sua
256 540 537 608 facultate;
562 541 628 596 de
649 543 830 597 servili
851 560 980 600 vero
1001 546 1135 600 duos
1157 545 1405 599 denarios
1427 545 1493 598 de
1515 557 1700 608 censu,

140 640 192 683 et
219 631 281 686 de
304 646 399 686 sua
427 631 686 686 facultate
713 632 867 688 duos.
895 633 970 689 De
999 635 1250 689 omnibus
1277 649 1405 689 vero
1429 633 1700 698 ecclesiis,

147 720 502 790 unusquisque
537 721 820 793 episcopus
842 723 925 778 vel
953 724 1122 779 abbas
1148 723 1214 777 de
1240 739 1335 779 sua
1364 723 1702 778 solummodo

156 816 396 871 potestate
444 809 743 879 accipiant,
793 811 858 865 de
903 813 1236 882 presbyteris
1276 827 1308 865 a
1359 826 1702 881 quocumque

154 899 416 972 ph.rimum
459 899 662 955 solidos
690 901 926 971 quinque
949 941 966 968 ,
1006 911 1060 958 et
1101 903 1167 956 de
1199 916 1522 971 unoquoque
1543 899 1698 968 juxta

148 988 274 1060 quod
296 987 558 1058 possibile
585 987 779 1056 fuerit;
809 989 888 1046 ita
917 999 1029 1045 uta
1055 1006 1165 1062 quo
1193 989 1510 1061 plurimum,
1541 989 1698 1066 quiue

1808 537 2055 593 ecclesiis
2104 552 2234 591 vero
2281 552 2416 605 quas
2468 538 2694 591 comites
2741 546 2796 592 et
2849 538 3063 592 vassalli
3120 538 3373 592 dominici

1806 629 2028 693 habent,
2058 643 2150 683 seu
2180 629 2246 682 de
2274 629 2376 682 illis
2415 628 2503 696 qui
2535 644 2655 682 cum
2687 629 2900 683 seniore
2934 637 3118 684 nostro
3147 644 3376 698 pergere

1806 719 2037 781 debent,
2092 718 2205 772 sive
2242 717 2332 786 qui
2371 717 2774 781 remanserint,
2820 718 3102 788 episcopus
3139 720 3192 772 in
3221 718 3374 785 cujus

1804 808 2092 878 parrochia
2127 809 2428 863 consistunt
2456 809 2748 862 secundum
2773 818 3124 877 praetaxatum
3150 808 3372 864 modum

1801 897 2052 965 accipere
2079 898 2409 966 procurabit.
2457 898 2533 951 De
2573 899 2818 952 ecclesiis
2851 912 2978 953 vero
3017 899 3374 967 imperatricis

1799 987 2089 1057 episcopus
2113 985 2363 1042 similiter
2388 987 2613 1058 accipiet
2641 997 2936 1058 przetaxato
2961 988 3140 1044 modo.

1139 1182 1394 1240 KAROLI
1433 1183 1475 1239 ll
1510 1180 1812 1240 EDICTUM
1849 1181 2363 1238 CARISIACE'NSE.

1509 1364 1635 1435 (An.
1663 1362 1785 1420 86L
1823 1362 1988 1434 λειω)

193 1541 521 1599 Constitutio
558 1542 678 1596 hac
723 1541 793 1598 de
836 1549 1052 1597 moneta
1090 1553 1192 1610 ope
1233 1539 1477 1595 codicum
1523 1538 1897 1596 Laudunensis
1939 1543 1995 1593 et
2023 1535 2418 1595 Bellovaccnsis
2465 1536 2638 1593 mutili
2685 1551 2718 1592 a
2757 1537 3050 1595 Sirmondo
3074 1538 3223 1596 edita
3263 1548 3317 1596 et
3344 1555 3376 1596 a

139 1611 348 1668 Baluzio
381 1613 611 1683 repetita
639 1621 742 1668 est.

141 1784 245 1840 Hoc
275 1785 498 1841 edictum
523 1783 792 1856 constituit
821 1783 1043 1856 domnus
1067 1783 1298 1856 Karolus
1325 1783 1383 1856 in,
1405 1782 1696 1844 Carisiaco,
1727 1764 1774 1824 Β
1801 1783 2009 1839 venerit
2038 1783 2184 1838 illum
2225 1784 2506 1839 denarium
2537 1798 2744 1838 merum
2772 1793 2825 1839 et
2867 1785 3004 1840 bene
3036 1793 3376 1856 pensantem,

406 1870 546 1907 anno
577 1853 956 1907 incarnationis
979 1853 1266 1908 Dominij
1292 1854 1414 1908 861.

201 1967 258 2021 In
283 1967 502 2021 nomine
527 1975 728 2021 sancte
748 1975 807 2021 et
833 1966 1122 2021 itndividuae
1146 1967 1424 2022 trinitatis.
1445 1967 1698 2034 Karolus,

133 2060 305 2129 gratia
331 2058 425 2112 Dei
454 2072 571 2122 rex,
603 2058 856 2114 omnibus
884 2058 1035 2129 regni
1075 2059 1244 2113 nostri
1281 2057 1545 2112 fidelibus.
1573 2060 1703 2113 Per-

137 2151 280 2203 venit
325 2150 387 2204 ad
433 2164 554 2214 nos,
586 2150 710 2218 quia
734 2149 874 2218 quod
911 2151 979 2204 ad
1013 2151 1260 2204 timorem
1307 2149 1699 2215 incutiendum,

137 2254 208 2292 ne
229 2239 416 2308 aliquis
441 2239 642 2294 bonum
683 2239 988 2304 denarium,
1030 2239 1086 2294 id
1130 2248 1214 2293 est
1249 2253 1455 2294 merum
1486 2248 1539 2294 et
1565 2238 1702 2295 bene

135 2339 488 2397 pensantem,
535 2329 743 2383 reicere
783 2329 1000 2393 audeat,
1044 2344 1194 2385 more
1238 2331 1701 2400 praedecessorum

140 2428 438 2472 nostrorum
469 2433 567 2487 pro
603 2419 840 2488 generali
878 2420 1110 2474 utilitate
1151 2420 1303 2490 regni
1347 2421 1520 2476 nostri
1553 2437 1705 2477 com-

140 2507 525 2572 mendavimus,
549 2507 714 2578 aliqui
756 2510 903 2564 missi
945 2511 1012 2564 ad
1057 2511 1160 2564 hoc
1201 2512 1552 2565 constitutum
1581 2527 1704 2566 exe-

137 2600 424 2667 quendum,
451 2600 632 2654 minus
657 2601 1017 2670 intelligentes
1044 2601 1384 2656 devotionem
1412 2601 1705 2657 voluntatis

142 2697 354 2752 nostrae,
367 2697 420 2743 et
432 2689 788 2758 obsequentes
805 2689 1086 2744 intentioni
1101 2704 1212 2744 suae
1227 2689 1537 2755 voluntatis,
1552 2705 1708 2760 quas-

139 2779 259 2831 dam
275 2781 697 2845 adinventioues,
712 2781 855 2849 quod
870 2780 1095 2834 multum
1111 2781 1370 2836 Dominus
1384 2782 1704 2850 detestatur,

140 2877 195 2921 et
222 2869 272 2923 in
303 2870 606 2926 mallationc
647 2881 702 2926 et
744 2871 796 2926 in
836 2870 1120 2927 exactione
1146 2870 1545 2939 intromittunt;
1584 2887 1708 2928 cum

145 2956 275 3012 ineo
301 2961 437 3028 quod
460 2960 531 3013 ad
565 2960 714 3030 regni
745 2960 1028 3015 utilitatem
1049 2958 1271 3029 iubetur
1288 2969 1343 3015 et
1367 2962 1566 3032 agitur,
1601 2977 1708 3016 non

141 3046 340 3112 privata
396 3057 582 3102 contra
636 3050 942 3118 generalem
991 3050 1274 3105 utilitatem
1330 3052 1706 3118 commoditas,

1802 1883 1861 1928 ut
1912 1874 2185 1936 cambiare
2213 1874 2361 1927 illum
2392 1873 2652 1928 mercanti
2675 1872 2882 1940 jubeat.
2935 1874 2994 1928 Si
3028 1885 3204 1929 autem
3229 1875 3376 1930 illum

1801 1965 2079 2020 denarium
2099 1964 2298 2018 bonum
2323 1963 2610 2027 invenerit,
2633 1962 2935 2017 consideret
2960 1971 3176 2017 aetatem
3213 1972 3267 2017 et
3299 1962 3380 2015 in-

1805 2057 2113 2112 firmitatem
2137 2064 2189 2110 et
2211 2071 2397 2110 sexum
2432 2056 2688 2120 hominis,
2742 2055 2865 2126 quia
2897 2065 2950 2112 et
2995 2056 3208 2112 feminae
3255 2057 3382 2111 bar-

1805 2145 2027 2200 caniare
2043 2145 2189 2216 (M9)
2218 2145 2408 2210 solent,
2432 2155 2484 2199 et
2500 2153 2596 2198 aut
2619 2145 2830 2210 ictibus,
2846 2146 3213 2215 proutviderit
3236 2162 3382 2201 com-

1798 2244 2004 2306 petere,
2034 2244 2128 2289 aut
2155 2235 2372 2290 minutis
2391 2236 2557 2306 virgis
2582 2251 2704 2290 cum
2747 2236 2956 2290 ratione
2975 2245 3028 2290 et
3051 2237 3376 2292 discretione

1806 2327 1954 2381 illum
1975 2327 2066 2396 qui
2085 2326 2363 2381 denarium
2381 2327 2579 2380 bonum
2603 2325 2807 2396 rejeeit,
2831 2326 3088 2394 castiget;
3111 2335 3380 2394 quatenus

1803 2426 1858 2471 et
1885 2405 2326 2470 ceteri'timorem
2372 2417 2628 2480 habeant,
2669 2424 2724 2469 et
2767 2415 2928 2469 homo
2954 2416 3247 2470 crudeliter
3272 2432 3380 2470 non

1805 2508 2110 2562 damnetur.
2160 2507 2225 2561 Et
2261 2507 2352 2576 qui
2405 2515 2547 2582 post,
2579 2506 2723 2560 hunc
2771 2516 3085 2576 praesentem
3146 2505 3380 2560 bannum

1805 2599 2054 2654 inventus
2078 2599 2238 2653 fuerit
2267 2613 2364 2667 pro
2394 2597 2487 2651 tali
2528 2597 2871 2665 correptione
2914 2612 3020 2652 non
3061 2598 3378 2666 castigatus,

1806 2689 2003 2743 habeat
2028 2689 2225 2743 missus
2246 2687 2322 2742 rei
2356 2685 2581 2758 publica:
2615 2687 2666 2740 in
2703 2686 3013 2742 civitatibus
3044 2695 3099 2740 et
3138 2687 3188 2740 in
3240 2701 3383 2740 mer-

1805 2778 1945 2832 catis
1988 2777 2265 2831 denarium
2320 2775 2400 2830 sic
2464 2773 2801 2838 affectatum,
2871 2783 2930 2829 ut
2986 2775 3380 2845 deprehensum

1810 2869 1862 2924 in
1887 2869 2065 2924 fronte
2083 2867 2306 2923 denario
2348 2865 2608 2922 calefacto
2657 2866 2819 2924 salvis
2877 2867 3032 2921 venis
3073 2866 3252 2922 taliter
3291 2867 3396 2921 co-'

1809 2967 1960 3029 quat,
1991 2967 2051 3013 ut
2081 2959 2194 3028 ipse
2227 2958 2388 3012 homo
2441 2966 2496 3013 et
2549 2956 2714 3010 ceteri
2754 2955 3104 3026 castigentur,
3134 2966 3187 3010 et
3222 2957 3382 3011 homo

1811 3064 1917 3104 non
1964 3059 2178 3118 pereat,
2235 3057 2290 3101 et
2347 3047 2650 3102 videntibus
2718 3046 2931 3116 signum
3007 3046 3380 3116 castigationis

146 3149 314 3203 neque
337 3138 550 3207 aliquod
573 3150 726 3210 turpe
744 3140 976 3207 lucrum,
1007 3143 1148 3212 quod
1172 3143 1224 3197 in
1253 3142 1548 3198 christiana
1581 3143 1705 3198 reli-
1732 3130 1778 3192 C
1807 3140 2074 3194 ostendat.
2104 3137 2249 3192 Missi
2276 3144 2456 3191 autem
2492 3135 2663 3191 nostri
2689 3136 2908 3191 colonos
2937 3145 2994 3191 et
3037 3152 3222 3192 servos
3250 3135 3399 3206 pau-I

149 3225 296 3292 gione
319 3238 372 3282 et
401 3229 453 3281 in
489 3231 630 3299 regia
663 3232 924 3300 dignitate
950 3244 1044 3286 aut
1072 3235 1126 3287 in
1153 3235 1440 3290 missorum
1474 3234 1712 3290 fidelium

148 3315 444 3371 sinceritate
471 3333 576 3372 nou
602 3321 881 3384 condecet,
912 3336 970 3375 se
993 3321 1151 3376 debet
1173 3323 1278 3378 ullo
1291 3325 1450 3380 modo
1465 3325 1710 3380 miscere.

148 3403 426 3474 Propterea
449 3409 812 3463 necessarium
839 3411 1090 3467 duximus
1112 3421 1170 3465 ut
1192 3416 1713 3472 commendationem

154 3505 375 3551 nostram
410 3513 478 3551 ex
508 3499 610 3552 hoc
652 3500 890 3553 scribere
935 3516 1270 3571 rogaremus,
1305 3518 1424 3572 quae
1459 3519 1526 3559 ex
1564 3521 1714 3561 more

154 3585 199 3637 in
227 3598 405 3644 nostro
453 3589 658 3659 palatio
705 3591 845 3660 apud
889 3593 1272 3647 caueellarium
1309 3595 1626 3660 retineatur,
1657 3605 1712 3649 et

154 3675 280 3734 inde
313 3697 408 3751 per
455 3683 650 3737 missos
699 3693 914 3738 nostros
955 3685 1247 3756 dirigatur;
1295 3695 1354 3740 ut
1404 3703 1562 3742 nemo
1619 3703 1714 3757 per

159 3766 518 3836 ignorantiam,
554 3787 712 3828 nemo
759 3790 855 3843 per
885 3775 1203 3830 industriam
1243 3777 1310 3831 ab
1335 3791 1398 3831 ea
1423 3776 1599 3832 valeat
1624 3778 1713 3832 de-

159 3859 307 3914 viare.
337 3862 485 3916 Unde
515 3862 762 3919 volumus
805 3867 934 3934 quia
964 3875 1019 3920 et
1069 3867 1230 3921 timor
1266 3867 1411 3922 utilis
1449 3876 1506 3922 et
1529 3869 1712 3924 consi-

77 3965 82 3972 ·
160 3946 347 4005 deratio
387 3952 698 4007 misericors
764 3963 820 4008 et
868 3955 1122 4010 discretio
1167 3957 1444 4012 moderata
1498 3959 1551 4012 in
1611 3959 1715 4014 hac

161 4044 606 4099 commendatione
649 4055 832 4100 nostra
877 4056 958 4102 est
1002 4048 1305 4102 necessaria
1333 4057 1552 4118 propter
1579 4065 1714 4119 pau-

163 4138 401 4190 pertatem
437 4133 739 4198 hominum,
766 4135 892 4205 quia
941 4152 1160 4192 necesse
1182 4137 1285 4192 fuit
1334 4139 1384 4192 in
1419 4139 1535 4194 istis
1581 4150 1714 4194 tem-

164 4218 358 4279 poribus
385 4223 690 4291 conjectum
738 4225 806 4278 de
850 4225 955 4281 illis
1011 4228 1254 4296 accipere
1292 4237 1348 4282 et
1379 4229 1446 4283 ad
1493 4229 1712 4284 navium

166 4312 608 4379 compositionem,
662 4327 719 4369 et
770 4316 824 4370 in
872 4316 1327 4374 Nortmannorum
1377 4336 1558 4384 causa,
1615 4336 1712 4391 pro

163 4401 315 4468 regni,
371 4403 517 4458 sicut
567 4420 656 4460 res
705 4409 968 4479 cor-jacet,
1019 4411 1370 4478 salvamento,
1422 4422 1481 4466 ut
1521 4428 1711 4468 omnes

161 4503 484 4560 cognoscant,
509 4497 601 4566 qui
632 4513 737 4552 non
784 4510 1046 4570 quazstum
1094 4503 1456 4572 inhonestum,
1483 4506 1576 4560 sed
1619 4522 1714 4576 pu-
1743 4481 1791 4540 D

163 4578 336 4636 blicam
364 4587 514 4655 regni
565 4587 853 4643 utilitatem
897 4592 1205 4659 quaerimus.
1239 4593 1458 4662 (Anscc.
1499 4611 1569 4656 tv,
1598 4595 1713 4665 50.)

164 4669 305 4724 calva
329 4675 716 4730 constitutione
766 4687 820 4732 et
844 4677 1236 4747 inpostmodurn
1257 4681 1378 4748 jure
1405 4683 1715 4740 tit-niissin

163 4772 517 4831 permanente,
548 4781 669 4836 quae
691 4770 742 4822 in
770 4770 1048 4838 capitulari
1077 4773 1162 4826 avi
1187 4782 1241 4829 et
1260 4775 1429 4844 patris
1453 4777 1619 4830 nostri
1647 4791 1711 4830 ex

161 4848 250 4906 lioc
269 4855 464 4926 scripta
482 4857 730 4925 habetur,
751 4861 976 4931 quilibet
1003 4863 1241 4921 Francus
1261 4867 1420 4923 homo
1441 4869 1718 4924 convictus

159 4941 269 5008 quia
293 4944 496 5001 bonum
524 4949 822 5017 denarium,
851 4952 904 5006 id
932 4961 1037 5017 est,
1081 4969 1287 5010 merum
1327 4967 1381 5012 et
1423 4959 1559 5014 bene
1589 4974 1716 5028 pen-

157 5046 376 5099 santem,
403 5049 526 5108 post
552 5041 694 5096 hunc
718 5043 950 5098 bannum
980 5055 1222 5101 nostrum
1252 5048 1493 5118 ejecerit,
1520 5051 1716 5106 medie-

156 5133 312 5183 tatem
337 5127 605 5184 Francilis
653 5133 815 5188 bauni
845 5146 1149 5204 componat.
1197 5138 1273 5193 De
1297 5140 1502 5196 colonis
1535 5151 1713 5198 autem

153 5228 202 5272 et
224 5219 397 5274 servis
433 5221 718 5290 cujuslibet
771 5229 1069 5295 potestatis,
1117 5230 1161 5283 si
1192 5230 1243 5284 in
1292 5232 1603 5288 civitatibus
1629 5234 1714 5288 vel

146 5310 402 5366 mercati:
423 5313 545 5368 aliis
594 5316 956 5384 deprehensus
984 5320 1180 5389 aliquis
1226 5319 1390 5375 fuerit
1434 5324 1713 5379 denarium

147 5398 376 5467 reicere,
421 5401 618 5458 missus
639 5405 716 5460 rei
756 5407 983 5476 publica:
1027 5411 1326 5478 provideat,
1356 5415 1476 5469 utsi
1502 5432 1607 5470 non
1634 5417 1714 5470 iu-

1813 3244 1970 3298 peres
1991 3227 2274 3298 cujuslibet
2320 3227 2600 3297 potestatis
2621 3243 2728 3282 non
2772 3227 2991 3282 mallent
3018 3243 3119 3282 nec
3151 3229 3385 3283 bannum

1812 3319 2115 3374 Francilem
2171 3317 2379 3372 solvere
2420 3327 2644 3390 cogant;
2687 3319 2804 3387 sed,
2835 3318 3126 3373 advocatus
3174 3334 3383 3382 eorum,

1813 3426 1921 3465 non
1948 3425 2068 3464 cum
2098 3408 2274 3478 aliqua
2303 3423 2440 3462 nova
2479 3409 2882 3472 adinventioue,
2922 3409 3013 3464 sed
3043 3409 3168 3479 quia
3199 3409 3265 3463 de
3290 3425 3387 3462 sua

1811 3501 2166 3555 advocatione
2190 3499 2366 3554 coloni
2395 3498 2478 3552 vel
2501 3500 2638 3552 servi
2671 3508 2855 3552 contra
2877 3500 3113 3553 bannum
3141 3508 3388 3552 nostrum

1815 3591 2012 3646 bonum
2038 3591 2341 3656 denarium,
2366 3591 2419 3645 id
2447 3600 2550 3657 est,
2583 3607 2788 3646 merum
2811 3603 2865 3648 et
2886 3595 3024 3648 bene
3047 3605 3384 3663 pensantem,

1815 3680 2116 3751 rejecerint,
2156 3681 2299 3735 sicut
2350 3682 2433 3735 lex
2483 3693 2564 3737 est
2610 3683 2878 3738 malletur.
2909 3682 2976 3737 Et
3017 3684 3389 3754 unusquisque

1813 3774 2106 3828 advocatus
2146 3788 2244 3842 pro
2285 3773 2538 3829 omnibus
2564 3775 2629 3829 de
2659 3792 2754 3830 sua
2785 3777 3164 3842 advocatione,
3213 3780 3256 3832 si
3290 3793 3388 3832 suo

1814 3871 2152 3916 sacramento
2177 3877 2270 3916 eos
2314 3863 2664 3935 incnlpabiles
2711 3866 2776 3919 de
2825 3867 2926 3920 hoc
2971 3867 3148 3921 bauno
3203 3876 3390 3922 nostro

1815 3959 2040 4015 reddere
2079 3975 2183 4014 non
2211 3962 2465 4030 potuerit,
2505 3978 2666 4016 tmmn
2700 3971 2906 4016 tantum
2955 3963 3222 4033 integrum
3253 3964 3387 4016 ban-

1815 4063 1942 4103 num
1968 4059 2275 4120 componat,
2306 4051 2357 4104 in
2387 4052 2782 4115 convenientia,
2815 4060 2873 4104 ut
2917 4067 3039 4106 cum
3068 4051 3392 4105 ministeria-

1814 4138 1955 4194 libus
2001 4140 2067 4195 de
2118 4156 2216 4195 sua
2267 4142 2636 4206 advocatione,
2693 4156 2827 4210 quos
2885 4141 3151 4195 invenerit
3199 4150 3390 4195 contra

1813 4229 1958 4285 hunc
1983 4231 2217 4285 bannmn
2247 4241 2492 4286 nostrum
2525 4231 2735 4296 fecisse,
2768 4233 2908 4286 sicut
2936 4248 3096 4302 supra
3130 4233 3386 4294 diximus,

1816 4337 1936 4376 cum
1966 4324 2269 4378 necessaria
2293 4333 2348 4378 et
2375 4326 2650 4378 moderata
2701 4324 3023 4379 discretione
3047 4325 3296 4394 castiget.
3327 4323 3392 4377 Et

1816 4415 1860 4467 si
1890 4430 2051 4469 causa
2081 4417 2340 4486 exegerit,
2392 4425 2450 4471 ut
2477 4417 2773 4472 advocatus
2808 4418 2873 4471 de
2905 4433 3010 4473 uno
3041 4418 3153 4472 solo
3200 4417 3392 4471 colono

1817 4505 1898 4558 vel
1959 4520 2118 4560 servo
2169 4507 2418 4561 malletur
2458 4509 2580 4577 quia
2623 4521 2808 4562 contra
2846 4508 3079 4562 bannum
3142 4519 3386 4562 nostrum

1815 4596 2024 4660 fecerit,
2051 4597 2316 4662 nolumus,
2336 4599 2459 4666 quia
2487 4614 2586 4654 nec
2599 4600 2684 4653 lex
2707 4609 2810 4663 est,
2833 4609 2908 4664 ut,
2928 4600 3062 4654 sicut
3087 4592 3396 4654 audivimus

1816 4686 2022 4754 aliquos
2087 4688 2525 4756 interprendere,
2581 4690 2872 4744 advocatus
2931 4689 3173 4743 Francus
3236 4706 3387 4743 suam

1816 4777 2008 4847 legem,
2041 4779 2134 4832 sed
2158 4779 2328 4833 coloni
2354 4781 2438 4834 vel
2465 4782 2605 4835 servi
2627 4782 2692 4835 de
2714 4798 2809 4836 sua
2838 4781 3189 4837 advocatione
3215 4783 3388 4854 legem

1818 4877 2133 4936 componat;
2159 4869 2261 4924 nisi
2287 4867 2425 4925 forte
2455 4871 2567 4940 ipse
2598 4886 2720 4926 eum
2748 4872 2799 4926 in
2851 4873 2953 4928 hoc
2998 4873 3272 4929 induxerit
3299 4875 3388 4944 qni

1818 4967 2007 5013 contra
2033 4969 2275 5014 nostrum
2292 4961 2481 5015 fecerit
2501 4962 2755 5016 bannum.
2782 4963 2930 5019 llanc
2950 4974 3124 5019 autem
3149 4973 3390 5019 nostram

1821 5046 2161 5115 depraesenti
2205 5057 2446 5117 tempore
2481 5049 2945 5115 constitutionem,
2989 5052 3134 5106 salva
3186 5052 3394 5119 inpost-

1820 5139 2061 5203 modutn,
2085 5148 2144 5192 ut
2170 5139 2424 5204 diximus,
2454 5155 2519 5194 ex
2566 5141 2668 5195 hoc
2697 5142 3150 5210 praedecessorum
3181 5151 3394 5195 nostro-

1820 5244 1940 5293 rum
1963 5229 2370 5298 constitutione,
2402 5239 2452 5285 et
2477 5231 2753 5300 in‘palatio
2775 5241 2960 5287 nostro
2988 5232 3115 5286 etin
3159 5230 3391 5285 civitati-

1824 5319 1988 5382 tilius,
2016 5329 2071 5374 et
2102 5319 2153 5374 in
2185 5319 2360 5374 mallis
2385 5328 2546 5390 atque
2572 5321 2624 5375 in
2650 5321 2862 5391 placitis
2888 5337 2982 5377 seu
3025 5322 3077 5376 in
3111 5321 3388 5389 merentis,

1822 5407 2003 5478 relegi,
2043 5408 2374 5480 adcognitari
2417 5419 2470 5466 et
2499 5411 2773 5466 observari
2807 5411 3142 5468 mandamus.

1667 5538 1895 5596 NOTAE.

220 5654 371 5726 (M9)
411 5654 630 5724 Anglice
658 5667 711 5710 to
751 5658 1010 5730 bargain;
1046 5662 1182 5719 Call.
1220 5667 1553 5742 bnrguigner,
1589 5672 1840 5731 licitando
1867 5681 2129 5735 cunctari.

515 5750 783 5814 PATBOL.
831 5753 1234 5844 CXXXi'lll.
