3876 5326
1350 356 1635 412 APPEND.
1676 358 1771 414 AD
1807 358 1979 414 S.‘EC.
2021 358 2066 412 Χ
2105 389 2171 399 --
2211 358 2642 416 MONUMENTA
2684 365 3158 425 DiPLOMATICA.
3775 380 3850 430 GH

1710 468 1963 526 KAROLI
1999 469 2043 524 ll
2081 468 2397 528 SYNODUS
2435 471 2803 533 PISTENSIS.

1904 622 2027 695 (An.
2044 622 2167 678 862.
2189 623 2351 709 lunia
2373 626 2624 695 ineunte.)

590 778 605 797 '
688 771 1047 859 ﬁnitionibus
1082 774 1373 859 $irmonili_
1385 772 2035 859 et’Balnziiuadliibuimus
2060 781 2272 839 codices
2300 782 2355 852 5)
2385 782 2515 838 bibl.
2544 784 2701 855 regia:
2724 784 2898 841 Paris.
2933 788 3072 843 inter
3097 786 3479 859 Supplementa
3505 789 3691 848 Latina
3725 811 3768 851 η.
3796 782 3850 852 ’73

633 860 688 905 et
713 854 769 921 ι)
801 851 928 906 bibl.
952 852 1193 921 ejusdem
1219 852 1468 919 n.'476l,
1488 850 2117 907 BaluziiiDivionensem.

698 1024 760 1080 In
802 1025 1019 1081 nomine
1062 1032 1264 1115 sanetae
1304 1037 1354 1082 et
1399 1027 1687 1083 individua:
1720 1028 2000 1094 trinitatis,
2026 1029 2211 1085 AKaro-
2315 1047 2483 1103 usque
2511 1036 2577 1090 ad
2605 1047 2816 1105 partum
2837 1040 3080 1105 veniunt,
3093 1038 3309 1110 quando
3324 1047 3446 1109 apta
3464 1041 3685 1096 consilia
3710 1052 3845 1115 usque

627 1113 737 1182 ius,
770 1117 943 1187 gratia
973 1118 1065 1172 Dei
1098 1110 1213 1180 rex.
1264 1129 1318 1174 ct
1352 1120 1613 1190 cpisc0pi,
1641 1120 1865 1176 abbates
1894 1135 2127 1190 quoque,
2154 1130 2208 1176 et
2306 1123 2375 1176 ad
2400 1124 2729 1182 desiderium
2762 1127 3024 1185 elficiendi
3069 1129 3249 1197 operis
3289 1129 3625 1198 procedunt;
3653 1132 3737 1187 sed
3758 1110 3839 1189 vir-

628 1210 877 1274 comites,
909 1225 973 1265 ac
999 1212 1162 1265 ceteri
1194 1210 1248 1265 in
1295 1211 1512 1266 Christo
1563 1212 1733 1266 renati
1785 1211 2110 1282 lidéles,‘qui
2139 1227 2204 1267 ex

630 1296 861 1354 diversis
898 1299 1194 1368 provinciis
1222 1314 1386 1369 super
1416 1298 1635 1354 ﬂuvium
1684 1299 2011 1370 Sequanam,
2042 1300 2095 1354 in
2124 1300 2204 1354 lo-

626 1404 751 1444 cum
769 1389 858 1458 qui
882 1388 1046 1443 Pistis
1062 1387 1276 1450 dicitur,
1297 1387 1382 1442 ubi
1397 1388 1738 1458 exigentibus
1757 1389 1993 1457 peccatis
2006 1388 2204 1444 nostris
2244 1444 2247 1445 ν

626 1477 940 1547 aliquandiu
991 1478 1145 1533 sedes
1195 1477 1299 1532 fuit
1352 1476 1828 1544 Nortmannorum,
1855 1480 2202 1533 convenimus

624 1584 769 1624 anno
789 1564 1178 1624 incarnationis
1200 1566 1489 1623 Dominica:
1505 1569 1608 1623 862
1621 1569 1713 1635 ’7',
1730 1583 1871 1623 anno
1886 1569 2094 1624 νοτοῆ
2107 1570 2200 1602 ἠ·

622 1664 776 1735 regni
791 1663 971 1719 damni
988 1661 1154 1717 nostri
1172 1661 1353 1716 Karoli
1374 1661 1515 1732 regis
1535 1661 1776 1733 gloriosi,
1796 1662 2088 1719 indictione
2108 1662 2196 1717 10.

692 1757 746 1811 1.
788 1754 965 1826 Reges
990 1764 1044 1808 et
1083 1753 1321 1823 episcopi
1370 1754 1612 1822 quiante
1643 1768 1741 1808 nos
1782 1752 2023 1816 fuerunt,
2054 1754 2197 1809 ducti

625 1852 815 1900 amore
832 1852 888 1900 et
917 1844 1109 1898 timore
1131 1843 1335 1907 divino,
1358 1858 1481 1898 cum
1508 1851 1808 1897 ceterorum
1838 1842 2076 1897 ﬁdelium
2102 1844 2194 1899 Dei

617 1932 847 1989 consilio
880 1938 1043 2001 atque
1087 1944 1354 1986 consensu
1401 1929 1552 2001 plura
1590 1940 1893 1985 statuerunt
1939 1932 2192 2001 capitula,

614 2020 967 2091 providentes
980 2016 1219 2089 qualiter
1262 2027 1448 2073 saneta
1498 2018 1592 2072 Dei
1622 2018 1851 2073 ecclesia
1882 2028 2079 2074 statum
2102 2020 2196 2074 de-

610 2111 783 2168 bitum
815 2119 871 2166 et
920 2109 1201 2173 honorem,
1245 2108 1507 2180 =ct°regni
1560 2109 1889 2165 habitatores
1939 2111 1992 2165 in
2044 2112 2191 2166 omni

609 2213 754 2259 statu
787 2211 841 2258 et
879 2203 1067 2257 ordine
1088 2203 1352 2258 haberent
1378 2202 1548 2274 legem
1579 2200 2055 2272 atquejustitiam.
2082 2203 2191 2260 Nos

608 2295 794 2359 etiam,
811 2308 908 2364 pro
928 2292 1187 2363 qualitate
1204 2308 1384 2347 rerum
1405 2303 1460 2347 et
1476 2293 1840 2363 oportunitate
1861 2302 2184 2364 temporum,

609 2386 857 2457 qutedam
880 2385 1007 2440 huic
1033 2400 1210 2440 causa:
1251 2385 1626 2440 convenientia
1658 2385 1890 2454 capitula
1926 2386 2185 2454 superad-

607 2476 862 2531 didimus.
914 2474 1021 2529 Sed
1080 2472 1296 2531 diabolo
1351 2482 1630 2544 satagente
1684 2473 2186 2544 supervenientibus

604 2564 1124 2635 perturbationibus,
1183 2572 1291 2619 tam
1341 2579 1372 2617 a
1417 2564 1641 2635 paganis
1697 2579 1858 2633 quam
1904 2578 1934 2617 a
1968 2564 2187 2618 nomine

608 2665 769 2712 tenus
820 2655 1134 2712 christianis
1196 2655 1575 2711 miserabiliter
1630 2655 1910 2721 excitatis,
1969 2654 2184 2725 incepta

604 2748 749 2804 bona
773 2749 1107 2815 defecerunt,
1163 2758 1218 2803 et
1266 2748 1321 2803 in
1354 2756 1557 2803 tantum
1608 2749 1660 2803 in
1710 2742 2018 2817 hoc'rcgno
2046 2746 2185 2801 mala

592 2840 890 2898 horribilia
919 2842 1287 2906 increverunt,
1316 2850 1375 2895 ut
1403 2841 1454 2895 in
1480 2841 1638 2897 nobis
1659 2841 1934 2897 videamus
1966 2849 2021 2895 et
2053 2855 2178 2895 sen-

600 2932 804 2987 tiamus
830 2930 1153 3001 completum
1177 2930 1321 3001 quod
1343 2931 1471 2987 olim
1492 2940 1575 2987 est
1598 2946 1694 3002 per
1709 2931 2023 3003 prophetam
2049 2946 2185 3001 prse-

604 3019 812 3076 dictum
843 3040 857 3074 :
896 3020 1112 3076 Terram
1160 3030 1379 3075 restram
1426 3020 1480 3073 in
1508 3031 1783 3091 conspectu
1818 3030 1982 3075 vestro
2023 3018 2184 3074 alieni

600 3113 871 3180 devorant,
907 3123 956 3168 et
978 3115 1074 3167 erit
1105 3114 1237 3167 sicut
1278 3113 1329 3165 in
1362 3113 1602 3166 vastitate
1628 3111 1826 3175 hostili,
1854 3121 1910 3167 et
1934 3110 2181 3182 pervenit

599 3205 812 3276 gladius
858 3221 1028 3275 usque
1074 3200 1141 3260 ad
1199 3204 1468 3271 animam;
1506 3205 1755 3274 quoniam
1800 3203 1957 3257 alieni
2006 3205 2182 3258 insur-

598 3291 849 3351 rexerunt.
867 3298 919 3351 in
951 3312 1070 3363 nos,
1112 3306 1162 3351 et
1188 3297 1347 3366 fortes
1374 3297 1688 3366 quasierunt
1718 3296 1922 3351 animas
1946 3303 2176 3363 nostras,

598 3396 648 3441 et
680 3403 784 3441 non
823 3398 1201 3458 proposuerunt
1230 3384 1399 3442 Deum
1440 3398 1561 3442 ante
1612 3394 1941 3457 conspectum
1987 3402 2179 3450 suum;

598 3485 787 3532 contra
820 3492 957 3549 quos
984 3477 1354 3534 defensionem
1369 3478 1705 3548 paravimus,
1730 3478 1823 3532 sed
1848 3478 2178 3533 defensionis

598 3569 818 3635 auxilio,
869 3570 1013 3625 sicut
1053 3585 1276 3625 necesse
1314 3564 1523 3636 fuerat,
1556 3572 1818 3625 hactenus
1856 3572 2023 3642 adjuti
2071 3586 2174 3625 non

596 3671 802 3712 sumus.
856 3657 1007 3713 Unde
1055 3656 1409 3728 compellente
1455 3660 1632 3714 cordis
1678 3660 1862 3714 dolore
1906 3661 2059 3715 nobis
2092 3670 2176 3715 est

2307 1220 2477 1269 tutem
2525 1230 2632 1271 non
2684 1218 2853 1274 habet
2906 1220 3232 1290 parturiens,
3285 1220 3412 1288 quia
3466 1220 3596 1274 dum
3639 1221 3836 1279 inﬁmus

2303 1303 2532 1374 quisque
2586 1308 2809 1362 consilia
2855 1309 3110 1376 concipit,
3162 1309 3277 1363 hzec
3330 1309 3395 1363 ad
3458 1309 3732 1366 utilitatem
3760 1314 3832 1368 ali-

2296 1404 2558 1465 quantam
2609 1412 2705 1466 per
2756 1407 2968 1466 partum
3013 1400 3192 1468 operis
3243 1414 3348 1453 non
3398 1402 3666 1468 producit.
3713 1402 3831 1458 Video

2302 1498 2530 1553 musque
2571 1486 2849 1554 impletum
2889 1489 3030 1557 quod
3080 1504 3110 1542 a
3163 1488 3389 1543 Domino
3427 1499 3512 1543 cst
3566 1499 3683 1545 ante
3722 1509 3825 1561 pra:-

2303 1575 2505 1630 dictum
2554 1577 2749 1648 populo
2796 1590 2983 1634 contra
3030 1581 3356 1636 voluntatem
3407 1591 3567 1636 suam
3616 1580 3822 1639 facienti:

2297 1664 2590 1721 Annthema
2642 1668 2697 1721 in
2758 1669 2926 1723 medio
2975 1671 3225 1724 tui:non
3280 1671 3477 1741 poteris
3521 1680 3654 1726 stare
3689 1689 3820 1726 comat

2298 1754 2522 1809 inimicis
2550 1757 2675 1809 tuis.
2716 1755 2818 1823 Qui
2870 1767 3057 1813 contra
3115 1764 3357 1828 placatus
3404 1759 3723 1829 placentibus
3743 1762 3818 1816 sibi

2298 1842 2433 1897 dixit
2465 1861 2479 1897 :
2514 1841 2708 1897 Nullus
2739 1845 3116 1900 stabit-contra
3146 1862 3255 1900 vos.
3292 1846 3399 1901 Sed
3447 1858 3504 1903 et
3533 1848 3646 1903 ideo
3666 1858 3815 1903 terram

2296 1942 2534 1987 nostram
2560 1933 2611 1987 in
2627 1944 2913 2004 conspectu
2939 1943 3122 1990 nostro
3136 1936 3295 1992 alieni
3319 1937 3595 2000 devorant,
3614 1938 3811 2007 quoniam

2296 2024 2500 2080 alienos
2518 2042 2547 2079 a
2571 2026 2680 2080 Deo
2702 2026 2958 2090 diabolos,
2978 2025 3208 2099 ell‘ugata
3220 2028 3396 2100 gratia
3420 2030 3589 2083 sancti
3613 2028 3808 2097 Spiritus.

2295 2113 2347 2167 in
2371 2114 2580 2169 animas
2606 2123 2818 2170 nostras
2838 2116 3182 2185 rrecepimus.
3232 2117 3354 2172 Ideo
3387 2125 3545 2172 terra'
3560 2127 3716 2171 nostra
3737 2117 3806 2170 dc-

2293 2212 2439 2257 serta
2487 2212 2571 2258 est
2601 2204 2741 2258 sicut
2783 2204 2836 2258 in
2874 2206 3178 2260 vastatione
3228 2205 3434 2273 hostili,
3464 2207 3583 2275 quia
3625 2205 3808 2260 ﬂorcset

2293 2293 2499 2349 fructus
2553 2295 2694 2359 fidei,
2747 2296 2881 2365 spei,
2927 2305 2980 2352 et
3024 2296 3284 2361 caritatis,
3339 2306 3400 2353 et
3445 2297 3802 2359 humilitatis,et

2292 2384 2575 2448 castitatis,
2620 2394 2674 2439 et
2719 2384 3046 2451 sobrietatis,
3095 2401 3159 2440 ac
3184 2395 3492 2440 ceterarum
3523 2386 3737 2439 virtutum
3755 2385 3802 2435 ab

2291 2487 2422 2544 agro
2443 2473 2514 2505 "7
2533 2473 2711 2528 cordis
2732 2474 2901 2528 nostri
2925 2473 3339 2539 devastavimus,
3362 2484 3421 2527 et
3444 2488 3540 2544 pro
3559 2473 3648 2527 illis
3663 2472 3798 2541 spinas

2286 2562 2541 2618 vitiorum
2572 2570 2625 2618 at
2656 2564 2859 2619 urticas
2890 2573 3256 2634 peccatorum,
3282 2571 3339 2618 et
3365 2564 3573 2619 cicutas
3596 2560 3797 2612 ’τυτιηὶ-

2289 2656 2415 2711 tatis
2472 2655 2525 2710 in
2572 2656 2727 2711 nobis
2786 2656 2957 2726 ipsis,
3014 2657 3177 2712 etiam
3232 2656 3545 2712 laborantes
3588 2664 3638 2708 ut
3660 2654 3792 2720 inique

2286 2762 2526 2818 agamus,
2575 2763 2680 2802 non
2713 2748 3015 2803 increscere
3074 2747 3268 2813 solum,
3322 2748 3425 2803 sed
3465 2747 3792 2801 inerementare

2284 2852 2405 2891 cum
2437 2837 2616 2892 studio
2662 2837 2905 2893 fecimus.
2961 2838 3083 2893 Ideo
3122 2839 3463 2894 habitatores
3510 2846 3648 2891 terra:
3670 2832 3787 2887 occisi

2283 2933 2339 2980 et
2368 2925 2536 2995 fugati
2565 2934 2711 2991 sunt,
2743 2926 2865 2995 quia
2895 2941 2993 2982 nos
3036 2927 3180 2997 ipsos
3211 2928 3423 2998 peccati
3442 2925 3619 2997 gladio
3639 2920 3783 2975 occidi-

2282 3031 2423 3083 mus,
2451 3024 2506 3071 et
2527 3017 2707 3071 omnia
2729 3016 2867 3072 bona
2897 3031 3017 3087 qua!
3038 3017 3191 3073 nobis
3206 3018 3468 3073 Dominus
3488 3017 3593 3071 sive
3610 3014 3655 3068 in
3678 3009 3787 3065 intel-

2281 3107 2424 3164 lectu
2457 3108 2709 3175 naturali,
2739 3110 2852 3165 sive
2887 3111 2941 3165 in
2970 3113 3231 3177 doctrina,
3269 3112 3386 3166 sive
3417 3111 3468 3166 in
3498 3104 3781 3170 divitifs,siro
3836 3104 3837 3107 “

2279 3201 2333 3255 in
2384 3200 2702 3266 honoribus,
2759 3201 2875 3257 sive
2924 3203 2977 3257 in
3025 3202 3486 3259 familiaritatibus
3529 3216 3644 3272 quas
3671 3197 3778 3251 nobis

2278 3293 2507 3347 contulit
2527 3294 2667 3362 apud
2693 3293 2849 3349 nobis
2872 3295 3223 3364 potentiores,
3249 3294 3316 3349 ad
3345 3294 3527 3350 carnis
3545 3292 3775 3359 voluptates

2277 3385 2664 3451 convertimus,
2693 3395 2747 3442 et
2776 3401 2875 3441 nos
2904 3395 2960 3442 et
3001 3387 3181 3442 omnia
3233 3399 3352 3457 qua:
3405 3385 3552 3441 nobis
3585 3379 3774 3436 Dominus

2276 3475 2443 3543 dedit,
2470 3477 2537 3532 ab
2564 3476 2707 3532 illius
2734 3477 3028 3542 voluntate,
3056 3493 3153 3549 pro
3177 3494 3281 3549 qua
3305 3478 3462 3534 nobis
3486 3472 3686 3531 facienda
3712 3468 3770 3520 ill:

2276 3567 2516 3629 donavit,
2578 3570 2891 3625 avertimus.
2945 3570 3097 3637 Quod
3158 3571 3525 3641 unusquisque
3562 3568 3700 3636 potest
3734 3558 3768 3609 in

2279 3661 2892 3732 seipse‘recognoscere,
2927 3662 2970 3715 si
3019 3663 3183 3716 etiam
3227 3662 3295 3717 de
3339 3659 3555 3730 singulis
3582 3648 3767 3710 membriS

595 3745 1003 3802 exclamandum
1034 3725 1194 3817 quod
1223 3764 1317 3804 rex
1350 3749 1548 3814 bonus,
1573 3749 1879 3804 obsidionis
1925 3751 2170 3821 angustia
2202 3725 2246 3786 δ
2279 3725 2391 3805 suis
2419 3725 2739 3821 cogitaverit
2768 3750 2897 3820 quid
2952 3751 3079 3807 fecit
3106 3761 3160 3805 et
3191 3750 3316 3820 quid
3367 3725 3650 3817 facit;un
3669 3740 3763 3793 θευῦ

598 3839 903 3906 tribulatus,
931 3839 1278 3903 exclamavit,
1311 3841 1498 3895 dicens
1526 3860 1539 3895 :
1574 3840 1697 3894 Dies
1746 3840 2099 3895 tribulationis
2124 3850 2172 3895 et

594 3930 927 4001 blasphemia:
953 3931 1061 3984 dies
1083 3932 1198 3986 iste.
1228 3930 1489 3986 Venerunt
1515 3932 1817 4001 ﬁliw‘usque
1844 3932 1914 3984 ad
1938 3941 2170 4001 partum,

591 4033 640 4075 et
666 4024 798 4076 vires
834 4039 939 4076 non
966 4022 1117 4075 habet
1158 4023 1474 4093 parturiens.
1526 4021 1650 4077 llaec
1696 4022 1876 4075 omnia
1916 4021 2171 4083 vidimus,

593 4114 862 4168 sensimus
915 4123 971 4167 et
998 4113 1271 4179 dolemus;
1320 4114 1447 4183 quia
1500 4129 1621 4167 cum
1662 4114 1844 4168 hostes
1875 4112 2169 4176 irrue’rnnt,

592 4202 905 4259 defensores
935 4205 1104 4259 nostri
1138 4205 1313 4273 parati
1343 4213 1489 4269 sunt,
1514 4205 1607 4258 sed
1636 4205 1702 4259 ad
1732 4212 2030 4274 praeparata
2062 4216 2169 4257 non

592 4296 1181 4366 convalueruntzquia
1243 4296 1389 4350 illum
1443 4295 1701 4367 Spiritum
1754 4305 2025 4360 sanctum,
2077 4294 2170 4364 qui

596 4389 863 4460 requievit
915 4406 1077 4459 super
1123 4387 1422 4458 adjutorem
1475 4390 1527 4445 in
1574 4390 2063 4459 oportunitatibus,
2115 4388 2167 4441 in

594 4478 963 4547 tribulatione,
987 4481 1261 4537 Christum
1292 4482 1568 4537 dominum
1594 4482 1665 4516 ⁸⁷⁸
1691 4490 1957 4547 nostrum,
1994 4490 2049 4536 et
2071 4480 2168 4521 '7"

590 4584 874 4640 qucmper
903 4571 1298 4641 impositionem
1330 4587 1522 4627 manus
1552 4570 1872 4643 episcopalis
1899 4571 1951 4625 in
1989 4569 2168 4625 consi-

589 4660 843 4730 gnatione
870 4660 1199 4729 accepimus,
1230 4660 1607 4715 contristatum
1640 4659 1889 4730 malignis
1913 4657 2167 4729 operibus

588 4764 621 4802 a
650 4748 804 4803 nobis
840 4746 1213 4820 e'ﬂ‘ugavimus,
1238 4749 1482 4818 spiritum
1514 4748 1721 4802 scilicet
1748 4746 1960 4802 consilii
1988 4754 2042 4800 et
2062 4744 2166 4799 for-

591 4839 867 4905 titudinis;
897 4854 1057 4909 quem
1086 4839 1211 4909 quia
1238 4839 1312 4892 ita
1339 4845 1399 4891 ut
1429 4838 1583 4892 nobis
1615 4851 1834 4891 necesse
1854 4834 2032 4889 fuerat
2058 4849 2161 4889 non

589 4931 871 4995 habemus,
888 4930 1008 4985 ideo
1020 4940 1207 4985 contra
1221 4929 1467 4984 inimicos
1484 4938 1696 4983 nostros
1713 4935 1855 4982 stare
1871 4926 2099 4980 viriliter
2111 4934 2164 4981 et

586 5021 806 5072 vincere
821 5022 1031 5076 fortiter
1053 5036 1157 5076 non
1178 5020 1437 5075 valemus.
1452 5019 1581 5088 Quae
1607 5028 1834 5089 utraque
1861 5020 1960 5074 sibi
1978 5033 2163 5075 ueces-
2193 5070 2244 5098 η

2278 3840 2345 3895 ad
2391 3841 2717 3910 operandam
2768 3857 2920 3896 suam
2972 3841 3199 3897 salutem
3246 3843 3480 3897 donavit.
3506 3839 3576 3892 'Et
3599 3826 3763 3889 sicutde

2274 3929 2534 3984 membris
2577 3930 2820 3999 corporis
2870 3930 3107 3985 inveniet
3154 3930 3293 3999 apud
3355 3930 3593 3999 seipsnm.
3632 3922 3683 3972 ῖ¹²
3715 3914 3759 3965 dc

2274 4018 2532 4073 membris
2558 4020 2753 4073 animae
2782 4020 2984 4091 poterit
3023 4019 3286 4085 invenire,
3318 4034 3438 4089 qua:
3462 4031 3548 4089 per
3564 4002 3754 4082 Spiritali:

2272 4106 2400 4159 vitia
2431 4107 2690 4179 dispergit
2720 4117 2881 4178 atque
2902 4109 3185 4178 disperdit,
3209 4119 3263 4163 et
3290 4108 3547 4179 spiritales
3568 4106 3610 4156 in
3627 4094 3754 4153 sevir-

2273 4202 2415 4250 tutcs
2444 4211 2473 4249 a
2498 4196 2609 4251 Deo
2636 4197 2739 4252 sibi
2791 4198 3034 4253 conlatas
3064 4208 3157 4252 aut
3188 4197 3389 4269 el'l‘ugat
3416 4205 3502 4251 aut
3526 4186 3751 4249 concaleat.

2270 4283 2394 4340 ideo
2421 4285 2664 4342 ecclesia:
2688 4295 2746 4341 et
2773 4287 2912 4342 villa:
2952 4287 3185 4342 incensae
3213 4298 3359 4351 sunt,
3390 4287 3505 4356 quia
3534 4277 3644 4350 ignis
3662 4283 3746 4324 av:-

2271 4376 2409 4431 ritim
2435 4386 2487 4430 et
2512 4378 2843 4448 rapacitatis,
2877 4387 3039 4449 atque
3073 4380 3307 4443 invidiae,
3338 4388 3393 4435 et
3434 4369 3744 4432 adulteriorum.

2269 4480 2333 4520 ac
2358 4474 2663 4521 ceterarum
2709 4466 3192 4533 inimunditiarum,
3224 4482 3330 4521 non
3359 4465 3517 4522 solum
3538 4472 3619 4530 per
3643 4458 3746 4506 Μία·

2270 4557 2436 4611 ralem
2483 4573 2694 4624 sexum,
2743 4559 2836 4613 sed
2887 4560 3050 4614 etiam
3096 4574 3193 4628 per
3233 4574 3355 4614 cum
3407 4567 3570 4612 sexum
3594 4544 3743 4614 quiest

2267 4659 2457 4703 contra
2474 4658 2753 4714 naturam,
2784 4649 2901 4704 sine
2950 4651 3265 4719 pcenitentia
3291 4658 3348 4704 et
3374 4649 3483 4703 sine
3505 4636 3738 4719 τθείνδων

2268 4740 2342 4794 tia
2392 4740 2446 4794 in
2489 4738 2645 4794 nobis
2688 4741 2893 4795 exarsit
2944 4718 2999 4795 et
3047 4740 3219 4795 ardet.
3278 4740 3345 4793 Et
3392 4731 3609 4807 quoniam
3640 4718 3736 4774 ἱηιιιπ

2265 4830 2512 4899 spiritum
2578 4831 2667 4900 qui
2742 4845 2903 4900 super
2981 4830 3238 4885 humilem
3311 4836 3366 4885 et
3427 4824 3652 4896 quietum,
3703 4811 3737 4855 α

2264 4934 2541 4975 sermones
2583 4935 2712 4974 suos
2757 4928 3099 4983 trementem,
3148 4917 3450 4989 requiescit,
3499 4922 3579 4981 per
3607 4906 3732 4991 S"P_°f'

2267 5012 2410 5066 biam
2434 5019 2489 5065 et
2514 5011 2932 5065 inobedientiam
2965 5025 3029 5064 ac
3074 4987 3522 5079 praesumptionem
3563 5012 3589 5050 a
3617 4987 3731 5043 ἠοδῖί

3637 5085 3728 5098 ιιι...
