3960 6320
139 335 235 391 683

1130 323 1556 386 FRANCORL'M
1596 324 1839 384 REGIS)!
1870 323 2351 406 CAPITULARIA.

3268 334 3385 427 086,

135 449 264 503 demi
291 458 391 500 nor:
440 444 812 501 .3~.istimusut
839 445 1005 515 fugiat
1034 460 1062 497 a
1094 444 1269 507 nobis,
1303 444 1508 499 idcirco
1548 443 1688 499 servi
1720 428 1762 480 Α
1795 436 2085 506 stipendia.
2132 438 2186 492 id
2234 449 2316 493 θεῖ
2364 439 2648 495 ῐυῑΐίῦυιὶο
2695 441 2924 510 Ροεοειιῖι
2969 457 3144 510 mors.
3197 448 3369 516 gratia

134 536 394 592 etancillze
412 525 512 590 Dei
549 528 615 589 de
636 524 777 590 locis
818 532 933 588 suis
973 534 1177 603 expulsi
1209 541 1354 597 sunt,
1402 543 1456 589 et
1501 548 1599 588 nos
1628 534 1694 588 de

136 628 297 698 quiete
340 615 577 680 coilestis
628 624 865 694 paradisi
915 632 971 678 et
1010 624 1076 677 de
1134 622 1406 676 consortio
1458 622 1694 679 caelestis

135 718 373 779 ecclesiae,
409 716 461 769 id
487 725 571 770 est
597 715 907 785 angelorum
931 722 1266 779 sanctorum,
1297 713 1453 779 ejecti
1482 729 1688 779 sumus,

134 808 228 862 risi
251 822 340 877 per
388 805 579 875 dignos
616 803 955 874 paenitentia:
1002 802 1212 857 fruetus
1264 802 1331 856 ad
1377 803 1491 856 haec
1548 802 1689 857 unde

138 896 405 950 cecidimus
434 895 735 949 redeamus.
767 893 834 948 Et
867 893 992 963 quia
1025 908 1125 947 nos
1166 892 1300 947 tales
1326 891 1585 948 efﬁcimus
1623 896 1689 947 de

136 979 359 1056 qualibus
375 976 643 1038 Dominus
667 998 764 1052 per
786 984 1101 1054 prophetam
1129 984 1295 1038 dixit:
1318 984 1491 1038 Causa
1518 984 1687 1039 vidua:

140 1066 537 1143 uouiug‘reditu‘r
574 1072 643 1125 ad
669 1089 790 1136 eos;
839 1073 963 1141 quia
997 1073 1075 1127 sic
1105 1073 1244 1142 apud
1274 1087 1371 1126 nos
1422 1082 1506 1127 est
1548 1071 1689 1127 facta

136 1157 317 1219 venalis
345 1157 581 1231 justitia,
611 1170 667 1215 ut
695 1163 761 1215 ad
790 1176 912 1216 eam
958 1178 1117 1217 nemo
1162 1164 1335 1232 possit
1383 1163 1685 1233 pervenire,

139 1255 224 1310 nisi
250 1255 385 1306 viam
414 1254 815 1323 ei.aperue‘rint
850 1268 1097 1319 munera,
1128 1254 1249 1309 ideo
1292 1263 1416 1309 vota
1447 1254 1688 1308 fidelium

136 1355 180 1397 et
204 1344 771 1414 .pretiapeccatornm,
791 1355 925 1412 quae
967 1344 1138 1399 sacris
1159 1344 1300 1399 locis
1328 1343 1541 1400 conlata
1574 1332 1689 1399 iue-

133 1448 261 1499 runt,
297 1445 524 1506 propter
572 1446 795 1506 peccata
846 1438 1028 1491 noStra
1079 1437 1145 1492 de
1188 1437 1298 1491 hoc
1350 1451 1520 1506 regno
1563 1446 1689 1491 sunt

134 1529 324 1596 penitus
349 1536 653 1596 exportata,
683 1537 738 1582 et
781 1527 1078 1582 vendentes
1113 1526 1381 1595 justitiam
1411 1538 1466 1582 et
1491 1528 1691 1583 verita-

135 1629 241 1681 tem,
265 1626 315 1671 et
342 1619 393 1670 in
420 1619 504 1671 his
529 1620 738 1673 scilicet
780 1618 951 1688 ipsum
978 1618 1251 1673 Christum
1296 1619 1386 1689 qui
1417 1627 1501 1674 est
1532 1620 1688 1675 nobis

134 1724 159 1759 a
185 1708 283 1760 Deo
306 1707 730 1776 factusjustitia,
760 1718 811 1761 et
839 1708 930 1777 qui
963 1709 1097 1763 dixit
1131 1726 1144 1762 :
1178 1709 1289 1779 Ego
1317 1726 1433 1762 sum
1467 1710 1679 1774 veritas,

1796 536 1976 581 autem
2018 527 2108 581 Dei
2153 542 2254 596 pro
2292 529 2449 583 nobis
2491 530 2748 597 operibus
2775 531 2887 600 ipsa
2931 532 3127 587 donata
3154 533 3372 591 estvita

1792 628 2018 672 :rterna.
2048 618 2114 672 Et
2143 619 2283 673 sicut
2311 619 2524 689 quando
2552 620 2787 676 solemus
2832 625 2898 678 de
2928 623 3048 679 istis
3072 623 3379 697 frequenti-_

1790 707 1891 762 bus
1917 709 2199 763 itineribus
2221 711 2416 765 reverti
2443 711 2508 764 ad
2553 714 2862 769 mansiones
2904 725 3123 771 nostras
3161 717 3381 789 detonsi,

1790 807 1847 871 et
1875 798 2101 851 delavati
2131 815 2252 853 cum
2284 800 2502 869 drappis
2538 810 2593 856 et
2625 803 2996 860 calciamentis
3025 807 3369 875 depanuatis,

1794 895 1850 939 et
1882 895 2006 940 tunc
2051 902 2145 941 nos
2185 886 2455 942 reficimus
2500 898 2553 943 et
2606 903 2942 958 repura‘mus,
2992 894 3063 947 ita
3115 895 3195 949 vel
3228 913 3371 952 nunc

1796 991 2112 1046 rcparemus
2141 992 2240 1032 nos
2267 993 2363 1047 per
2384 995 2480 1033 cor
2502 984 2791 1035 contritum
2836 992 2890 1037 et
2928 984 3287 1052 bumiliatum,
3315 998 3372 1043 et

1793 1079 1891 1134 per
1919 1065 2289 1121 confessiones
2312 1084 2374 1122 es
2403 1084 2537 1137 puro
2560 1071 2740 1133 corde,
2774 1081 2829 1126 et
2861 1086 2958 1140 per
2983 1073 3368 1145 benignitatem

1791 1155 2007 1219 mentis,
2034 1164 2091 1209 et
2122 1171 2220 1226 per
2262 1160 2604 1212 concordiam
2632 1174 2754 1214 cum
2783 1160 2876 1216 Dei
2908 1163 3213 1231 voluntate;
3241 1167 3369 1236 quia

1790 1260 1889 1315 per
1912 1246 2237 1301 discordiam
2270 1258 2325 1303 et
2352 1242 2572 1319 regnum
2611 1251 2752 1306 istud
2791 1256 3084 1322 temporale
3114 1257 3370 1315 imminu-

1794 1343 1904 1387 tum
1928 1343 1981 1388 et
2002 1351 2140 1404 pene
2166 1337 2460 1404 desertum,
2487 1348 2541 1394 et
2561 1349 2821 1394 aeternum
2848 1357 3071 1412 regnum
3099 1347 3367 1415 perditum

1793 1425 2077 1481 habemus.
2111 1428 2246 1495 Quia
2294 1446 2396 1486 nec
2449 1447 2637 1486 omnes
2689 1448 2844 1504 rcges
2888 1449 3008 1491 esse
3057 1453 3368 1507 possumus,

1791 1536 1890 1575 nec
1914 1537 2094 1593 regem
2119 1537 2282 1593 super
2310 1539 2407 1580 nos
2434 1542 2462 1578 a
2492 1526 2601 1581 Deo
2630 1529 3003 1596 constitutum,
3035 1533 3185 1601 quia,
3228 1535 3373 1588 sicut

1792 1611 2050 1679 scriptum
2076 1620 2179 1677 est,
2212 1614 2467 1682 imposuit
2488 1614 2737 1670 homines
2764 1633 2926 1687 super
2956 1622 3131 1689 Capita
3162 1631 3367 1687 nostra,

1793 1699 1992 1754 habere
2017 1703 2368 1768 sustinemus,
2397 1719 2502 1757 non
2526 1706 2865 1761 attendentes
2898 1709 3042 1777 quia,
3070 1710 3213 1764 sicut
3236 1712 3371 1766 dicit

131 1800 219 1853 nisi
246 1772 789 1870 digueptenituerint,
816 1772 937 1856 cum
981 1800 1117 1855 Juda
1155 1800 1411 1855 traditore
1449 1799 1674 1865 Christi,

1789 1791 2094 1859 Apostolus,
2118 1792 2236 1846 Non
2260 1804 2332 1847 est
2355 1804 2581 1865 potestas
2604 1798 2703 1850 nisi
2726 1813 2758 1849 a
2786 1797 2891 1851 Deo
2902 1772 2987 1869 Siet
3009 1801 3098 1869 qui
3121 1804 3365 1869 potestati

127 1904 307 1947 aeterna
336 1902 618 1964 espectaut
643 1894 913 1948 incendia.
955 1894 1018 1947 Et
1045 1893 1172 1963 quia
1204 1895 1423 1962 sanguis
1462 1894 1678 1963 sangui-

128 2002 235 2039 nem
267 1987 460 2056 tetigit,
489 1986 540 2040 id
586 1997 690 2051 est,
721 1986 892 2055 culpa:
939 1986 1111 2056 culpis
1146 1984 1412 2054 adiunctae
1435 1996 1593 2051 sunt,
1625 1994 1679 2041 et

127 2079 252 2131 sicut
291 2079 546 2146 scriptum
592 2085 712 2141 est,
761 2077 1077 2132 atlulterium
1123 2087 1173 2131 et
1212 2072 1586 2142 homicidium,
1631 2088 1678 2131 et

130 2167 434 2219 mendacium
475 2177 520 2221 et
569 2167 771 2236 furtum
813 2177 862 2221 et
907 2168 1222 2238 perjurium,
1272 2168 1677 2233 inundaverant,

129 2266 177 2309 et
195 2257 498 2326 iniquitates
520 2267 717 2311 nostrae
739 2273 1100 2328 supergressze
1122 2266 1246 2311 sunt
1268 2258 1444 2327 capita
1471 2267 1678 2322 nostra,

134 2344 237 2398 ideo
263 2346 465 2403 nobiles
487 2347 659 2400 nostri
686 2355 740 2401 et
763 2348 829 2400 de
855 2346 1145 2417 episcopali
1172 2348 1364 2401 ordine
1385 2347 1529 2401 etde
1559 2347 1681 2401 aliis

137 2435 387 2491 ordinibus
415 2436 758 2501 interierunt,
808 2445 863 2491 et
891 2436 1032 2507 capti
1076 2451 1197 2491 cum
1245 2436 1483 2492 maximo
1512 2436 1679 2490 detri-

137 2535 296 2581 mento
320 2534 373 2580 et
397 2526 547 2595 regni
593 2536 648 2581 et.
695 2525 935 2582 ecclesia:
964 2537 1090 2581 sunt
1141 2535 1232 2581 aut
1284 2528 1545 2596 redempti
1588 2536 1683 2582 aut

136 2613 436 2686 interempti.
462 2618 531 2672 Et
552 2618 675 2686 quia
721 2632 818 2672 nos
856 2631 953 2688 per
982 2626 1202 2688 peccata
1249 2627 1433 2675 nostra
1470 2634 1500 2672 a
1539 2628 1681 2673 terra

135 2704 400 2758 virentium
455 2706 780 2776 peregrinati
826 2720 1034 2772 sumus,
1086 2706 1309 2771 idcirco,
1359 2707 1500 2763 sicut
1541 2707 1680 2763 scri-

133 2804 390 2863 ptnntest:
420 2796 681 2868 Propheta
704 2808 749 2852 et
772 2798 1013 2854 sacerdos
1037 2799 1206 2854 ierunt
1227 2800 1282 2855 in
1312 2809 1504 2855 terram
1527 2819 1682 2872 quam

133 2890 436 2955 ignorabant.
497 2890 710 2961 Etpost
758 2891 873 2946 lucc
922 2893 1102 2947 omnia
1151 2892 1270 2963 pius
1321 2902 1496 2964 pater,
1528 2895 1683 2963 cujus

133 2979 294 3033 multis
339 2980 774 3037 miserationibus
826 2998 928 3037 non
976 2998 1163 3039 sumus
1205 2985 1529 3054 consumpti,
1559 2972 1683 3055 quia

129 3084 220 3122 non
247 3069 555 3125 defecerunt
598 3072 969 3128 miserationes
1013 3073 1150 3143 ejus,
1191 3083 1438 3131 materna
1482 3076 1683 3144 pietate

1781 1880 1992 1945 resistit,
2024 1879 2119 1934 Dei
2166 1883 2486 1937 ordinationi
2518 1886 2730 1938 resistit.
2771 1886 3037 1952 Quoniam
3069 1888 3232 1953 Deus,
3264 1890 3359 1958 qui

1778 1970 2140 2025 essentialiter
2158 1981 2239 2026 est
2263 1988 2353 2027 rex
2379 1988 2563 2044 regum
2589 1984 2643 2029 et
2668 1976 2917 2031 dominus
2938 1977 3378 2045 dominantium,,

1779 2062 2192 2130 participatione
2225 2063 2459 2118 nominis
2498 2074 2554 2118 et
2582 2065 2817 2120 numinis
2856 2065 2971 2132 Dei,
3005 2066 3056 2122 id
3083 2078 3169 2123 est
3209 2081 3379 2139 pote-,

1779 2151 1938 2205 statis
1966 2167 2100 2215 Siue,
2129 2152 2294 2206 voluit
2340 2163 2394 2207 et
2422 2168 2540 2208 esse
2561 2164 2615 2209 ct
2644 2157 2822 2210 vocari
2868 2173 3049 2227 regem
3079 2169 3135 2214 et
3178 2160 3377 2222 domi-,

1783 2256 1908 2294 num
1932 2256 2029 2308 pro
2061 2241 2265 2295 honore
2287 2252 2341 2297 et
2372 2244 2487 2299 vice
2511 2258 2606 2299 sua
2635 2259 2812 2314 regem
2841 2250 2892 2300 in
2920 2248 3100 2304 terris.
3125 2250 3193 2305 Et
3213 2232 3377 2321 sicut:

1781 2333 2155 2403 archangelus,
2184 2336 2273 2405 qui
2302 2352 2442 2392 nunc
2469 2346 2552 2394 est
2586 2339 2849 2405 diabolus,
2878 2356 2999 2397 cum
3027 2344 3138 2399 suis
3164 2359 3363 2414 sequa-

1781 2425 1955 2489 cibus,
1987 2428 2111 2494 quia
2151 2443 2248 2497 per
2288 2428 2610 2485 humilitatis
2652 2432 3043 2503 subjectionem
3091 2436 3373 2491 conditori.

1782 2533 1880 2572 suo
1906 2519 2149 2573 subditus
2170 2535 2291 2573 esse
2319 2521 2513 2585 noluit,
2549 2531 2602 2576 ct
2631 2536 2727 2592 per
2751 2525 3117 2593 aequalitatem
3160 2527 3366 2582 carita-

1784 2608 1854 2661 tis
1881 2607 2151 2679 coaugelis
2182 2609 2293 2662 suis
2334 2610 2513 2663 socius
2557 2624 2679 2666 esse
2704 2612 2968 2682 despexit,
2999 2616 3065 2669 de
3108 2616 3246 2673 eicio
3273 2632 3365 2672 ce-

1784 2688 1935 2762 cidit,
1962 2698 2036 2752 ita
2066 2698 2213 2753 etilli
2244 2699 2334 2767 qui
2385 2702 2637 2768 potestati
2680 2716 2709 2755 a
2756 2701 2862 2756 Deo
2900 2704 3207 2759 constituta:
3239 2720 3371 2781 pro?

1785 2797 1906 2857 pter
1932 2788 2097 2842 Deum
2128 2799 2183 2843 et
2218 2789 2269 2843 in
2303 2788 2412 2843 Deo
2454 2789 2683 2858 subjecti
2715 2807 2837 2847 esse
2881 2794 3092 2859 nolunt,
3122 2803 3176 2848 et
3204 2810 3362 2865 pares

1784 2880 1865 2936 vel
1890 2880 2189 2950 corequales
2235 2882 2286 2934 in
2338 2896 2501 2950 regno
2549 2883 2750 2938 habere
2795 2900 2904 2940 non
2954 2886 3234 2951 sufferunt,
3265 2906 3363 2959 per

1784 2987 1946 3042 quam
1976 2973 2210 3027 debitam
2240 2971 2629 3042 subjectioncm
2659 2984 2712 3029 et
2740 2976 2964 3046 parilem
2995 2979 3399 3048 mqualitatem,

1786 3065 1880 3119 Dei
1926 3066 2086 3120 amici
2132 3074 2187 3121 et
2244 3067 2555 3138 angelorum
2598 3080 2877 3129 consortes
2918 3088 3039 3129 esse
3086 3085 3360 3145 poterant,

127 3160 485 3233 ttosflagellat,
510 3172 564 3217 et
588 3172 835 3232 expectat
868 3173 926 3218 ut
954 3140 1064 3234 ipsa
1095 3166 1307 3219 vexatio
1337 3140 1499 3220 donet
1528 3166 1682 3221 intel—
1709 3140 1753 3202 Ο
1784 3153 2009 3224 subjecti
2043 3154 2258 3210 diabolo
2286 3165 2341 3211 et
2384 3157 2477 3211 Dei
2520 3159 2723 3215 inimici
2765 3140 3188 3221 constituuntur.
3218 3140 3363 3235 Qua;

122 3252 305 3309 lectum
336 3256 543 3309 auditui
578 3265 787 3321 nostro,
835 3256 960 3325 quia
1003 3256 1089 3310 illa
1139 3257 1363 3312 credere
1412 3246 1682 3313 noluimus

124 3359 229 3412 qua:
271 3363 370 3416 per
413 3348 714 3418 scripturas
756 3346 912 3402 nobis
941 3362 999 3402 se
1027 3347 1295 3401 illalurum
1339 3347 1606 3417 promisit,
1636 3347 1680 3401 si

118 3435 254 3491 ilius
278 3438 604 3492 voluntatem
635 3453 739 3492 non
792 3436 1099 3493 fecerimus.
1150 3438 1216 3493 Et
1258 3439 1497 3493 ostendit
1527 3438 1683 3495 nobis

120 3526 166 3579 in
211 3529 573 3583 exterioribus
616 3529 1010 3584 vastationibus
1053 3543 1171 3597 quae
1216 3527 1285 3583 de
1332 3512 1684 3583 interioribus

116 3619 612 3688 depopulatiouibus
656 3620 953 3690 intelligere
990 3622 1301 3685 debeamus,
1324 3630 1372 3675 et
1406 3621 1676 3677 intellecta

115 3709 176 3762 ad
206 3710 357 3764 illum
389 3711 672 3764 redeamus
710 3720 765 3764 et
802 3709 1086 3764 credamus
1130 3710 1254 3779 quia
1284 3710 1474 3764 iterum
1520 3712 1675 3767 nobis

114 3799 161 3852 in
187 3801 457 3871 scriptura
502 3793 872 3870 multipliciter
899 3801 1165 3869 promisit.
1208 3794 1359 3855 inter
1385 3816 1503 3870 qure
1530 3816 1685 3865 verae

113 3894 244 3946 citer
274 3895 417 3948 sicut
445 3893 645 3945 veritas
687 3892 820 3946 dixit
853 3909 865 3945 :
907 3891 1235 3945 Rerertimini
1264 3892 1333 3944 ad
1362 3909 1463 3957 me,
1505 3903 1552 3947 et
1593 3910 1685 3963 ego

115 3994 339 4036 revertar
365 3983 434 4036 ad
472 3997 593 4045 vos;
627 3988 681 4035 et
728 3998 741 4032 :
793 3980 969 4045 Quare
1026 3975 1321 4035 moriemini
1366 3983 1419 4036 in
1462 3986 1685 4053 peccatis

112 4073 328 4127 vestris?
364 4073 426 4127 Et
466 4072 589 4141 quia
640 4086 746 4125 non
797 4071 1127 4125 credidimus
1166 4071 1520 4140 promittenti,
1570 4088 1686 4127 cre-

113 4163 303 4217 damus
345 4164 557 4217 tandem
583 4161 871 4231 aliquando
906 4160 987 4213 vel
1012 4159 1217 4228 juranti
1245 4178 1256 4212 :
1299 4158 1421 4214 Viro
1458 4178 1574 4233 ego,
1605 4163 1689 4215 tli-

109 4256 176 4306 cit
212 4255 487 4315 Dominus.
526 4254 646 4308 nolo
676 4263 893 4307 mortem
933 4252 1240 4321 peccatoris,
1271 4252 1361 4305 sed
1393 4262 1446 4303 ut
1478 4269 1690 4305 concer-

116 4355 255 4399 tatur
273 4357 321 4401 et
346 4349 495 4402 vivat.
528 4347 591 4402 Et
634 4346 737 4400 nisi
787 4344 1031 4399 conversi
1073 4342 1356 4408 fuerimus,
1400 4345 1540 4398 sicut
1572 4343 1686 4412 jam

1783 3255 2004 3315 propter
2030 3247 2096 3303 de
2137 3248 2349 3303 diabolo
2391 3252 2649 3321 scriptum
2680 3262 2764 3308 est
2801 3272 2814 3309 :
2847 3255 2968 3326 Ipse
2992 3268 3066 3312 est
3088 3276 3181 3314 rex
3205 3277 3375 3330 super,

1787 3341 2053 3394 universos
2081 3341 2222 3409 ﬁlios
2259 3344 2539 3412 superbire.
2579 3345 2642 3398 Et
2693 3346 2837 3402 illius
2885 3348 3142 3419 subjectis
3178 3353 3364 3407 Domi-

1786 3444 1906 3494 nus,
1946 3430 2085 3501 apud
2114 3447 2274 3501 quem
2309 3447 2415 3487 non
2443 3441 2523 3488 est
2567 3434 2954 3493 vicissitudinis
2991 3440 3359 3507 obumbratio,

1784 3522 2018 3590 quandiu
2060 3521 2112 3574 in
2138 3522 2254 3590 ipso
2284 3521 2424 3576 malo
2472 3534 2834 3597 pprseverant,
2864 3542 3078 3597 semper
3105 3531 3158 3584 in
3189 3530 3373 3586 Evam.

1785 3610 1923 3681 gelio
1948 3612 2119 3665 dicit:
2157 3609 2257 3665 Vos
2289 3628 2354 3666 ex
2380 3623 2529 3681 patre
2568 3615 2776 3670 diabolo
2821 3619 2980 3683 estis;
3033 3634 3137 3674 non
3177 3623 3305 3691 quia
3331 3638 3376 3677 a.

1787 3701 1997 3756 diabolo
2022 3701 2131 3755 sint
2170 3702 2295 3756 facti
2340 3711 2432 3756 aut
2474 3707 2733 3771 generati,
2785 3710 2877 3762 sed
2920 3711 3043 3779 quia
3090 3713 3362 3769 diabolum

1787 3800 1913 3846 sunt
1953 3791 2168 3845 imitati.
2199 3792 2534 3861 Reparemus
2567 3810 2695 3867 ergo
2726 3813 2825 3850 nos
2865 3800 2962 3867 pei-
2990 3802 3366 3870 pceuitentiam

1787 3894 1842 3939 et
1882 3884 2295 3947 confessionem,
2326 3894 2380 3939 et
2411 3901 2509 3954 per
2548 3885 2944 3958 eleemosynas,
2993 3897 3371 3963 tumsquisque

1787 3976 2082 4033 secundum
2116 3975 2523 4046 possibilitatem
2549 3992 2733 4044 suam;
2766 3988 2819 4033 et
2851 3989 3109 4049 quantum
3134 3984 3371 4053 quisque

1787 4083 1846 4121 se
1897 4067 2232 4136 rec0gnoscit
2276 4080 2306 4119 a
2354 4065 2463 4121 Deo
2503 4067 2710 4123 aruisse
2754 4083 2850 4138 per
2892 4071 3108 4141 culpas,
3160 4082 3364 4129 tantum

1790 4159 1938 4213 bibat
1974 4157 2405 4226 cmupunctionis
2436 4174 2547 4213 sua:
2585 4160 2875 4230 lacrymas.
2922 4163 2988 4216 Et
3037 4173 3164 4220 tunc
3204 4167 3371 4234 profl~

1790 4251 1937 4303 cient
1966 4249 2021 4303 in
2045 4265 2184 4318 aqua
2216 4249 2316 4303 ista
2343 4264 2479 4319 quas
2506 4250 2731 4307 facimus
2757 4255 2826 4285 ’7’
2860 4253 3166 4321 firmitates,
3202 4258 3246 4311 si
3273 4274 3372 4328 per

1793 4340 1929 4393 bona
1951 4355 2113 4409 opera
2132 4341 2550 4395 restruxerimus
2570 4341 2684 4407 ⁸⁷⁸⁸,
2702 4357 2834 4411 quas
2848 4345 2901 4398 in
2921 4347 3076 4401 nobis
3092 4347 3373 4411 destruxee

115 4439 377 4505 videmus,
417 4440 652 4510 gladium
696 4451 848 4493 suum
883 4436 1114 4491 vibravit
1140 4436 1254 4499 ‘7",
1281 4451 1467 4489 arcmn
1503 4451 1684 4502 suum,
1718 4468 1764 4527 υ
1793 4439 1917 4499 runt
1959 4439 2203 4499 peccata,
2258 4432 2517 4485 virtutum
2565 4434 2910 4490 munitiones.
2962 4436 3093 4502 Qua:
3132 4447 3203 4491 et.
3242 4448 3371 4501 tune

115 4527 167 4581 id
192 4541 278 4586 est
302 4532 619 4595 vindictam,
643 4528 889 4592 tetendit,
921 4536 975 4582 ct
999 4526 1211 4597 paravit
1232 4525 1299 4580 ad
1328 4527 1684 4580 exercendam

117 4617 384 4676 duriorem
414 4621 727 4675 vindictam.
759 4618 909 4674 Sicut
941 4618 1067 4672 item
1112 4617 1177 4670 de
1218 4616 1461 4685 reprobis
1484 4616 1685 4695 dictura

118 4717 242 4763 est:
276 4710 445 4782 Ignis,
496 4710 736 4777 sulphur,
790 4718 840 4762 et
884 4707 1099 4776 spiritus
1143 4705 1511 4776 procellarum,
1565 4723 1689 4775 pars

120 4798 297 4854 colicis
320 4817 517 4855 eorum.
541 4799 607 4853 Et
634 4800 733 4853 hoc
754 4798 894 4866 quod
917 4797 1162 4850 videmus
1184 4806 1238 4850 et
1261 4797 1544 4860 sentimus,
1566 4811 1690 4865 pars

125 4898 174 4942 et
206 4892 488 4955 vindictae;
526 4891 652 4960 quia
683 4889 885 4958 majora
932 4896 988 4942 et
1013 4887 1171 4956 plura
1214 4895 1269 4941 et
1308 4887 1559 4956 graviora
1599 4901 1691 4938 vc-

129 4982 268 5036 nient
293 4997 455 5054 super
486 4976 613 5046 nos,
634 4980 737 5035 nisi
761 4979 1023 5034 fuerimus
1049 4979 1316 5042 conversi,
1347 4987 1404 5031 ut
1430 4977 1699 5045 scriptum.

132 5082 241 5128 est:
275 5074 536 5144 Pugnabit
566 5089 660 5141 pro
683 5088 744 5125 eo
782 5071 919 5124 orbis
945 5079 1206 5124 terrarum
1236 5079 1417 5122 contra
1458 5069 1690 5121 insensa-

134 5172 221 5215 tos.
250 5164 422 5224 Unde,
472 5163 615 5217 sicut
649 5161 779 5215 dicit
805 5158 1093 5228 Apostolus
1123 5175 1137 5211 :
1168 5157 1317 5212 Sicut
1363 5157 1690 5218 exhibuimus

136 5255 348 5308 uiembra
379 5264 555 5306 nostra
587 5268 735 5305 arma
781 5250 1074 5319 iniquitatis
1112 5258 1323 5316 peccato
1356 5247 1427 5302 ad
1459 5248 1687 5300 servien-

139 5345 248 5399 dum
272 5345 619 5400 immunditia’
644 5354 690 5397 et
730 5340 1116 5413 iniquitati,s'ta
1154 5341 1488 5394 exhibeamus
1528 5354 1691 5390 mem-

143 5437 221 5491 bra
255 5446 434 5491 nostra
464 5436 654 5490 seruire
688 5433 917 5505 justitire
942 5432 999 5486 in
1039 5430 1524 5500 sanctificatiouem.
1556 5429 1691 5494 Quia

1795 4519 2096 4590 proficient,
2128 4521 2172 4575 si
2203 4522 2351 4579 mala,
2388 4538 2506 4590 quae
2538 4522 2662 4577 fecit
2692 4526 2813 4592 quis
2857 4527 3029 4594 prius,
3073 4537 3233 4596 prout
3278 4545 3376 4599 po-

1797 4613 1958 4666 tuerit
2004 4614 2402 4679 emendaverit,
2451 4624 2558 4684 .aut
2611 4625 2762 4685 rapta
2816 4618 3091 4683 solvendo,
3132 4630 3236 4674 aut
3278 4637 3376 4691 per

1797 4705 2184 4772 indulgentiam
2239 4705 2594 4774 deprecando,
2637 4716 2731 4761 aut
2776 4710 2914 4762 mala
2954 4717 3133 4765 cetera
3167 4724 3265 4779 per
3292 4713 3377 4785 die

1796 4808 1953 4864 gnam
1985 4795 2356 4863 paenitentiam
2395 4795 2676 4851 abolendo.
2708 4799 2774 4852 Et
2806 4807 2932 4855 tunc
2976 4801 3277 4870 proficient,
3326 4805 3372 4860 si

1797 4883 1850 4936 in
1874 4892 2001 4939 ante
2029 4898 2090 4937 se
2116 4885 2451 4953 custodierit,
2483 4901 2550 4940 ne
2578 4886 2644 4939 de
2683 4887 2787 4941 illis
2811 4903 2868 4944 se
2891 4889 3127 4944 sordidet
3156 4892 3222 4945 de
3246 4893 3335 4960 qui
3353 4921 3372 4933 -

1798 4972 1898 5026 bus
1933 4986 1990 5025 se
2039 4971 2371 5037 enumdavit,
2426 4975 2550 5041 quia
2602 4976 2859 5043 scriptum
2914 4978 3373 5048 est:Lavamiui,

1801 5064 1981 5117 umndi
2006 5074 2181 5117 estote.
2210 5065 2422 5134 Auferte
2458 5063 2652 5117 malum
2683 5067 3053 5134 cogitationum
3086 5081 3373 5129 vestrarum

1800 5152 1864 5204 ab
1894 5151 2058 5204 oculis
2100 5153 2247 5214 meis,
2278 5153 2404 5206 dicit
2454 5152 2728 5206 Dominus.
2768 5153 3030 5219 Quiescite
3072 5171 3225 5224 agere
3255 5171 3376 5225 per-

1799 5260 1966 5307 verse,
2001 5243 2183 5297 discite
2216 5243 2533 5313 benefacere.
2558 5243 2691 5310 Quia
2719 5245 2809 5314 qui
2832 5260 2889 5299 se
2914 5246 3072 5302 bonis
3096 5247 3372 5314 operibus,

1802 5343 1857 5388 et
1885 5334 2161 5405 lacrymis,
2207 5342 2261 5387 et
2293 5333 2627 5388 orationibus
2674 5349 2703 5386 a
2752 5342 2973 5405 peccato
3025 5336 3268 5401 mundat,
3315 5348 3371 5395 et

1803 5418 1997 5477 iterum
2026 5422 2208 5493 gravia
2241 5430 2458 5491 peccata
2492 5430 2782 5491 perpetrat,
2828 5421 2948 5476 talis
2995 5430 3099 5487 est,
3146 5432 3205 5477 ut
3247 5408 3377 5480 san;

1430 5536 1663 5594 VARle
1704 5535 2105 5593 LECTIONES.

201 5643 285 5675 ἠ’
321 5639 554 5696 vibrabit
595 5638 658 5693 S.
731 5637 803 5670 ’τ’
826 5633 1136 5690 Sirmondus
1184 5647 1342 5686 manu
1388 5629 1559 5698 posuit
1603 5627 1825 5683 fecimus
1865 5626 2023 5682 BAL.

2115 5627 2207 5658 m'
2246 5623 2337 5681 Sic
2376 5639 2531 5679 manu
2575 5623 2743 5694 posuit
2774 5621 3087 5682 Sirmondus
3116 5643 3135 5681 :
3160 5636 3212 5682 at
3240 5628 3374 5702 legit

145 5716 325 5770 lautum
356 5713 403 5765 si
435 5708 851 5766 restruxerimus
890 5704 1044 5764 BAL.
1084 5705 1127 5759 si
1156 5703 1292 5757 bona
1339 5702 1768 5757 destruxerimus
1807 5698 1859 5751 3.
1933 5754 1938 5758 ,
1976 5762 1983 5767 1
2027 5761 2034 5770 ,

2032 5822 2045 5835 δ
2053 5821 2066 5829 -
2071 5819 2179 5833 ...ηας-,α
2187 5820 2203 5827 -
