3960 6320
624 363 745 420 τσθτ

1337 353 1627 410 APPEND.
1667 353 1758 407 AD
1799 349 1975 406 SEC.
2016 349 2088 403 Χ.
2138 376 2202 386 -

2338 343 2669 402 NUMEXTA
2711 342 3194 399 DIPLOMATICA.
3727 353 3797 410 688

626 465 763 512 ctus
789 453 983 509 Petrus
1032 448 1183 513 dicit,
1233 448 1372 504 sicut
1417 461 1613 516 porcus
1658 445 1749 512 qui
1795 459 1852 499 se
1897 442 2037 496 lavat
2067 440 2138 472 "°
2170 439 2221 490 in

2337 466 2632 512 mentorum
2675 457 3066 525 experimenta,
3114 469 3314 510 morem
3370 468 3624 525 sequentes
3655 470 3796 532 pmic-

643 545 780 610 luto,
808 553 863 599 et
888 544 1030 598 sicut
1054 540 1206 597 canis
1243 537 1335 608 qui
1363 536 1713 592 remanducat
1739 535 1998 588 vomitum
2035 546 2223 594 suum;

645 645 701 696 et
733 636 926 691 timere
950 633 1128 696 debet,
1161 645 1227 686 ne
1255 631 1400 699 ipsas
1438 629 1708 697 lacrymas
1735 626 1786 679 in
1817 631 2107 692 conspectu
2136 621 2227 676 Dei

635 726 839 782 reddat
869 721 1196 785 immundas,
1224 734 1320 789 per
1350 733 1484 788 quas
1532 716 1782 772 mundari
1831 714 2005 784 potuit
2035 728 2064 766 a
2104 726 2230 782 pec-

642 816 802 872 catis.
833 813 964 880 Quae
988 826 1093 867 non
1127 811 1377 874 dicimus,
1418 818 1476 863 ut
1505 809 1552 864 si
1580 809 1773 862 iterum
1800 806 1996 875 aliquis
2022 805 2232 861 cecide-

642 907 718 961 rit
758 911 882 975 post
908 901 1302 958 confessionem
1352 899 1743 969 irrpeccatum,
1793 904 1851 950 ut
1891 896 1943 949 in
1992 894 2229 965 peccatis

641 995 799 1066 quasi
827 994 1142 1062 desperatus
1162 990 1362 1059 jaceat,
1393 989 1487 1045 sed
1521 997 1580 1043 ut
1622 1003 1652 1042 a
1683 985 1921 1056 peccatis
1968 993 2227 1055 quantum

641 1093 822 1157 potest
867 1097 925 1140 se
969 1091 1184 1139 caveat.
1213 1082 1282 1137 Et
1329 1081 1375 1136 si
1430 1079 1720 1151 fragilitate
1767 1075 2048 1141 ceciderit,
2105 1074 2228 1144 quia

641 1177 905 1247 scriptum
929 1183 1014 1230 est
1040 1191 1070 1226 :7
1090 1171 1361 1243 Numquid
1380 1172 1468 1241 qui
1492 1171 1632 1223 cadit
1671 1185 1772 1224 non
1803 1167 2014 1237 adjiciet
2046 1176 2101 1219 ut
2149 1182 2230 1218 re-

642 1267 862 1338 surgat?
923 1266 1086 1329 dicat,
1139 1263 1296 1317 Nunc
1344 1263 1493 1331 coepi,
1547 1268 1602 1314 et
1651 1274 1748 1328 per
1799 1258 2229 1312 immutationem

640 1357 885 1411 dexterae
905 1353 1104 1408 excelsi
1135 1365 1351 1420 semper
1388 1363 1485 1419 per
1532 1347 1909 1418 paenitentiam
1960 1353 2230 1415 resurgat,

642 1459 716 1500 ne
742 1443 892 1499 illum
925 1441 1145 1496 ultimus
1182 1440 1298 1494 dies
1349 1439 1402 1492 in
1453 1437 1692 1508 peccatis
1717 1437 1972 1500 inveniat,
2020 1444 2076 1489 et
2113 1435 2232 1489 sine

645 1533 754 1589 ﬁne
778 1530 1020 1603 perditus
1044 1530 1156 1584 fiat.

712 1623 773 1677 .3.
805 1621 960 1679 Unde
1011 1620 1138 1689 quia
1187 1617 1362 1672 solent
1410 1615 1624 1682 medici,
1675 1615 1891 1684 quando
1964 1611 2232 1684 generalis

640 1711 944 1768 infirmitas
965 1709 1059 1750 ⁸⁸⁸·
1073 1707 1166 1763 εγρὶ
1193 1707 1415 1762 morbus
1442 1707 1494 1761 in
1527 1716 1724 1762 terram
1745 1706 1912 1769 venit,
1928 1704 2232 1774 generalem

2333 566 2606 606 cessurum
2629 560 2960 612 nostrorum,
2985 549 3158 604 sancti
3179 547 3402 616 Spiritus
3427 551 3578 618 gratia
3599 552 3798 622 illustrati,

2333 651 2520 696 contra
2545 656 2751 696 venena
2786 638 2983 693 diaboli
3035 639 3341 693 ministrare
3376 639 3655 697 curabimus
3688 649 3800 702 medi-

2331 734 2524 789 cinalia
2557 734 2799 787 antidota
2829 731 3051 786 Christi.

2401 825 2454 878 5.
2489 821 2772 877 Communi
2823 821 3021 891 placito
3066 819 3458 885 constituimus,
3503 828 3557 874 ut
3599 837 3729 892 usque
3759 826 3802 878 ad

2333 912 2554 966 missam
2585 911 2759 966 sancti
2806 910 3056 978 Remigii,
3091 910 3145 964 id
3186 919 3270 964 est
3318 908 3569 964 Kalendas
3609 909 3801 976 Octobris,

2332 1005 2564 1076 spatium
2608 1001 2845 1058 habeant
2887 1000 2960 1054 illi
2986 1000 3078 1070 qui
3125 1001 3181 1054 in
3233 1000 3351 1055 istis
3397 1001 3686 1069 temporibus
3719 1003 3803 1058 istas

2334 1093 2762 1164 depraedationes
2787 1099 2841 1147 et
2868 1091 2973 1144 alia
3017 1089 3302 1144 malefacta
3325 1089 3650 1144 criminaliter
3671 1101 3714 1146 et
3746 1109 3805 1162 pu-
3886 1089 3887 1162 ξ

2332 1183 2472 1239 hlice
2520 1180 2792 1246 fecerunt,
2843 1189 2902 1234 ut
2953 1180 3080 1234 inde
3110 1188 3160 1234 et
3193 1178 3265 1217 ⁸⁸³
3290 1179 3426 1248 apud
3459 1179 3608 1232 Deum
3639 1189 3682 1233 et
3718 1185 3806 1250 apud

2334 1291 2428 1331 eos
2454 1273 2652 1345 quibus
2690 1273 2830 1328 male
2862 1271 3127 1333 fecerunt,
3150 1285 3208 1325 se
3229 1269 3534 1338 pacificent.‘
3567 1270 3624 1324 Et
3641 1271 3808 1341 quisquis
3886 1257 3887 1328 Ῐ

2334 1366 2438 1421 hoc
2479 1381 2584 1419 non
2637 1363 2846 1428 fecerit,
2878 1361 3114 1416 hannurn
3159 1369 3406 1414 nostrum
3449 1359 3691 1426 dupliciter
3710 1377 3807 1414 com-
3886 1359 3887 1428 ξ

2334 1462 2521 1523 ponat.
2555 1451 2774 1508 Scilicet
2811 1461 2869 1504 ut
2892 1451 2981 1482 ⁹⁸¹⁶
3003 1451 3130 1520 quia
3151 1449 3220 1480 ⁸⁸³
3250 1459 3522 1518 postquam
3548 1447 3648 1502 illas
3671 1448 3736 1479 ’⁸³⁸
3757 1466 3808 1502 ra-

2338 1544 2495 1613 pinas
2517 1552 2576 1598 et
2607 1542 2710 1596 alia
2743 1540 3030 1595 malefacta
3068 1541 3119 1593 in
3149 1539 3440 1603 Carisiaco,
3470 1548 3518 1592 et
3554 1548 3703 1606 postea
3721 1540 3809 1607 apud

2338 1633 2683 1689 Confluentes
2719 1648 2847 1686 cum
2891 1631 3088 1685 dilecto
3128 1628 3296 1684 fratre
3343 1639 3520 1682 nostro
3565 1629 3808 1690 llludotvico,
3886 1615 3887 1690 ἧ

2339 1723 2575 1794 glorioso
2601 1737 2746 1793 rege,
2781 1730 2835 1776 et
2861 1729 3056 1790 nepote
3091 1728 3280 1774 nostro
3316 1717 3596 1781 lllothario,
3624 1718 3810 1771 fortunni-

645 1800 972 1859 medicinam
1013 1799 1301 1863 conficere,
1339 1798 1483 1853 unde
1529 1811 1722 1852 omnes
1775 1795 1983 1865 possint
2029 1793 2231 1856 sanari,
2269 1818 2310 1876 Β
2337 1793 2537 1880 ﬁmus,
2569 1823 2624 1868 ει
2674 1821 2796 1883 post
2843 1813 3004 1866 istum
3052 1811 3291 1865 bannum
3335 1826 3430 1880 per
3457 1824 3724 1863 (οηερηεωη
3741 1824 3811 1861 σω,

644 1892 722 1948 ita
753 1905 899 1946 nunc
944 1889 1308 1944 communiter
1349 1888 1490 1942 hanc
1531 1886 1872 1947 medicinam,
1908 1891 2234 1952 cooperante

644 1988 704 2035 et
754 1979 1024 2034 mediante
1071 1977 1320 2042 Domino,
1373 1977 1660 2030 statuimus
1698 1974 1765 2029 ad
1811 1973 2232 2045 recuperandam

647 2076 708 2124 et
734 2064 1160 2122 conservandam
1206 2065 1492 2120 sanitatem
1534 2072 1798 2128 nostram,
1855 2077 1922 2117 ne
1947 2071 2003 2118 et
2041 2063 2094 2117 in
2131 2063 2235 2117 isto

647 2156 834 2214 seculo
856 2156 1079 2226 gravius
1102 2155 1419 2226 allligamur,
1443 2163 1501 2210 et
1517 2155 1571 2209 in
1590 2153 1772 2210 futuro
1794 2154 1993 2218 seculo,
2019 2153 2235 2224 quando

648 2247 719 2304 de
752 2247 858 2303 isto
905 2260 1130 2316 corpore
1174 2245 1488 2309 exierimus,
1532 2245 1751 2300 :eternis
1801 2244 2087 2298 tormentis
2115 2258 2232 2298 cru-

647 2338 881 2395 ciemur.
930 2336 990 2391 Id
1039 2344 1143 2401 est,
1176 2345 1236 2391 ut
1285 2335 1656 2406 unusquisque
1697 2335 1985 2405 episcopus
2039 2333 2092 2388 in
2141 2336 2237 2389 sua

645 2428 932 2502 parochia,
967 2437 1023 2484 et
1050 2428 1201 2483 missi
1226 2428 1280 2482 in
1314 2428 1531 2483 illorum
1573 2427 1886 2493 missaticis,
1918 2436 1973 2482 et
2008 2427 2238 2482 comites

636 2520 709 2577 .in
746 2519 962 2577 illorum
1027 2519 1398 2586 comitatibus,
1459 2535 1582 2573 cum
1635 2517 1875 2574 maximo
1939 2517 2121 2573 studio
2185 2528 2240 2573 et

649 2628 866 2670 summa
931 2611 1213 2684 diligentia
1283 2627 1471 2667 curam
1509 2611 1774 2667 habeant
1815 2619 1875 2665 ut
1931 2612 2240 2682 quicunque

648 2711 902 2775 raptores
921 2710 977 2759 et
1005 2702 1404 2773 depraedatores
1430 2701 1499 2756 ibi
1546 2710 1692 2765 sunt,
1736 2701 2103 2772 cujuscunque
2139 2703 2238 2756 ho-

637 2793 829 2850 mines
861 2793 987 2859 sint,
1021 2793 1090 2848 ad
1134 2793 1399 2848 rationem
1449 2791 1807 2856 deducantur,
1857 2799 1917 2846 ut
1946 2792 2238 2847 secundum

649 2884 826 2958 legem
852 2899 972 2956 qua
999 2883 1070 2940 ibi
1104 2882 1409 2938 malefacta
1439 2882 1666 2946 habent,
1700 2881 2008 2948 emendent,
2051 2889 2144 2936 aut
2169 2881 2238 2915 ⁹⁸¹

637 2977 864 3034 .solvant
910 2975 1203 3031 secundum
1239 2973 1410 3045 legale
1456 2972 1735 3043 placitum,
1781 2981 1874 3026 aut
1919 2988 2016 3043 per
2068 2972 2242 3029 indul-

649 3067 894 3140 gentiam
919 3066 1023 3123 sibi
1065 3065 1355 3137 impetrent
1392 3063 1700 3135 perdonari.
1741 3063 1811 3117 Et
1849 3063 2109 3134 episcopi,
2151 3078 2239 3120 se-

2337 1906 2487 1961 nium
2519 1904 2722 1960 factum
2757 1903 2845 1958 illa
2875 1903 3187 1966 emendare,
3225 1901 3368 1956 sicut
3401 1900 3480 1954 eis
3505 1900 3697 1968 spatium
3719 1899 3812 1952 dedi-
3886 1929 3887 1976 ξ

2339 2013 2480 2063 mus,
2513 1996 2822 2061 noluerunt,
2864 2003 2919 2051 et
2945 1994 3127 2050 omnia
3164 2007 3285 2064 quae
3309 1989 3810 2057 commiseruutlegali

2341 2097 2424 2143 ter
2487 2100 2812 2156 componere
2865 2084 3290 2154 compellantur,
3365 2090 3423 2137 et
3488 2097 3574 2152 per
3627 2081 3812 2150 publicam
3886 2081 3887 2106 ‘

2339 2177 2718 2248 paenitentiam
2740 2175 3033 2231 secundum
3060 2187 3244 2228 sacros
3268 2187 3504 2228 canones
3527 2173 3619 2226 Dee
3638 2181 3681 2224 et
3698 2169 3810 2224 eccle-
3886 2185 3887 2218 ξ

2341 2268 2435 2323 sire
2485 2267 2536 2321 in
2588 2282 2753 2336 quam
2794 2271 3162 2333 peccaverunt
3207 2261 3555 2316 satisfaciant.
3605 2258 3757 2326 Quibus
3788 2258 3814 2310 si

2341 2357 2564 2414 obedire
2613 2355 2906 2420 noluerint,
2946 2363 3041 2409 aut
3084 2367 3182 2423 per
3217 2353 3558 2424 fidejussores
3589 2352 3643 2405 ad
3667 2364 3816 2420 prasen-
3886 2377 3887 2380 η

2345 2448 2472 2504 tiam
2503 2455 2741 2502 nostram
2773 2447 3161 2516 perducantur,
3189 2453 3282 2498 aut
3309 2443 3488 2498 omnia
3526 2458 3629 2512 qua:
3654 2442 3692 2494 in
3715 2453 3818 2509 regno
3886 2451 3887 2492 ξ

2342 2544 2530 2591 nostro
2567 2535 2791 2600 habent,
2841 2535 2894 2588 in
2945 2535 3180 2588 bannum
3209 2541 3458 2587 nostrum
3513 2532 3754 2592 mittantur,
3787 2535 3817 2579 et
3886 2523 3887 2582 ἐ

2342 2623 2634 2694 episcopali
2679 2623 3003 2678 auctoritate
3044 2639 3074 2677 a
3131 2622 3409 2676 communi
3462 2618 3818 2676 ecclesiasticae!

2337 2713 2584 2770 omnium
2614 2713 2852 2768 fidelium
2883 2713 3144 2768 societate
3165 2711 3539 2767 excludantur.

2413 2807 2466 2861 4.
2519 2806 2596 2861 De
2636 2805 2843 2862 honore
2887 2814 3068 2860 autem
3112 2804 3466 2860 ecclesiarum
3520 2818 3576 2858 ac
3624 2812 3817 2856 servorum

2343 2898 2462 2964 Dei,
2493 2906 2549 2954 et
2571 2897 2637 2953 de
2663 2897 2866 2967 rapinis
2889 2906 3050 2966 atque
3081 2896 3203 2952 aliis
3235 2897 3393 2952 malis
3420 2912 3511 2951 seu
3552 2891 3820 2964 praesumptio-

2343 2989 2503 3044 nibus
2539 2988 2607 3044 ab
2632 2988 2733 3044 ista
2760 2988 2844 3042 die
2869 2994 2923 3042 et
2943 2988 2996 3041 in
3030 2987 3299 3056 reliquum
3330 2983 3710 3057 compescendis,
3729 2979 3821 3047 capi-

2344 3079 2453 3135 tula
2479 3080 2565 3135 avi
2604 3087 2660 3134 et
2702 3079 2872 3150 patris
2901 3077 3075 3133 nostri
3120 3078 3453 3148 temporibus
3503 3074 3737 3131 constituta
3767 3069 3820 3122 hic

652 3159 889 3213 cundum
949 3155 1262 3226 qualium“
1325 3163 1380 3210 (τί
1441 3153 1799 3225 quantitatem
1867 3161 2235 3223 Ρθθοίλίοτυηιν
2265 3165 2311 3230 C
2342 3171 2688 3242 subjungere,
2717 3179 2773 3225 et
2805 3178 2865 3224 ut
2891 3169 3217 3224 omnimodis
3247 3172 3596 3224 observentur
3622 3179 3676 3218 ex
3710 3163 3821 3216 hanno

651 3246 862 3318 absque
921 3247 1234 3316 acceptione
1287 3259 1663 3316 personarum,
1716 3244 2000 3314 rapacibus
2055 3252 2111 3299 et
2152 3244 2238 3300 his

653 3336 924 3392 similibus
945 3335 1100 3391 vitiis
1145 3334 1440 3391 nominatis
1489 3343 1546 3389 et
1599 3333 1862 3389 convictis
1902 3333 2240 3408 prepitentiae

646 3428 803 3498 leges
852 3426 1151 3497 injungant,
1198 3426 1443 3496 inspecta
1485 3424 1816 3481 discretione
1853 3434 1909 3480 et
1953 3423 2236 3496 qualitate,

649 3526 817 3587 prout
839 3517 1036 3588 cuique
1060 3517 1130 3572 ad
1175 3516 1403 3572 salutem
1445 3515 1682 3570 viderint
1708 3516 1980 3586 expedire.
2008 3515 2090 3571 Ad
2119 3531 2239 3586 qua:

651 3608 966 3679 specialiter
987 3609 1301 3680 exequenda
1335 3608 1579 3679 quaedam
1607 3607 1674 3664 de
1701 3609 1946 3679 pluribus
1968 3608 2240 3679 capitulis

651 3702 1114 3774 pradecessorum
1138 3717 1347 3773 regum,
1379 3710 1436 3759 et
1461 3700 1795 3772 synodalium
1823 3701 1908 3756 hic
1933 3717 2134 3772 ponere
2159 3701 2240 3756 di-

643 3807 820 3864 gnum
849 3801 902 3849 et
931 3794 1298 3849 necessarium
1342 3791 1629 3859 duximus;
1675 3800 2083 3847 commonentes
2120 3791 2237 3860 epi-

652 3899 871 3957 scopas,
903 3885 1099 3941 missos
1125 3893 1180 3941 ct
1208 3885 1454 3951 comites,
1487 3894 1548 3940 ut
1575 3885 1665 3941 illa
1704 3885 1934 3955 capitula
1970 3901 2089 3954 qua:
2117 3885 2240 3940 inde

654 3983 783 4030 ante
805 3975 902 4030 hos
931 3989 1103 4028 annos
1146 3973 1201 4027 in
1248 3990 1413 4027 unum
1444 3973 1668 4029 collecta
1701 3974 1937 4038 fuerunt,
1965 3981 2026 4027 et
2056 3973 2108 4027 in
2139 3973 2240 4028 Ca-

654 4067 858 4122 risiaco
881 4066 972 4098 ⁹⁸¹⁶
1000 4066 1266 4136 episc0pis
1298 4072 1354 4119 et
1380 4065 1560 4120 missis
1584 4064 1783 4119 nostris
1811 4063 2240 4133 peruunivcrsum

655 4173 885 4230 regnum
921 4166 1168 4212 nostrum
1199 4157 1265 4211 ad
1289 4157 1663 4226 exequendum
1688 4156 2028 4219 donavimus,
2060 4155 2154 4209 sed
2187 4164 2242 4211 et

653 4245 743 4301 illa
778 4259 898 4315 quae
925 4259 1194 4300 consensu
1221 4243 1458 4299 fidelium
1501 4253 1808 4298 nostrorum
1841 4242 1955 4298 fieri
1979 4243 2241 4314 jussimus

643 4335 874 4405 quando
899 4349 1023 4389 cum
1049 4334 1217 4390 fratre
1249 4344 1439 4390 nostro
1470 4333 1775 4399 Hlothario,
1811 4335 2046 4406 glorioso
2078 4337 2242 4406 impe-

650 4430 863 4489 ratore,
891 4424 1029 4494 apud
1061 4421 1408 4479 Valentianas
1434 4423 1640 4494 loquuti
1666 4423 1886 4490 fuimus,
1915 4434 1969 4480 et
1994 4424 2241 4482 ﬁdelibus

2343 3260 2860 3332 nostroprtecipcre
2887 3260 3109 3332 dignum
3145 3267 3201 3313 et
3239 3257 3597 3315 necessarium
3637 3251 3820 3308 duximus.

2341 3355 2612 3426 Scriptum
2644 3363 2729 3410 est
2757 3354 2901 3409 enim
2929 3353 2984 3408 in
3010 3353 3116 3408 illis
3164 3352 3421 3422 capitulis
3450 3347 3644 3422 (Beued.
3676 3360 3720 3406 η,
3740 3341 3818 3408 9i):

2347 3464 2366 3499 ι
2412 3447 2468 3500 Si
2493 3447 2614 3516 quis
2640 3444 2780 3500 infra
2811 3457 3034 3516 regnum
3060 3443 3308 3514 rapinam
3332 3442 3536 3507 fecerit,
3551 3451 3635 3494 aut
3656 3437 3821 3502 cuiquam

2342 3546 2530 3592 nostro
2569 3536 2716 3592 ﬁdeli
2749 3535 2974 3606 ejusque
3023 3535 3231 3590 homini
3281 3532 3485 3604 aliquid
3521 3531 3568 3586 vi
3604 3522 3819 3582 abstulerit.

2341 3634 2394 3688 in
2422 3631 2580 3704 triplo
2605 3632 2693 3688 cui
2741 3630 2945 3700 aliquid
2992 3629 3492 3699 abstulit,‘legibus
3519 3626 3763 3691 componat.
3789 3620 3820 3664 ει

2343 3725 2563 3794 insuper
2589 3725 2826 3779 bannum
2869 3731 3135 3784 nostrum,
3169 3720 3220 3773 id
3255 3727 3342 3774 est
3380 3715 3639 3786 sexaginta
3677 3705 3820 3794 solidus

2341 3792 2498 3870 nobis
2521 3812 2814 3884 persolvat.
2841 3810 3189 3866 Postmodum
3215 3823 3344 3863 vero
3375 3817 3497 3861 ante
3531 3818 3618 3858 nos
3643 3815 3668 3853 a
3688 3792 3821 3851 -οθωὶιε

2327 3903 2660 3969 adducatur,
2703 3911 2760 3957 ut
2786 3901 2837 3955 in
2867 3901 3147 3955 bastonico
3177 3899 3262 3953 vel
3291 3899 3344 3952 in
3372 3898 3477 3953 alio
3500 3905 3688 3951 carcere
3706 3895 3822 3940 trusus

2341 4010 2512 4065 usque
2539 3995 2663 4050 dum
2689 3993 2844 4049 nobis
2879 3992 3143 4064 placuerit
3165 4006 3356 4061 poenas
3402 3990 3533 4043 luat.
3583 3984 3692 4039 Nam
3716 3977 3747 4031 si
3768 3988 3823 4042 pu-

2342 4086 2481 4142 h'lice
2503 4094 2682 4140 actum
2711 4082 2896 4148 fuerit,
2919 4081 3187 4153 publicam
3217 4079 3341 4134 inde
3367 4086 3490 4150 agat
3517 4066 3820 4144 pmniientiaau

2343 4174 2598 4243 quoniam
2622 4182 2892 4242 raptores,
2917 4178 2976 4223 ut
3015 4170 3091 4224 ait
3116 4167 3426 4235 Apostolus,
3453 4165 3547 4219 nisi
3577 4171 3721 4215 veram
3747 4162 3824 4245 ego

2343 4242 2451 4320 rint
2481 4262 2875 4334 pmnitentiam,
2908 4276 3135 4331 regnum
3169 4259 3262 4314 Dei
3287 4274 3393 4313 non
3424 4252 3738 4328 possidebunt.
3761 4242 3823 4304 Οτιῖ

2341 4371 2471 4411 vero
2503 4355 2568 4410 de
2597 4356 2759 4410 rebus
2804 4353 3158 4408 ceclesiarum
3191 4351 3394 4421 aliquid
3441 4342 3732 4402 abstulerint,
3752 4348 3825 4402 gn“

2346 4446 2465 4501 vius
2492 4446 2615 4500 inde
2639 4444 2980 4514 judicentur;
3031 4443 3154 4512 quiia
3187 4456 3464 4496 sacrarum
3498 4449 3655 4492 rerum
3696 4422 3825 4481 ablatio

643 4515 858 4571 nostris
922 4515 1228 4571 denuntiari
1281 4526 1338 4571 et
1399 4517 1689 4572 observare
1736 4519 2108 4590 praecepimus,
2173 4521 2236 4575 ad

2345 4535 2686 4604 sacrilegium
2718 4543 2819 4599 est,
2849 4544 2904 4588 et
2924 4534 3221 4602 sacrilegus
3247 4539 3473 4587 vocatur
3495 4528 3577 4598 qui
3601 4539 3656 4578 ex
3687 4519 3744 4590 eis
3767 4513 3825 4564 ali-

651 4607 997 4678 praasentiam
1025 4607 1312 4670 reducant,
1341 4615 1394 4661 et
1433 4606 1520 4660 illa
1567 4607 1832 4677 relegant.
1867 4609 1934 4662 Et
1972 4610 2097 4678 quia
2123 4609 2241 4663 ha‘c

653 4716 828 4772 pauca
854 4700 942 4754 hic
968 4700 1250 4755 brevitatis
1290 4715 1452 4754 causa
1486 4699 1923 4770 subscripsimus,
1957 4701 2009 4755 in
2043 4701 2239 4755 talibus

647 4795 822 4850 .rebus
861 4809 980 4864 quae
1008 4795 1087 4848 eis
1128 4793 1445 4848 advenerint
1493 4793 1560 4847 ad
1614 4792 2031 4856 emendandum,
2066 4803 2119 4848 et
2152 4793 2240 4847 hic

647 4885 786 4941 inde
831 4883 1064 4953 capitula
1101 4898 1210 4937 non
1261 4881 1600 4946 invenerint,
1643 4897 1740 4951 per
1784 4881 1868 4934 illa
1900 4891 1954 4936 ct
1999 4897 2096 4950 per
2134 4881 2238 4935 alia

656 4974 895 5048 capitula
923 4973 1072 5045 regia
1100 4983 1155 5028 et
1181 4972 1480 5045 synodalia,
1524 4971 2003 5042 qumcmendanda
2032 4981 2160 5027 sunt
2186 4981 2240 5027 et

651 5067 994 5124 emendanda
1045 5066 1395 5136 perviderint,
1461 5065 1752 5120 emendare
1811 5074 2124 5136 procurent.
2181 5066 2240 5122 Si

653 5175 790 5216 vero
811 5157 1053 5228 vetjuxta
1083 5156 1407 5213 tliabolicam
1443 5155 1813 5221 calliditatem,
1859 5165 1914 5211 et
1945 5156 2240 5211 secundum

656 5252 950 5307 humanam
975 5250 1355 5322 fragilitatem,
1392 5264 1529 5304 nova
1558 5265 1892 5319 quaecunque
1920 5250 2238 5318 acciderint,

658 5345 784 5415 quia
813 5359 951 5400 nova
981 5347 1291 5401 morborum
1315 5358 1514 5416 genera
1543 5357 1681 5397 nova
1726 5351 1974 5412 qua-runt
2005 5345 2242 5400 medica-

2343 4626 2470 4696 quid
2507 4623 2790 4680 abstulerit
2833 4632 2927 4678 aut
2983 4623 3239 4693 rapuerit.
3305 4621 3556 4676 Extorres
3598 4619 3774 4676 namque
3808 4616 3826 4648 ³

2330 4713 2619 4769 liminibus
2645 4722 2843 4768 sancta:
2875 4713 3064 4766 matris
3091 4712 3334 4766 ecclesiae
3378 4709 3508 4763 tales
3537 4711 3737 4776 persona:
3770 4703 3825 4741 us-

2342 4819 2448 4874 que
2473 4803 2540 4857 ad
2573 4802 2995 4858 satisfactionem
3027 4801 3288 4865 ecclesia),
3321 4794 3729 4870 quamlaeserunl,
3750 4785 3828 4835 sum

2343 4891 2603 4947 habendre
2640 4903 2802 4962 atque
2838 4892 3067 4945 firmiter
3111 4891 3447 4945 denotanalm.
3480 4907 3500 4939 ο
3542 4885 3598 4938 Ει
3626 4882 3827 4965 item

2337 4989 2463 5040 ’ctus
2489 4984 2709 5048 Paulus,
2733 4999 2830 5055 per
2859 4998 3016 5052 quem
3074 4983 3328 5052 loquutus
3369 4989 3451 5036 est
3475 4977 3712 5035 Christus,
3745 4963 3828 5055 dicit

2344 5079 2469 5148 quia
2499 5093 2674 5146 neque
2704 5092 2944 5144 rapaces,
2974 5074 3467 5145 nequehomicidze,
3495 5081 3649 5137 neque
3669 5056 3827 5114 adulteri

2343 5183 2569 5238 regnum
2598 5168 2690 5222 Dei
2724 5167 3090 5238 possidebunt.
3115 5165 3182 5219 Et
3209 5167 3358 5228 item,
3388 5166 3429 5219 si
3468 5161 3580 5232 quis
3616 5150 3828 5238 ΐυτιιίθῗιθτ

2343 5267 2445 5323 est,
2478 5267 2571 5312 aut
2593 5257 2824 5320 adulter,
2857 5265 2948 5310 aut
2973 5272 3159 5328 rapax,
3186 5265 3278 5310 aut
3316 5253 3574 5308 homicida
3595 5289 3607 5309 .
3633 5235 3826 5328 cum-hu:

2339 5347 2574 5417 jusmodi
2615 5363 2712 5402 nec
2752 5347 2929 5400 cibum
2962 5323 3174 5400 sumere
3200 5342 3402 5399 Christi
3442 5333 3687 5408 discipulo,
3711 5325 3748 5381 id
3778 5323 3828 5373 εει

1945 5502 2179 5558 VARIE
2218 5504 2621 5563 LECTlONES.

725 5641 797 5673 ’“
824 5638 999 5705 jactat
1025 5638 1081 5710 5:
1156 5640 1456 5710 "°°gencra
1487 5639 1942 5710 intirmitatumﬁ.
1970 5638 2090 5710 i.7v.
2121 5639 2304 5694 (lerunt
2326 5640 2380 5699 ι,
2457 5642 2523 5675 ἐι
2556 5656 2711 5695 manu
2743 5640 3009 5695 Sir-mandi
3034 5648 3086 5695 et
3107 5613 3314 5697 solvant
3340 5639 3464 5693 Bst.
3503 5613 3505 5616 i
3536 5632 3617 5664 ""
3636 5618 3826 5698 ρεινῖεῖπί)

656 5711 711 5766 5.
793 5710 862 5742 ”'
887 5710 1026 5764 deut
1053 5709 1107 5762 3.
1183 5709 1283 5742 ""7
1304 5720 1358 5768 ct
1383 5710 1434 5766 3.
1464 5711 1515 5764 4.
1596 5711 1666 5743 ³⁸⁸
1691 5711 1830 5764 deest
1862 5709 1914 5762 4.

1993 5709 2082 5741 ⁹³⁸’
2115 5711 2218 5764 illis
2238 5712 2291 5765 5.

3885 801 3887 924 l

3886 1169 3887 1260 ψ

3886 1393 3887 1484 l
