3960 6320
1139 384 1562 444 FRANCORUM
1593 383 1834 440 REGUM
1866 381 2344 440 CAPITULARIA.

3267 387 3374 444 890

107 494 433 560 christiano,
469 495 594 552 licet
633 504 760 553 ante
805 497 1263 565 satisfactionem,
1314 500 1366 553 id
1397 509 1481 554 est
1509 512 1691 552 eorre-
1721 483 1768 542 Α
1799 500 1910 568 ipse
1937 507 2130 567 potens
2158 498 2242 552 vel
2269 496 2451 553 senior
2479 497 2805 554 satisfecerit
2827 499 3082 571 episcopo
3110 509 3164 556 et
3190 502 3372 558 missis

107 585 342 640 stionem
373 600 438 642 ac
468 589 901 644 emendationem
945 599 1001 644 et
1041 590 1255 661 dignam
1297 589 1686 660 pmnitentiam.

110 676 177 730 Et
197 686 423 734 sanctus
453 677 728 735 Johannes
759 681 1032 751 apostolus
1055 681 1212 736 talem
1242 683 1478 735 salutare
1504 689 1596 734 aut
1636 681 1689 734 in

108 767 335 823 domum
385 770 626 840 recipere
659 781 826 827 vetat.
879 773 948 828 Et
1001 774 1140 828 sacri
1193 789 1431 829 canones
1484 772 1688 842 Spiritu

109 865 300 913 sancto
323 873 420 928 per
438 874 532 914 eos
561 861 769 927 dictati,
797 862 888 932 qui
920 863 972 916 in
1006 863 1146 918 coelo
1169 880 1292 918 cum
1325 865 1435 919 Deo
1465 872 1693 934 regnant

109 947 244 1001 etin
286 948 449 1004 terris
488 950 768 1006 miraculis
817 961 1128 1017 coruscant,
1171 954 1570 1008 constituerunt
1609 952 1692 1005 di-

107 1047 298 1095 centes
331 1055 346 1095 :
379 1039 436 1096 Si
457 1042 580 1110 quis
610 1041 676 1098 de
713 1043 1027 1112 potentibus
1057 1043 1338 1108 clericum,
1364 1052 1455 1099 aut
1497 1058 1688 1113 quem-

109 1127 241 1185 libet
294 1145 611 1201 pauperem,
660 1141 754 1187 aut
806 1133 1114 1204 religiosum
1179 1133 1589 1203 exspoiiaverit,
1636 1141 1692 1188 et

111 1221 451 1277 mandaverit
475 1223 542 1278 ad
572 1224 746 1294 ipsum
768 1227 1056 1295 episcopus
1082 1234 1140 1279 ut
1160 1240 1282 1280 eum
1313 1225 1518 1291 audiat,
1549 1234 1604 1281 et
1645 1224 1690 1281 is

110 1313 516 1382 contempserit,
549 1313 780 1369 invicem
826 1329 951 1370 mox
1000 1316 1208 1384 scripta
1246 1325 1565 1386 percurrunt
1595 1330 1693 1385 per

111 1415 300 1458 omnes
329 1403 622 1472 provincia:
657 1404 937 1475 episcopos
958 1421 1306 1476 quoscunque
1331 1406 1481 1461 adire
1501 1415 1693 1474 potue-

111 1491 240 1558 rint,
263 1502 326 1548 ut
346 1494 847 1550 excommunicatus
884 1495 1150 1551 habeatur
1180 1496 1353 1550 donec
1405 1496 1593 1550 audiat
1637 1505 1693 1550 ct

113 1586 305 1642 reddas
329 1586 526 1642 aliena.
558 1587 625 1642 Et
647 1587 714 1642 de
741 1587 904 1643 rebus
931 1603 996 1643 ac
1037 1587 1386 1644 facultatibus
1430 1587 1691 1644 ecclesia-

113 1677 261 1732 sticis
285 1676 474 1732 dicunt
506 1695 520 1732 :
547 1676 604 1732 Si
629 1677 752 1747 quis
792 1677 1094 1734 oblationes
1131 1679 1374 1734 ecclesia:
1417 1688 1572 1733 extra
1604 1692 1693 1733 ec-

119 1769 332 1825 clesiam
358 1769 606 1839 accipere
637 1769 721 1824 vel
763 1769 891 1824 dare
916 1769 1145 1826 voluerit
1171 1779 1367 1840 praeter
1410 1769 1692 1824 conscien-

124 1861 236 1914 tiam
269 1860 532 1930 episcopi,
563 1860 648 1915 vel
675 1859 794 1929 ejus
812 1861 899 1917 cui
927 1859 1294 1930 hujuscemodi
1325 1859 1498 1915 oiiicia
1541 1875 1692 1915 com-

118 1949 272 2006 missa
313 1960 455 2016 sunt,
485 1967 586 2007 nec
633 1967 758 2008 cum
808 1952 924 2023 ejus
957 1952 1188 2008 voluerit
1241 1967 1401 2022 agere
1443 1951 1688 2012 consilio,

119 2039 396 2094 anathema
427 2041 518 2095 sit.
543 2040 610 2095 Et
641 2041 770 2095 item
816 2041 869 2094 in
897 2041 1148 2110 capitulis
1186 2041 1271 2095 avi
1303 2049 1358 2094 et
1396 2041 1566 2110 patris
1598 2054 1693 2092 no-

119 2131 208 2186 stri
227 2132 488 2204 scriptum
508 2141 591 2188 est
615 2132 680 2188 de
711 2132 795 2186 his
824 2133 915 2202 qui
946 2133 1001 2186 in
1042 2132 1283 2187 exercitu
1340 2144 1694 2202 quoscunque

121 2235 294 2278 secum
315 2223 539 2288 ducunt,
572 2222 714 2292 quod
738 2230 794 2278 et
831 2238 932 2302 nos
979 2222 1120 2278 infra
1163 2222 1396 2293 patriam
1445 2221 1693 2276 volumus

118 2311 416 2368 observare.
459 2312 676 2384 (Anseo.
704 2327 765 2379 ιι,
792 2311 905 2376 15.)
937 2312 1190 2383 Deinceps
1229 2313 1468 2367 omnibus
1491 2312 1696 2366 denun-

118 2403 240 2457 tiare
258 2401 493 2463 uolumus
531 2413 585 2458 ut
616 2405 971 2474 unusquisque
1009 2412 1289 2474 cognoscat
1314 2419 1493 2457 omnes
1511 2403 1600 2474 qui
1637 2403 1692 2456 in

116 2508 206 2544 suo
231 2493 471 2563 obsequio
497 2506 642 2560 sunt,
669 2495 773 2548 sive
801 2496 882 2548 sui
909 2495 1036 2560 sint,
1064 2495 1170 2548 sive
1213 2493 1394 2560 alieni,
1426 2504 1481 2548 ut
1510 2493 1599 2547 ille
1627 2495 1693 2548 de

114 2601 285 2638 eorum
308 2585 459 2654 {actis
485 2586 738 2641 rationem
759 2603 814 2641 se
832 2588 962 2641 sciat
987 2585 1316 2640 redditurum
1330 2603 1348 2650 ;
1377 2595 1425 2640 et
1447 2585 1704 2657 quicquid

113 2673 162 2726 in
186 2691 312 2743 pace
344 2676 592 2732 violanda
617 2676 950 2749 deliquerint,
984 2677 1053 2730 ad
1088 2677 1250 2747 ipsius
1279 2677 1462 2730 debeat
1483 2677 1692 2746 pericu-

106 2767 214 2822 lunt
240 2772 503 2840 pertinere
542 2785 571 2824 :.
598 2789 660 2827 ea
699 2772 893 2827 scilicet
921 2773 1236 2838 conditione,
1268 2781 1324 2826 ut
1347 2771 1490 2842 pacis
1528 2768 1694 2824 viola-

106 2867 190 2908 tor
217 2860 456 2927 primum.
473 2864 634 2931 juxta
684 2862 938 2932 facinoris
984 2860 1319 2933 qualitatem,
1362 2861 1466 2914 sive
1513 2875 1693 2913 coram

106 2948 276 3014 nobis,
306 2951 410 3005 sive
437 2967 615 3006 coram
639 2953 799 3006 misso
826 2962 1028 3020 nostro,
1059 2952 1247 3021 dignas
1281 2966 1458 3020 poenas
1499 2945 1696 3018 persol-

105 3048 208 3105 vat,
231 3049 278 3092 et
303 3041 498 3106 senior,
526 3042 615 3111 qui
642 3059 819 3096 secum
842 3041 998 3097 talem
1022 3043 1250 3106 duxerit,
1274 3057 1426 3112 quem
1449 3049 1540 3094 aut
1572 3054 1695 3093 con-

103 3129 351 3200 stringere
373 3131 538 3186 noluit
567 3143 658 3187 aut
699 3151 804 3188 non
825 3135 992 3206 potuit
1025 3143 1080 3188 ut
1125 3142 1354 3188 nostram
1401 3131 1695 3204 jussionem

1793 589 1975 660 regiis,
2008 589 2131 658 quia
2179 604 2305 643 suos
2341 589 2589 644 homines
2630 590 2695 644 ad
2726 592 3156 647 emendationem
3198 601 3256 646 et
3305 593 3374 648 ad

1790 679 2163 752 paenitentiam
2187 695 2290 734 non
2322 687 2497 750 potest
2539 681 2824 746 adducere,
2858 681 2950 736 sed
2982 683 3215 752 seipsum
3263 683 3378 736 vult

1791 763 1886 824 aut
1910 785 1940 824 a
1977 768 2175 825 talibus
2207 771 2498 825 immunem
2532 770 2816 827 ostendere
2845 780 2940 826 aut
2965 771 3125 842 digne
3161 772 3378 826 satisfa-

1791 875 1938 924 cere,
1977 868 2032 914 et
2056 859 2361 928 hujusmodi
2407 859 2682 914 maleficos
2722 875 2750 914 a
2786 875 2884 915 suo
2913 861 3173 930 obsequio
3202 862 3374 916 reice-

1793 965 1873 1014 re,
1897 958 2027 1004 etut
2054 950 2144 1004 Dei
2177 951 2423 1004 inimicos
2448 951 2872 1020 perscqui,tunc
2903 961 2993 1005 aut
3027 967 3128 1005 non
3158 966 3378 1006 excom-

1793 1040 2120 1104 municetur,
2168 1041 2352 1095 autah
2385 1042 2949 1096 excommunicatione
2992 1041 3252 1095 solvatur.
3311 1039 3379 1095 Et

1792 1131 1920 1186 item
1948 1130 2001 1184 in
2027 1128 2275 1200 capitulis
2301 1130 2687 1201 imperatorum
2733 1131 2995 1200 scriptum
3033 1139 3115 1186 est
3157 1129 3375 1199 (Ausus.

1794 1235 1858 1284 ti,
1888 1218 1979 1290 23)
2011 1234 2025 1273 :
2057 1218 2282 1274 Comites
2332 1235 2451 1274 vero
2504 1221 2757 1274 ministris
2809 1219 3039 1274 ecclesia:
3096 1221 3151 1274 in
3196 1236 3378 1274 eorum

1793 1312 2116 1377 ministeriis,
2157 1319 2210 1365 ut
2240 1313 2337 1365 hoc
2366 1311 2572 1381 plenius
2598 1321 2643 1365 et
2669 1312 2731 1365 de
2753 1313 2964 1375 nostris,
3007 1322 3054 1365 et
3106 1311 3169 1364 de
3210 1327 3286 1375 se,
3329 1319 3380 1364 et

1793 1402 1857 1456 de
1884 1404 1993 1456 suis
2022 1402 2318 1456 hominibus
2353 1402 2582 1457 obtinere
2620 1405 2842 1472 possint,
2875 1402 3144 1473 adjutores
3177 1403 3229 1454 in
3264 1417 3379 1456 om-

1795 1491 1944 1545 nibus
1983 1491 2138 1559 ﬁant.
2175 1491 2240 1544 Et
2274 1493 2570 1562 quicunque
2598 1492 2769 1561 prima
2805 1499 2854 1544 ct
2901 1490 3130 1544 secunda
3168 1491 3276 1543 vice
3317 1489 3383 1543 ds

1793 1581 1874 1634 his
1896 1597 1928 1634 a
1956 1581 2140 1635 comite
2167 1581 2465 1633 admonitus
2500 1597 2602 1633 non
2629 1596 2683 1634 se
2711 1581 3019 1644 correxerit,
3054 1579 3292 1634 uolumus
3323 1586 3382 1632 ut

1793 1689 1885 1742 per
1906 1673 2124 1726 eundem
2155 1673 2392 1726 comitem
2422 1673 2536 1742 ejus
2564 1673 2881 1744 neglegentia
2909 1676 2978 1727 ad
3021 1685 3254 1727 nostram
3291 1688 3384 1726 no-

1798 1764 1965 1818 titiam
1998 1765 2314 1834 perferatur,
2341 1774 2395 1817 ut
2425 1775 2602 1819 nostra
2626 1765 2938 1819 auctoritate
2956 1767 3095 1835 quod
3124 1767 3177 1819 in
3206 1774 3384 1819 nostro

1724 1856 1769 1916 Β
1798 1853 2078 1923 capitulari
2104 1855 2416 1918 continetur,
2439 1855 2613 1908 subire
2634 1863 2870 1926 cogatur.
2899 1854 2964 1909 Et
2992 1855 3118 1908 item
3144 1854 3228 1925 (It,
3253 1853 3378 1925 id):

1796 1945 1875 2000 De
1899 1962 2025 2015 pace
2054 1947 2104 1998 in
2128 1945 2398 2000 exercitali
2428 1946 2610 2000 itinere
2632 1946 2888 1999 servanda
2918 1962 3082 2016 usque
3129 1945 3196 1998 ad
3242 1961 3384 1998 mare

1795 2041 1972 2104 chant,
2007 2041 2102 2092 hoc
2125 2039 2364 2092 omnibus
2410 2048 2587 2092 nolunt
2625 2037 2741 2106 ﬁeri
2792 2039 3050 2102 volumus,
3085 2037 3223 2107 quod
3273 2038 3386 2107 qui.

1795 2147 1999 2201 cunque
2020 2141 2284 2183 auctorem
2313 2129 2490 2183 damni
2517 2129 2616 2184 sibi
2642 2128 2794 2182 inlati
2847 2128 3152 2183 nominatim
3198 2143 3387 2198 cogno-

1800 2221 1914 2289 scit,
1957 2220 2295 2290 utjustitiam
2339 2219 2402 2274 de
2433 2219 2523 2274 illo
2552 2229 2755 2290 qurerat
2787 2228 2834 2273 et
2865 2219 3109 2289 accipiat.
3157 2216 3230 2271 Et
3259 2217 3404 2272 item-

1798 2317 1948 2388 (BEN.
1985 2317 2174 2387 1,5“)
2207 2334 2220 2370 :
2264 2312 2322 2369 Si
2346 2316 2460 2386 quis
2489 2316 2541 2369 in
2585 2316 2816 2369 exercitu
2861 2313 2936 2368 rel
2984 2313 3123 2382 infra
3171 2327 3386 2383 regnum

1795 2408 1908 2462 sine
1928 2407 2169 2478 jussione
2191 2407 2454 2460 dominica
2481 2422 2578 2477 per
2605 2407 2707 2460 vim
2738 2404 2976 2459 hostilem
3005 2403 3202 2474 aliquid
3244 2419 3384 2472 prcu-

1797 2498 1916 2551 dari
1945 2496 2185 2564 voluerit,
2214 2508 2303 2550 aut
2336 2496 2528 2566 frenum
2571 2495 2790 2560 tollere,
2842 2503 2933 2548 aut
2986 2509 3230 2564 granum,
3282 2492 3388 2545 sive

1796 2605 1984 2658 pecora
2013 2589 2104 2620 θ’θ’
2136 2589 2340 2658 majora
2371 2588 2450 2644 vel
2491 2590 2718 2656 minora,
2766 2587 3050 2656 domosque
3098 2585 3386 2654 infringere

1797 2679 1877 2735 vel
1897 2681 2193 2747 incendere,
2217 2681 2327 2735 ha'c
2360 2697 2422 2734 ne
2446 2680 2577 2748 ﬁant
2600 2679 2809 2733 omnino
2833 2678 3186 2749 prohibemus.
3232 2674 3387 2742 Quod

1797 2771 1842 2824 si
1878 2772 1944 2824 ab
1995 2771 2170 2841 aliqua
2234 2771 2623 2841 prmsumptiose
2661 2769 2858 2838 factum
2894 2767 3072 2838 fuerit,
3112 2767 3388 2837 sexaginta

1797 2862 2002 2928 solidis,
2024 2863 2071 2917 si
2093 2863 2222 2916 liber
2246 2872 2340 2927 est,
2366 2863 2427 2916 sit
2453 2861 2751 2933 culpabilis,
2783 2870 2830 2915 ct
2863 2861 3040 2914 omnia
3067 2859 3261 2913 similia
3305 2874 3386 2910 re-

1797 2955 2004 3021 stituat,
2036 2964 2124 3010 aut
2145 2971 2261 3009 cum
2285 2955 2560 3010 duodecim
2595 2955 2813 3008 testibus
2853 2969 2907 3007 se
2930 2961 3134 3022 purget.
3185 2948 3242 3004 Si
3270 2964 3386 3003 vero

1799 3061 1975 3100 servus
2030 3045 2126 3098 hoc
2173 3044 2351 3114 fuerit,
2393 3045 2646 3098 sententia
2708 3041 2921 3112 capitali
2977 3041 3284 3109 subjaceat,
3334 3047 3384 3090 et

1799 3134 2042 3188 dominus
2081 3133 2256 3186 omnia
2285 3131 2479 3186 similia
2523 3132 2780 3195 restituat,
2811 3132 2937 3201 quia
2981 3144 3186 3184 servum
3230 3141 3386 3180 suum

106 3229 437 3285 servaret,et
487 3221 702 3292 insuper
727 3223 785 3277 in
824 3202 982 3293 regno
1034 3233 1214 3277 nostra
1260 3202 1470 3294 praedas
1513 3222 1688 3292 facere
1716 3202 1760 3266 Ο
1793 3239 1896 3278 non
1927 3224 2152 3277 correxit
2179 3239 2270 3276 nec
2296 3223 2570 3277 custodiuit
2604 3231 2660 3275 ut
2701 3222 2831 3276 talia
2873 3237 2977 3274 non
3013 3216 3332 3290 perpetraret
3357 3231 3400 3267 :-

107 3324 204 3363 non
225 3311 479 3379 timuerit,
524 3329 618 3384 pro
657 3313 801 3368 illius
831 3314 1172 3385 neglegentia,
1214 3315 1261 3370 si
1299 3322 1419 3370 ante
1461 3331 1579 3370 eum
1623 3332 1688 3369 tre

109 3396 184 3451 his
209 3415 308 3453 non
331 3401 689 3469 admonuerit,
717 3412 764 3458 et
787 3415 1064 3474 postquam
1091 3405 1415 3476 neglegentia
1455 3414 1686 3460 contem-

107 3491 268 3554 ptoris
308 3492 378 3544 ad
425 3493 540 3562 ejus
596 3494 837 3548 notitiam
889 3497 1344 3565 pervenerit,eum
1402 3497 1683 3566 corrigere,

108 3582 234 3636 sicut
255 3585 420 3651 decet,
452 3586 751 3655 neglexerit,
789 3587 986 3642 honore
1012 3590 1400 3659 suoprivetur;
1441 3601 1497 3643 ut
1539 3589 1686 3644 scili-

110 3683 178 3725 cet
241 3687 425 3730 neuter
488 3676 699 3732 illorum
749 3679 861 3733 sine
904 3679 1056 3750 justa
1111 3681 1338 3737 vindicta
1398 3693 1684 3736 remaneat.

112 3760 209 3819 Vos
253 3765 327 3806 ὀδ
378 3775 560 3822 autem
591 3768 882 3839 episcopi,
921 3771 1233 3842 evangelica
1281 3780 1338 3828 et
1392 3772 1686 3842 apostolica

111 3862 258 3923 atque
295 3858 592 3928 episcopali
621 3861 944 3918 auctoritate
983 3863 1253 3918 seniorem
1296 3871 1354 3918 et
1394 3863 1690 3934 quemlibet

112 3946 249 4015 regni
276 3956 572 4017 potentem,
614 3949 660 4004 si
707 3935 1071 4007 commonitus
1111 3951 1266 4022 juxta
1317 3954 1688 4025 evangelicum

112 4049 426 4112 praeceptum
455 4057 515 4096 se
543 4057 777 4114 suosque
821 4045 1071 4101 homines
1112 4047 1386 4118 corrigere
1433 4047 1686 4114 noluerit,

113 4137 161 4179 et
185 4127 310 4183 licet
332 4129 446 4200 ipse
475 4131 602 4188 talia
629 4148 737 4188 non
763 4131 949 4200 faciat,
988 4143 1166 4189 tamen
1195 4136 1238 4190 si
1267 4137 1350 4190 sui
1391 4137 1476 4192 vel
1508 4137 1559 4190 in
1589 4152 1687 4192 suo

115 4217 359 4290 obsequio
397 4231 678 4280 manentes
713 4225 841 4280 talia
893 4225 1152 4290 fecerint,
1185 4226 1231 4281 si
1277 4241 1371 4282 eos
1407 4243 1514 4281 non
1569 4243 1689 4283 cor-

118 4313 325 4378 rexerit,
375 4323 434 4369 et
467 4316 748 4372 emendari
789 4332 910 4386 quae
963 4317 1166 4372 faciunt
1214 4334 1319 4374 non
1365 4319 1685 4384 obtinuerit,

118 4418 299 4477 eosque
325 4408 392 4463 ad
428 4410 800 4478 ptenitentiam
835 4425 939 4466 non
965 4412 1300 4480 perduxerit,
1331 4412 1443 4481 ipse
1471 4425 1688 4468 excom-

121 4497 407 4552 municetur
444 4500 738 4554 secundum
782 4515 969 4555 sacros
1008 4516 1271 4567 canones,
1327 4501 1499 4557 donec
1556 4517 1684 4558 suos

121 4581 346 4641 homines
368 4587 436 4642 ad
462 4589 894 4645 emendationem
919 4598 974 4644 et
1009 4591 1386 4662 pcenitentiam
1421 4593 1677 4658 reducat;

121 4675 227 4742 quia
255 4677 450 4731 melius
489 4677 848 4748 indicavimus
893 4679 1042 4735 illum
1079 4683 1536 4738 excommunicari
1586 4698 1686 4752 per

123 4764 253 4833 cujus
284 4765 501 4822 fortiam
528 4769 610 4823 sui
652 4769 777 4823 talia
823 4769 1050 4837 faciunt,
1101 4787 1266 4841 quam
1321 4787 1511 4827 omnes
1565 4771 1684 4827 illos

123 4856 201 4923 qui
247 4873 342 4913 nec
373 4857 540 4914 Deum
582 4859 792 4924 timent,
818 4877 919 4916 nec
955 4861 1235 4932 episc0pos
1277 4877 1452 4932 neque
1490 4863 1685 4918 missos

123 4947 189 5002 rei
241 4949 463 5019 publica:
517 4962 741 5022 propter
789 4953 907 5023 ejus
957 4953 1174 5009 fortiam
1231 4963 1582 5019 reverentur,
1629 4967 1684 5009 et

121 5043 548 5096 escommunicati
593 5043 693 5113 ipsi
739 5059 847 5099 non
879 5045 1247 5114 corriguntur,
1304 5053 1358 5100 et
1408 5045 1544 5099 alios
1582 5061 1680 5100 suo

121 5134 290 5189 morbo
313 5134 558 5190 inliciunt
583 5154 595 5189 :
629 5135 776 5206 quia,
805 5136 1022 5192 dicente
1043 5137 1319 5207 Apostolo,
1349 5153 1453 5193 non
1503 5138 1677 5194 solum

121 5222 200 5291 qui
227 5221 445 5290 faciunt,
473 5224 568 5279 sed
604 5225 696 5295 qui
744 5226 1086 5280 consentiunt
1137 5226 1482 5293 facientibus,
1534 5227 1678 5298 digni

119 5321 235 5368 sunt
257 5321 450 5370 morte.
499 5313 616 5369 Non
664 5325 748 5370 est
799 5314 937 5370 liber
984 5331 1015 5370 a
1063 5330 1326 5372 consensu
1381 5317 1472 5388 qui
1535 5319 1678 5387 quod

115 5406 390 5474 emendare
432 5416 650 5477 potest,
674 5409 964 5464 emendare
1000 5409 1232 5482 neglegit
1281 5430 1294 5465 :
1352 5420 1681 5483 quapropter

130 5495 226 5551 sine
270 5497 430 5553 dubio
476 5498 680 5567 peccati
728 5514 786 5555 se
841 5500 1161 5572 participem
1210 5501 1356 5556 facit.
1405 5501 1460 5557 Si
1500 5513 1681 5557 autem

1789 3318 2036 3389 quoniam
2087 3317 2134 3371 si
2188 3333 2279 3371 nos
2337 3315 2474 3386 ipsos
2524 3315 2861 3378 comedimus,
2905 3313 3009 3366 cito
3061 3311 3382 3379 tle/ieientus.

1794 3407 2158 3480 Unusquisque
2206 3417 2383 3462 tamen
2430 3405 2691 3461 custodiat
2742 3405 3027 3459 exercitum
3077 3417 3264 3467 suum,
3321 3416 3384 3453 ne

1789 3499 1969 3568 aliqua
2009 3497 2329 3568 deprazdatio
2374 3496 2514 3567 infra
2570 3511 2784 3566 regnum
2812 3494 2962 3563 ﬁant.
3014 3491 3278 3548 Similiter
3327 3498 3384 3544 et

1791 3586 2045 3642 collectas
2080 3601 2214 3656 quas
2237 3586 2526 3641 Theotisca
2551 3585 2622 3616 ⁸⁸⁸
2662 3585 2842 3655 lingua
2876 3582 3140 3652 herizuph
3179 3581 3251 3614 ’⁸⁸
3287 3597 3383 3650 ap-

1789 3676 2008 3745 pellant,
2043 3685 2098 3731 et
2144 3676 2496 3732 iufractiones
2543 3677 2976 3737 immunitatum,
3007 3683 3062 3729 et
3105 3673 3378 3739 incendia,

1789 3775 1843 3822 et
1868 3767 2183 3823 assalituras
2213 3767 2266 3821 in
2300 3767 2510 3833 domos,
2538 3775 2592 3822 et
2617 3765 3046 3834 coujurationes,
3079 3773 3133 3819 et
3155 3764 3378 3832 conspi-
3431 3779 3436 3788 ί

1792 3860 2051 3926 rationes,
2075 3867 2132 3914 et
2175 3859 2494 3924 seditiones,
2521 3865 2577 3912 et
2606 3865 2792 3927 raptus
2837 3854 3184 3916 feminarum,
3236 3853 3380 3907 sicut

1789 3961 1842 4007 ct
1864 3952 2058 4008 divinae
2082 3961 2136 4006 et
2156 3953 2404 4007 humanae
2425 3949 2575 4021 leges
2598 3947 2909 4019 prohibent,
2940 3953 2996 4000 et
3019 3947 3383 4016 praedecesso-

1790 4061 1880 4101 res
1923 4045 2092 4100 nostri
2134 4059 2288 4115 reges
2341 4043 2760 4114 prohibuerunt,
2808 4038 3040 4094 ﬁrmiter
3083 4051 3150 4091 ex
3195 4036 3378 4091 banno

1791 4146 1978 4192 nostro
2009 4145 2064 4191 et
2093 4151 2192 4192 nos
2218 4136 2593 4207 prohibemus.

1856 4228 1966 4284 Nos
2001 4243 2218 4299 quoque
2244 4227 2505 4298 episc0pi,
2530 4225 2853 4280 auctoritate
2883 4222 2976 4278 Dei
3007 4230 3062 4277 et
3095 4233 3373 4276 sacrorum

1790 4335 2080 4384 canonum,
2105 4320 2247 4374 sicut
2268 4318 2440 4373 sancti
2464 4315 2746 4387 pontiﬁces
2764 4313 2869 4369 650
2893 4313 2946 4368 in
2977 4310 3380 4367 Chalcedonen-

1788 4411 1832 4466 si
1861 4410 2090 4466 concilio
2111 4409 2565 4479 conspirationem
2595 4407 2709 4462 iieri
2739 4405 3154 4477 prohibuerunt,
3186 4410 3240 4456 et
3269 4401 3398 4455 sic--

1788 4507 1850 4554 ut
1898 4508 2091 4554 caetera
2141 4497 2366 4553 concilia
2423 4497 2796 4567 episcoporum
2845 4493 3148 4564 huiusmodi
3199 4491 3381 4560 perni-

1788 4592 1934 4646 ciosa
1967 4588 2106 4644 facta
2138 4596 2447 4655 vetuerunt,
2492 4597 2548 4642 et
2580 4603 2678 4641 nos
2709 4585 3089 4656 prohibemus;
3122 4581 3248 4652 quia
3303 4581 3379 4635 fa-

1789 4686 1992 4741 cientes
2016 4683 2103 4736 illa
2137 4697 2235 4752 per
2255 4696 2442 4737 eorum
2470 4679 2733 4750 judicium
2764 4677 3001 4748 quicum
3037 4672 3277 4743 Deojam
3323 4673 3380 4726 in

1788 4775 1928 4833 cmlo
1964 4783 2212 4845 regnant,
2238 4782 2292 4828 et
2341 4788 2370 4826 a
2402 4771 2608 4827 cualesti
2658 4768 2883 4826 ecclesia
2915 4776 2968 4824 et
2997 4783 3026 4822 a
3055 4765 3380 4822 christiano—

1788 4885 1908 4924 rum
1962 4867 2222 4923 societate
2261 4864 2496 4934 separati
2527 4871 2673 4927 sunt,
2702 4861 2803 4916 nisi
2837 4875 2932 4931 per
2961 4860 3150 4932 dignos
3202 4855 3378 4927 poeni-

1788 4960 1973 5014 tentiae
1999 4957 2204 5012 fructus
2250 4956 2317 5011 ad
2361 4955 2464 5010 hoc
2501 4955 2724 5009 redeant
2777 4961 2839 5008 ut
2890 4961 3088 5008 sanctae
3137 4949 3379 5005 ecclesia)

1789 5045 2326 5118 possintreaduuari.
2365 5042 2625 5099 Similiter
2681 5051 2739 5096 ut
2791 5043 2906 5099 haec
2960 5040 3216 5111 capitula,
3257 5052 3377 5106 qua:

1789 5136 1877 5191 hic
1898 5142 2154 5189 annotata
2193 5141 2337 5198 sunt,
2365 5134 2435 5187 ita
2466 5148 2563 5204 per
2588 5134 2703 5187 haec
2730 5143 2784 5186 et
2812 5132 2896 5186 illa
2937 5131 3116 5186 omnia
3154 5142 3271 5197 qua:
3322 5125 3376 5179 in

1790 5227 2168 5298 suprascriptis
2193 5226 2347 5292 locis,
2381 5225 2586 5282 scilicet
2611 5227 2661 5279 in
2687 5224 2980 5286 Carisiaco,
3007 5231 3062 5276 et
3089 5219 3226 5296 apud
3271 5217 3377 5272 Va-

1788 5320 2077 5383 lentianas,
2106 5316 2329 5373 collecta
2354 5327 2408 5372 et
2433 5317 2723 5372 constituta
2755 5324 2900 5380 sunt,
2935 5311 3212 5368 observari
3240 5323 3376 5380 ιπε-

1790 5409 2020 5478 cipimus
2049 5416 2104 5462 et
2125 5421 2312 5461 omnes
2341 5414 2700 5461 communiter
2732 5403 3140 5459 confirmamus.

1863 5498 1920 5553 Si
1951 5507 2129 5553 autem
2165 5495 2359 5568 aliquis
2390 5495 2722 5566 quiscunque
2769 5493 3080 5548 inobedicns
3111 5488 3401 5554 extiterit,,

1419 5642 1652 5698 VARIAS
1687 5642 2090 5700 LECTIONES.

182 5755 246 5787 ’“
273 5756 342 5811 ita
373 5757 423 5812 5.
458 5755 562 5814 Nos
585 5755 648 5812 B.
727 5758 816 5791 ηδ’
846 5757 916 5814 al.
950 5775 1178 5832 corpora
1204 5759 1269 5816 Β.
1309 5773 1533 5831 peccora
1560 5757 1614 5812 3.
1694 5756 1760 5789 ³³³
1796 5756 2016 5813 teotisca
2044 5754 2121 5841 ί..
2179 5754 2246 5788 οδε
2275 5753 2496 5810 herisub
2525 5753 2576 5805 5.
2611 5751 2860 5819 heriszup
2887 5749 2966 5804 4..

1668 5871 1674 5877 ,
1745 5855 1772 5872 κ
