3876 5326
630 366 731 423 691

1346 362 1634 433 APPEND.
1675 318 1763 417 so
1795 358 1969 417 δίερ.
2012 360 2079 417 x.
2106 358 2633 427 —uo.\*unts:t'ra
2668 346 3144 422 DIPLOMATICA.
3718 361 3791 422 tu
3838 352 3839 359 ‘

629 491 752 530 cum
786 490 994 531 summa
1036 474 1379 530 festinatione
1418 473 1676 544 episcopi,
1708 475 1932 530 comites
1971 481 2025 531 et
2053 473 2203 529 missi
2235 481 2275 536 Α
2305 490 2409 553 quc
2432 455 2823 532 emendationis
2851 478 2934 532 vel
2965 474 3328 531 damnationis
3353 462 3532 528 eorum
3552 472 3681 528 abeo
3709 492 3791 531 sca-
3838 512 3839 539 ξ

632 564 789 619 uobis
811 574 993 619 notum
1024 563 1201 619 faccre
1223 574 1429 629 curent,
1455 574 1509 619 ut
1533 566 1849 634 quantocius
1877 564 1944 619 ad
1963 573 2203 618 nostram

623 654 974 725 praesentiam
1017 654 1163 706 illum
1212 655 1395 708 venire
1422 652 1737 723 jubeamus,
1768 663 1823 710 et
1862 654 2079 722 dignam
2127 654 2209 710 ul-

633 742 832 798 tionem
862 743 1153 797 secundum
1179 744 1437 812 judicium
1464 744 1698 799 ﬁdelium
1734 752 2042 799 nostrorum
2088 759 2208 799 sus-

631 833 820 887 liueat.
854 831 1012 897 Etsi,
1065 834 1207 901 quod
1256 833 1415 898 absit,
1468 833 1586 887 talis
1629 833 1915 888 emerserit
1960 834 2054 903 qui
2111 831 2206 887 Dei

632 924 877 976 timorem
922 932 1225 992 postponat,
1259 931 1314 977 et
1354 923 1779 979 ecclesiasticam
1823 925 2204 979 auctoritatem

618 1021 959 1092 contemnat,
1016 1022 1072 1068 et
1130 1015 1327 1084 regiam
1392 1024 1707 1085 potestatem
1755 1016 2021 1088 refugiat,
2070 1016 2206 1078 sciat

627 1103 963 1173 quiscunque
993 1103 1080 1158 ille
1110 1103 1301 1170 fuerit,
1324 1106 1449 1174 quia
1478 1114 1531 1160 et
1555 1108 1850 1162 secundum
1886 1107 2203 1161 canonicam

627 1196 1001 1251 auctoritatem
1051 1198 1118 1250 ab
1166 1198 1404 1253 omnium
1451 1199 1866 1254 Christianorum
1894 1210 2035 1255 coetu
2080 1207 2135 1255 et
2173 1213 2204 1254 a

626 1297 830 1342 sanctae
854 1288 1096 1343 ecclesia:
1139 1290 1431 1355 consortio,
1458 1301 1514 1346 et
1564 1292 1617 1345 in
1663 1292 1800 1347 coelo
1843 1300 1899 1347 et
1951 1292 2004 1346 iu
2036 1302 2203 1358 terra,

608 1378 840 1433 .alienus
866 1379 1152 1446 cﬁicictur,
1182 1389 1237 1435 et
1269 1381 1429 1452 regali
1466 1391 1730 1451 potestate
1774 1391 1934 1452 atque
1962 1383 2203 1443 omnium

629 1471 779 1540 regni
798 1471 1031 1525 ﬁdelium
1050 1473 1429 1549 unanimitate,
1449 1475 1587 1529 sicut
1623 1474 1712 1529 Dei
1744 1485 1800 1529 et
1825 1474 2070 1530 ecclesiae
2105 1475 2204 1533 iui-

631 1563 803 1616 micus
831 1571 886 1616 et
915 1565 1063 1633 regni
1089 1565 1419 1632 devastator,
1445 1576 1797 1636 persequetur
1823 1581 1991 1635 usque
2018 1567 2143 1621 dum
2171 1583 2201 1621 a

628 1668 792 1722 regno
817 1656 1226 1710 exterminetur.
1259 1656 1328 1710 Et
1363 1656 1405 1711 si
1443 1657 1636 1726 aliquis
1662 1672 1845 1713 comes
1890 1656 2053 1713 fuerit
2109 1658 2201 1727 qui

626 1743 729 1797 hoc
761 1744 810 1797 in
844 1759 942 1799 suo
970 1746 1227 1801 comitatu
1262 1747 1470 1813 fecerit,
1502 1758 1596 1805 aut
1629 1751 1699 1805 ihi
1728 1749 1852 1804 talia
1893 1751 2200 1806 increscere

2306 566 2467 619 tentia
2496 567 2879 637 promulgatur.
2923 566 3185 632 Quoniam
3216 563 3329 617 nisi
3362 563 3688 617 communiter
3709 581 3791 620 cer.

2307 656 2595 710 laverimus
2622 667 2682 710 ut
2704 658 2755 710 in
2784 657 3031 711 omnibus
3061 654 3263 725 iustitia
3296 653 3539 708 omnibus
3578 667 3791 709 consene-
3838 720 3839 735 χ

2307 753 2413 810 tur,
2444 760 2542 800 nec
2566 761 2656 801 rex
2686 756 2839 816 pater
2882 748 3092 823 patriae,
3140 760 3238 801 nec
3273 743 3504 814 episcopi
3549 746 3791 813 propitiato-
3838 744 3839 779 ξ

2307 849 2392 889 res
2417 846 2471 890 et
2499 838 2937 893 reconciliatores
2985 837 3163 907 populi
3198 836 3263 890 ad
3309 834 3532 888 salutem
3577 843 3790 897 attentam,

2304 939 2403 978 nec
2450 925 2541 994 qui
2582 926 3006 996 participatione
3048 925 3283 980 nominis
3332 923 3529 979 Christi
3575 924 3791 980 christiani
3838 968 3839 981 χ

2305 1024 2590 1093 vocantur,
2618 1016 2719 1071 hoc
2743 1016 2886 1086 quod
2914 1015 3272 1093 humanoore
3316 1013 3560 1077 dicimur,
3583 1012 3631 1065 in
3653 1012 3791 1068 divinis
3838 1036 3839 1039 η

2304 1090 2474 1160 Oculis
2498 1122 2616 1161 esse
2645 1106 2902 1161 valemus.
2937 1090 3007 1160 Ut
3033 1114 3208 1160 autem
3248 1106 3363 1159 haec
3385 1118 3507 1172 qua:
3532 1103 3790 1158 obsen’auds
3838 1134 3839 1139 η

2304 1216 2463 1269 supra
2495 1201 2812 1268 scripsimus
2858 1217 2923 1256 ac
2961 1199 3489 1270 pramomiuavimus,
3515 1211 3643 1251 nunc
3679 1205 3719 1251 et
3747 1198 3791 1250 de
3838 1206 3839 1219 ‘

2304 1299 2502 1344 czetero
2525 1290 2725 1345 certius
2749 1299 2804 1344 et
2830 1290 3140 1360 expressius
3170 1305 3201 1344 a
3239 1287 3393 1343 nobis
3421 1296 3574 1355 atque
3591 1301 3617 1339 a
3639 1300 3788 1341 sucoes
3838 1340 3839 1359 η

2304 1379 2517 1433 soribus
2543 1380 2742 1435 nostris
2775 1378 3088 1434 iuconvulsa
3139 1385 3442 1437 serventur,
3492 1374 3693 1444 propriis
3716 1388 3791 1427 ma-

2304 1468 2462 1533 nibus
2504 1469 2587 1523 his
2634 1467 2973 1524 subscribere
3001 1465 3274 1524 communi
3320 1478 3581 1520 consensu
3618 1463 3790 1517 ἀραιαί·
3838 1474 3839 1479 ‘

2304 1576 2452 1626 mus;
2480 1576 2542 1615 ea
2572 1560 2880 1615 conditione
2912 1569 3149 1624 servata,
3176 1566 3236 1612 ut
3259 1557 3386 1627 quia
3417 1569 3595 1610 oumes
3637 1555 3679 1607 in
3703 1569 3791 1608 ctut-
3838 1544 3839 1611 ἓ

2303 1654 2404 1707 ctis
2429 1653 2706 1708 ordinibus
2728 1668 2757 1707 a
2784 1653 2927 1723 regia
2968 1652 3171 1706 ditioue
3211 1649 3314 1705 sibi
3357 1655 3615 1715 expetunt-
3647 1659 3791 1712 compe
3838 1650 3839 1653 ‘

2306 1746 2467 1800 tentia
2502 1746 2632 1815 legis
2652 1745 2773 1815 jura
2823 1747 3045 1806 servari,
3077 1745 3237 1814 regia:
3261 1757 3496 1813 quoque.
3521 1738 3728 1810 potestati
3755 1738 3789 1789 in

629 1833 952 1898 permiserit,
981 1844 1073 1889 aut
1101 1836 1213 1906 ipse
1243 1837 1328 1892 illa
1354 1854 1457 1894 non
1488 1841 1875 1906 emendaverit,
1901 1852 1994 1896 aut
2044 1840 2200 1895 nobis
2232 1825 2276 1884 Β
2304 1838 2514 1892 cunctis
2570 1838 2851 1892 ordinibus
2900 1837 2987 1891 lex
3040 1836 3176 1905 juris
3238 1834 3405 1888 debiti
3472 1839 3525 1885 et
3578 1830 3716 1883 honor
3748 1824 3791 1877 ab

626 1932 752 1978 nota
783 1939 888 1981 non
913 1924 1098 1981 fecerit
1124 1936 1183 1981 ut
1214 1937 1394 1984 nostra
1440 1933 1735 1987 auctoritas
1782 1932 1907 1987 talia
1938 1934 2197 2003 corrigat,

595 2012 761 2081 sciat
809 2015 933 2094 quin
986 2016 1143 2075 talem
1188 2020 1511 2074 sententiam
1562 2021 1684 2077 inde
1727 2023 2016 2078 sustinebit
2060 2023 2201 2078 sicut

628 2111 868 2171 tempore
896 2113 1298 2162 antecesserunt
1344 2119 1647 2165 nostrorum
1690 2114 2022 2169 consuetudo
2072 2108 2191 2169 fuit.

625 2191 922 2261 Episcopus
953 2204 1152 2257 autem,
1179 2201 1476 2253 secundum
1518 2200 1761 2257 Toletani
1791 2203 2001 2259 concilii
2050 2206 2197 2272 capi-

625 2278 790 2334 tulum
816 2284 1120 2351 septimum.
1147 2287 1213 2340 a:l
1260 2303 1418 2356 quem
1469 2291 1740 2360 pertinere
1782 2301 2077 2349 noscuntur
2123 2293 2198 2348 illi

622 2371 711 2443 qui
746 2371 870 2426 talia
896 2377 1281 2438 contraDeum
1305 2388 1360 2433 et
1380 2380 1622 2436 ecclesiae
1647 2398 1835 2452 pacem
1885 2382 2108 2448 faciunt,
2153 2384 2201 2439 si

619 2472 715 2512 eos
738 2460 977 2528 quolibet
1008 2479 1231 2519 munere
1283 2466 1365 2528 vel
1414 2467 1597 2524 favore
1628 2480 1720 2524 aut
1750 2472 2080 2544 neglegentia
2109 2474 2202 2527 azi-

626 2562 845 2602 monere
883 2550 1137 2618 noluerit,
1189 2564 1247 2609 ιιι
1295 2566 1387 2611 aut
1416 2568 1747 2618 revertentes
1794 2561 2073 2629 suscipiat,
2108 2570 2202 2617 aut

622 2639 1032 2696 contemnentes
1074 2644 1139 2699 de
1177 2645 1404 2701 ect‘lesia
1448 2649 1653 2714 reiciat,
1704 2652 2200 2708 excommunicatus

586 2728 587 2731 “
623 2742 653 2786 a
679 2727 905 2802 collegio
933 2741 1251 2788 czcterorum
1276 2736 1649 2807 episcoporum
1688 2740 1975 2796 ltabebitur
2003 2758 2200 2815 quous-

2303 1924 2552 1980 omnilms
2579 1926 2890 1980 obedienter
2920 1934 2973 1979 ct
3002 1924 3253 1990 ﬁdeliter,
3276 1926 3591 1991 cooperante
3612 1916 3789 1977 Domino,

2303 2025 2670 2071 COIlSCl‘VClIlI‘.

2374 2107 2501 2171 Post
2529 2109 2640 2163 inec
2679 2108 2859 2163 omnia
2887 2107 3082 2163 relecto
3123 2116 3178 2163 et
3218 2105 3563 2167 conlaudata,
3597 2092 3790 2154 communi

2288 2200 2570 2254 consensu
2621 2199 2985 2264 decrevimus,
3019 2207 3077 2253 ut
3122 2198 3166 2252 si
3208 2197 3410 2266 aliquis
3454 2195 3604 2248 homo
3640 2196 3790 2259 propter

2304 2290 2446 2345 mala
2487 2290 2646 2354 facta,
2677 2304 2795 2358 qum
2820 2289 3108 2343 emendare
3136 2296 3188 2343 et
3227 2301 3327 2356 per
3348 2285 3515 2354 legem
3539 2290 3589 2336 et
3609 2293 3685 2349 per
3713 2288 3789 2345 pc-

2306 2383 2589 2437 nitcntiatn
2619 2380 2871 2445 noluerit,
2899 2379 3164 2434 seniorem
3189 2393 3346 2433 suum
3380 2372 3643 2433 dimiserit,
3666 2364 3789 2421 autalt

2308 2471 2398 2525 illo
2438 2478 2659 2539 propter
2685 2469 2799 2523 haec.
2827 2467 3028 2535 eiectus
3058 2466 3241 2531 fuerit,
3275 2466 3345 2520 ab
3371 2464 3476 2517 alio
3506 2475 3604 2515 non
3629 2454 3789 2523 recipia-

2304 2569 2392 2614 tur
2419 2560 2591 2614 doncc
2618 2557 2702 2612 illa
2748 2572 2868 2627 quae
2898 2556 3036 2610 male
3078 2554 3204 2611 feeit
3231 2552 3508 2616 emendet,
3530 2546 3579 2605 et

2267 2702 2287 2726 ._
2303 2654 2407 2708 lem
2435 2652 2901 2721 compositionem,
2929 2656 2982 2703 et
3009 2663 3106 2718 per
3131 2635 3516 2702 ccclesmstica:
3542 2632 3790 2694 satisfactio-

2307 2747 2390 2804 uis
2410 2744 2800 2820 paenitentiam.

1071 2887 1462 2947 HLEDOWIGI
1523 2892 1773 2953 KABOLl
1814 2896 1902 2951 ET
1940 2895 2325 2984 llLO'l'llARll'
2349 2894 2763 2955 CONVENTUS
2798 2895 2902 2951 AD.
2929 2887 3440 2954 SABLONARIAS..

1961 3096 2085 3169 (An.
2128 3093 2251 3151 802.
2296 3095 2429 3154 Nov.
2469 3100 2563 3171 3.)-

695 3296 825 3373 59‘9
852 3296 967 3351 haec
991 3299 1219 3373 .P'inl'ts
1246 3299 1526 3373 Batonius
1555 3317 1620 3355 ex
1652 3303 1934 3373 Αιιωιειίηί
1965 3306 2273 3373 apngrapho
2307 3305 2510 3373 codicis
2557 3304 2836 3359 Muretiani
2880 3303 3081 3366 edidit;
3129 3315 3225 3356 nos
3252 3286 3518 3373 editiones
3544 3274 3789 3349 anteriores.

572 3402 585 3409 τ
624 3367 865 3423 adhibito
903 3369 1089 3424 codice
1123 3369 1176 3440 ὅ)
1207 3367 1542 3427 biblibthccae
1575 3367 2103 3442 regiae'l‘arisietisis",
2131 3367 2270 3431 inter
2297 3372 2676 3447 Supplementa
2701 3374 2892 3429 Latina
2920 3388 2976 3426 ιι.
3005 3372 3096 3438 75,
3130 3368 3555 3442 recognovimus.

586 3636 591 3647 ,
623 3586 777 3662 Auno
819 3587 1198 3662 incarnationis
1244 3588 1526 3662 Dontinicm
1560 3587 1665 3643 862
1686 3630 1700 3649 .
1738 3591 1951 3662 quando
1988 3589 2197 3662 ῌιιιιιο-
2228 3591 2269 3647 C
2301 3590 2496 3662 aliquis
2523 3590 2661 3647 alius
2699 3588 2831 3645 mihi
2867 3595 3118 3658 reputare
3147 3583 3315 3655 possit
3338 3588 3438 3637 aut
3464 3578 3600 3641 velit,
3622 3583 3671 3629 ιιι
3689 3569 3789 3627 simi-

690 3657 848 3710 wicus
894 3655 1095 3711 Knrolo
1127 3660 1393 3712 mandavit
1420 3668 1476 3711 ut
1495 3676 1610 3712 cum
1637 3676 1696 3713 eo
1719 3655 1877 3713 simul
1901 3672 1946 3714 et
1977 3660 2198 3714 Hlollm-

697 3728 833 3799 rium
856 3728 1111 3799 reciperet
1135 3729 1203 3781 ad
1227 3728 1470 3799 osculum
1491 3738 1645 3797 atque
1673 3729 2031 3799 conloquium,
2054 3730 2196 3799 misit

700 3794 930 3850 Karolus
950 3813 1043 3866 per
1066 3813 1203 3869 eum,
1218 3808 1264 3869 et
1291 3815 1382 3863 per
1406 3794 1898 3869 Altfriditm,_atque
1930 3816 2020 3868 per
2041 3798 2197 3853 Solo-

692 3882 919 3937 moneru,
948 3876 997 3937 et
1026 3883 1114 3929 per
1145 3868 1474 3929 Adventium,
1499 3876 1547 3920 et
1575 3885 1667 3936 per
1694 3867 1975 3921 [lationem
1991 3870 2194 3937 episca-

693 3953 806 4003 ρος,
842 3935 1122 3989 Hlothario
1152 3939 1261 3991 lucc
1286 3954 1403 4007 qum
1424 3948 1711 4007 sequuntur
1735 3937 1985 4005 capitula,
2018 3935 2196 3990 dicens

681 4008 805 4073 quia
853 4023 946 4073 pro
1006 4007 1086 4059 his
1127 4008 1302 4060 causis
1331 4007 1379 4058 ei
1406 4024 1507 4060 non
1543 4007 1755 4060 auderet
1784 4009 2193 4068 communicare,

696 4076 798 4144 uisi
852 4077 925 4127 ita
978 4075 1319 4142 perﬁceretur
1370 4077 1503 4128 sicut
1557 4076 1745 4129 ibidem
1795 4077 2048 4144 scriptum
2097 4087 2192 4129 εει.

694 4142 1131 4197 Renuntinnlibus
1197 4155 1371 4197 autem
1426 4161 1490 4198 ex
1528 4154 1676 4212 parte
1726 4142 1993 4197 Hlotharii
2060 4144 2196 4198 Hlu-

695 4212 890 4265 (Ιοιυὶεο
925 4212 1245 4281 εείρνίιιῙαιίδ
1290 4211 1540 4281 epismpis
1572 4211 1771 4266 Karolo
1812 4224 1859 4266 et
1884 4212 2194 4274 Hinrmara,

693 4283 917 4350 itemque
973 4280 1264 4336 Hincmaro
1317 4280 1363 4335 et
1418 4281 1629 4336 Horloui
1686 4293 1840 4352 atque
1892 4282 2194 4337 Christiano

697 4353 974 4420 episcopis,
1005 4351 1144 4420 quod
1193 4352 1266 4405 ita
1310 4369 1365 4405 se
1414 4351 1541 4406 velle
1588 4362 1633 4406 et
1672 4368 1726 4404 se
1756 4351 2043 4417 ’factttrmu
2087 4369 2197 4405 esse

697 4368 974 4420 episcopis,
1043 4368 1142 4403 uoa
1193 4368 1266 4405 tm
1310 4369 1365 4405 se
1414 4368 1541 4406 cette
1588 4368 1633 4406 et
1672 4368 1726 4404 se
1777 4368 2043 4417 (acturum
2087 4369 2196 4405 esse

696 4422 869 4489 fuerat
898 4368 1164 4491 proﬂassus
1194 4420 1504 4475 Hlollterius
1524 4463 1539 4484 ,
1567 4423 1660 4476 sub
1692 4422 1790 4474 hac
1835 4422 2196 4491 convenientia

695 4489 993 4563 receperunt
1024 4506 1142 4544 cum
1162 4562 1167 4563 ν
1190 4491 1259 4545 ad
1285 4492 1520 4545 osculum
1546 4502 1696 4559 atque
1720 4491 2050 4563 conloquium
2070 4489 2195 4563 plin-

695 4559 836 4613 rolns
882 4571 1036 4631 atque
1088 4562 1312 4631 episcopi
1354 4563 1445 4632 qui
1497 4578 1616 4615 cum
1660 4578 1720 4615 eo
1767 4559 1977 4630 fuerunt
2007 4562 2099 4613 ³⁸⁷.

568 4710 578 4718 ,
694 4651 744 4703 l.
775 4649 1135 4718 Posteaquam
1182 4650 1428 4720 proxime
1456 4650 1526 4682 ⁹⁸⁸
1557 4649 1695 4719 apud
1724 4649 2070 4706 Conﬂuentes
2101 4664 2198 4703 nos

568 4804 573 4807 _
625 4738 852 4793 invicem
888 4747 1072 4792 mutua
1101 4738 1427 4810 indulgentia
1445 4781 1460 4804 ,
1487 4747 1759 4794 annuente
1798 4739 1905 4792 Deo
1933 4739 2025 4804 ³⁸³,
2051 4752 2199 4792 com-

568 4888 571 4895 ι
627 4828 772 4882 muni
809 4827 1042 4882 ﬁdelium
1095 4835 1402 4882 nostrorum
1452 4828 1678 4883 consilio
1709 4825 2193 4887 reconciliavimus.

626 4926 683 4971 et
715 4925 1061 4972 sacramento
1092 4916 1159 4970 de
1188 4916 1522 4971 observanda
1556 4916 1697 4970 inter
1740 4930 1838 4969 nos
1886 4929 2018 4983 pace
2045 4922 2100 4968 et
2130 4915 2197 4969 de

627 5009 931 5075 przestando
968 5008 1284 5062 alterutrum
1309 5005 1577 5073 adiutorio
1607 5022 1705 5062 nos
1729 5005 2191 5072 conﬁrmavimus,

565 5089 569 5093 ’
625 5108 681 5153 et
709 5097 946 5167 capitula
983 5113 1010 5149 a
1045 5096 1418 5151 communibus
1457 5095 1703 5150 ﬁdelibus
1749 5097 1950 5151 nostris
1996 5096 2197 5150 dictata

626 5196 683 5240 et
726 5187 881 5241 nobis
932 5186 1128 5240 reiecta
1175 5199 1273 5237 nos
1312 5183 1693 5238 observaturos
1744 5183 2111 5246 promisimus,
2143 5192 2197 5237 et

2299 3681 2424 3735 liter
2456 3695 2589 3750 erga
2632 3695 2730 3735 vos
2760 3678 2849 3734 illa
2878 3678 3164 3733 observata
3197 3690 3301 3728 non
3341 3673 3587 3727 habeam.
3612 3663 3728 3750 Quod
3759 3674 3787 3711 st

2296 3768 2417 3839 quis
2440 3748 2648 3833 fecerit,
2672 3776 2892 3837 paratus
2921 3781 3037 3821 sum
3070 3763 3196 3818 inde
3224 3761 3377 3816 vobis
3406 3767 3600 3815 certam
3626 3748 3789 3844 reddet?

2298 3860 2587 3926 rationem,
2624 3867 2681 3914 et
2732 3858 2946 3927 dignam
2997 3855 3176 3909 Facere
3202 3849 3647 3908 satisfactionem.
3682 3840 3730 3893 Et
3759 3840 3790 3887 si

2296 3949 2490 4020 aliquis
2516 3950 2646 4004 mihi
2680 3951 2933 4019 reputare
2960 3945 3213 4008 voluerit,
3239 3942 3647 4013 quod‘quantum
3664 3946 3714 3986 ex
3734 3939 3790 3980 me

2297 4041 2515 4107 e51,_ilLa
2542 4055 2661 4109 qute
2686 4039 2855 4094 debeo
2876 4036 3055 4106 nepoti
3082 4041 3264 4090 nostro
3288 4026 3562 4085 Hlothario
3579 4022 3790 4109 observata

2299 4149 2405 4188 non
2435 4131 2659 4186 habeam
2679 4170 2694 4194 ,
2721 4129 2975 4184 similiter
3010 4133 3232 4194 paratus
3259 4136 3379 4177 sum
3409 4126 3604 4174 certam
3630 4106 3790 4201 redde}?3

2298 4222 2559 4277 rationem
2589 4229 2644 4274 et
2669 4232 2977 4289 congruam.
3001 4214 3183 4269 facere
3211 4208 3639 4266 satisfactionem.
3660 4191 3791 4289 Quali-

2300 4323 2384 4369 ter
2405 4321 2583 4367 autem
2607 4326 2672 4366 ea
2696 4287 2817 4380 qua:
2844 4307 2973 4362 mihi
3003 4302 3249 4374 promisit
3276 4301 3385 4367 ille,
3407 4312 3533 4368 erga
3557 4307 3632 4348 me

2297 4417 2421 4461 vata
2474 4371 2857 4469 habeon-non
2906 4371 3078 4454 solum
3128 4409 3262 4465 ego,
3306 4390 3401 4448 sed
3447 4397 3502 4444 et
3545 4384 3696 4456 plures
3728 4371 3790 4426 alii

2296 4498 2475 4553 sciunt
2680 4494 2683 4497 ’

2365 4587 2421 4641 2.
2463 4584 2567 4639 Sed
2608 4592 2663 4638 et
2706 4582 2849 4637 sicut
2885 4577 3040 4634 nobis
3067 4584 3194 4632 tunc
3238 4574 3317 4629 ibi
3343 4564 3789 4654 convenit,tll

2298 4692 2431 4745 pore
2456 4683 2663 4731 statuto
2709 4672 2778 4728 ad
2822 4670 2999 4726 locum
3031 4666 3337 4723 condictum
3378 4674 3498 4714 cum
3538 4643 3792 4748 prittlfritfjs

2300 4741 2594 4839 regnorum
2641 4775 2947 4818 nostrorum
2973 4756 3383 4813 conveniremus
3403 4748 3500 4811 η’.
3534 4752 3586 4797 ιιι
3611 4741 3670 4793 ibi
3692 4741 3793 4839 φης’

2298 4834 2403 4932 (ιιιὲ
2432 4861 2485 4915 in
2518 4855 2703 4929 regnis
2727 4853 2929 4910 nostris
2958 4847 3336 4907 emendatione
3355 4843 3510 4932 digna
3537 4844 3587 4890 et

2223 4967 2275 5023 ι)
2303 4918 2383 5008 ria
2413 4918 2609 5011 erant:
2622 4956 2679 5001 ct
2700 4920 2767 5001 in
2804 4950 2994 4999 sancta
3028 4940 3122 4995 Dei
3157 4935 3382 4992 ecclesia
3412 4938 3468 4985 et
3492 4928 3542 4981 in
3575 4918 3795 5023 nosti:

2303 5042 2481 5114 populi
2512 4996 2867 5099 salvameuto,
2900 5039 3277 5088 tractaremus,
3305 5032 3360 5078 et
3399 5033 3496 5072 nos

2302 5090 2536 5193 nostros,
2570 5136 2625 5184 et
2654 5126 2836 5181 ﬁdeles
2859 5122 3026 5179 nostri
3057 5132 3183 5187 erga
3212 5130 3333 5177 nos,
3363 5090 3797 5193 etneudaremllsof‘

2304 5188 2633 5246 -ι.-..--...,...1..
2661 5219 2724 5246 ,1η
2751 5224 2928 5246 ΛΛΙΛΙοΛ
2952 5220 3323 5246 alnlnnronnlc,
3342 5211 3396 5246 ρι
3413 5191 3572 5246 semel
3592 5195 3637 5242 ει
3656 5188 3796 5237 seum-
