3960 6320
208 301 324 361 091

1250 305 1675 367 FRANCORUM
1711 300 1964 391 REGUM“
1987 298 2484 359 ωριτυωιιιιι..

3356 289 3478 349 094.

292 418 350 474 '5.
399 416 505 476 Pro
550 419 746 491 quibus
769 429 950 477 autem
980 423 1160 478 causis
1187 440 1309 479 cum
1352 422 1575 494 praefato
1599 429 1792 493 nepote
1819 426 1867 482 Α
1896 432 1992 472 nos
2017 417 2175 482 scire,
2207 416 2334 487 qtiid
2361 416 2591 470 domnus
2608 411 2937 484 apostolicus
2968 418 3024 466 et
3048 407 3131 481 illi
3147 408 3460 478 etquibus-

214 517 415 565 nostro
443 517 602 563 antea
638 508 782 578 loqui
815 525 921 565 non
954 506 1119 577 volui,
1145 528 1306 582 quam
1346 513 1621 567 vobiscum
1670 511 1794 565 inde

210 599 527 668 acciperem
563 601 864 667 consilium,
899 604 1142 673 quaedam
1192 604 1312 658 volo
1359 603 1448 658 hic
1491 603 1789 672 designare,

213 685 474 755 quaedam
506 704 635 743 vero
683 698 866 759 postea
916 706 1154 762 congruo
1198 692 1315 768 loco
1354 701 1409 747 et
1451 693 1793 749 convenienti

208 780 385 833 modo
416 777 568 833 vobis
608 779 965 836 innotescere.

238 910 253 919 .
288 866 349 921 4.
390 865 618 933 Quando
641 867 808 923 altera
841 869 955 925 vice
976 886 1075 940 pro
1100 871 1187 925 his
1215 888 1334 941 qum
1359 873 1470 928 dixi
1493 874 1791 929 tractandis

207 953 287 1007 ad
311 954 601 1011 Tusiacum
627 958 765 1021 veni,
792 960 1090 1029 adportavit
1117 962 1248 1017 mihi
1269 972 1324 1018 et
1345 964 1612 1035 episcopis
1641 965 1791 1036 regni

216 1042 395 1096 nostri
418 1042 552 1098 Boso
572 1058 639 1098 ex
669 1054 823 1114 parte
845 1047 1027 1102 domui
1055 1051 1333 1119 apostolici
1358 1053 1611 1120 epistolas
1633 1070 1794 1123 quas-

218 1130 346 1183 dam
392 1132 575 1210 nepoti
613 1143 798 1188 nostro
823 1143 877 1197 et
896 1136 1163 1207 episcopis
1189 1141 1338 1208 regni
1366 1142 1447 1196 sui
1475 1144 1789 1210 mittendas,

215 1233 357 1287 quas
376 1219 482 1274 illis
505 1223 797 1283 secundum
821 1226 1130 1290 mandatum
1158 1228 1338 1283 donmi
1361 1245 1510 1300 papa:
1537 1233 1791 1288 transmi-

216 1308 411 1375 simus,
438 1312 699 1379 quasdam,
724 1322 902 1368 autem
935 1316 1090 1371 nobis
1125 1317 1393 1388 legendas
1417 1330 1472 1377 et
1499 1323 1792 1379 observan-

212 1400 331 1461 das,
360 1415 587 1468 quarum
610 1410 663 1456 et
697 1403 785 1458 hic
809 1412 1012 1460 textum
1055 1407 1314 1466 habemus
1345 1428 1358 1464 :
1398 1414 1453 1468 in
1488 1415 1683 1484 quibus
1720 1419 1791 1450 ὀι

213 1491 534 1550 invenimus
563 1510 660 1551 nos
687 1496 759 1528 ”'
781 1497 1088 1569 iucrepatos
1102 1517 1199 1557 cur
1212 1501 1529 1579 fornicarios
1552 1508 1603 1562 iu
1628 1525 1792 1581 regno

211 1590 408 1637 nostro
431 1582 704 1640 immorari
736 1589 1187 1657 permitteremus,
1216 1602 1270 1648 et
1292 1610 1397 1648 non
1423 1596 1593 1652 solum
1617 1599 1789 1668 ipsam

211 1672 495 1739 feminam,
523 1676 620 1732 sed
654 1686 711 1733 et
748 1694 938 1736 omnes
966 1681 1038 1714 ⁸⁸³
1063 1682 1305 1740 faventes
1334 1686 1727 1760 facinori‘ejus,
1758 1707 1788 1745 a

211 1774 514 1833 corporeet
543 1768 804 1838 sanguine
826 1769 1039 1853 _Domini
1070 1777 1589 1845 excommunicatos,
1617 1794 1787 1850 usque

211 1851 342 1905 dum
366 1853 480 1922 ipsa
508 1856 701 1911 mulier
725 1858 793 1912 ad
823 1851 998 1915 virum
1028 1877 1185 1917 suum
1221 1865 1441 1920 rediret.
1475 1867 1786 1936 Etscimus,

212 1944 357 1998 sicut
379 1954 602 2003 sanctus
623 1947 755 2004 dicit
775 1949 1089 2023 Gregorius,
1122 1957 1374 2026 quoniam
1405 1958 1483 1990 ⁵⁸⁸
1511 1960 1601 2029 qui
1637 1977 1786 2017 rese-

211 2033 403 2098 canda,
452 2037 500 2091 si
543 2047 740 2107 potest,
776 2056 879 2096 non
927 2044 1171 2114 corrigit,
1207 2046 1317 2115 ipse
1354 2046 1443 2102 illa
1473 2051 1783 2105 committit.

211 2122 323 2178 Sos
366 2130 551 2180 autem
590 2128 894 2186 audivimus
922 2134 1233 2202 praedictam
1265 2134 1514 2192 feminam
1541 2138 1595 2195 in
1623 2153 1786 2207 regno

210 2214 426 2282 nepotis
448 2217 618 2271 nostri
645 2222 999 2287 commorari,
1014 2230 1069 2277 et
1091 2223 1232 2279 hanc
1251 2227 1574 2281 sententiam
1598 2238 1785 2298 postea

210 2320 319 2358 non
344 2307 648 2364 audivimus
675 2308 1029 2368 immutatam.
1048 2314 1113 2369 Et
1136 2315 1225 2385 qui
1248 2332 1534 2388 gravantur
1561 2322 1783 2388 nostris,

211 2396 467 2454 timemus
489 2400 680 2457 alienis
707 2402 873 2458 etiam
898 2407 1302 2464 communicare
1343 2411 1601 2480 peccatis,
1637 2428 1783 2468 com-

207 2486 536 2542 municando
565 2492 1072 2551 excommunicatis.
1253 2491 1260 2500 ’
1756 2520 1761 2549 ;

182 2596 185 2601 -
276 2572 331 2627 5.
354 2573 550 2630 Filiam
573 2588 814 2634 nostram
844 2579 1029 2638 Iudith
1054 2584 1292 2653 viduam,
1314 2590 1608 2659 secundum
1639 2590 1783 2659 leges

203 2664 422 2720 divinas
459 2674 515 2722 et
563 2670 863 2728 mundanas
908 2675 1009 2729 sub
1052 2677 1277 2733 tuitione
1315 2680 1684 2737 ecclesiastica
1729 2692 1784 2738 et

207 2754 363 2821 regio
390 2758 758 2815 mundeburde
782 2763 1155 2832 constitutam,
1185 2766 1477 2824 Balduiuus
1505 2770 1781 2826 sibi-fura-

204 2850 294 2896 tus
326 2852 413 2898 est
442 2845 498 2900 in
525 2862 745 2904 uxorem
779 2868 794 2906 :
820 2868 982 2922 quem
1014 2864 1134 2925 post
1168 2857 1338 2928 legale
1373 2859 1637 2930 judicium
1664 2863 1780 2933 epi-

202 2933 353 3002 scopi
387 2936 537 3005 regni
565 2939 1361 3004 nostriexeommunicaverunt
1378 2952 1672 3008 secundum
1696 2969 1781 3009 sa-

204 3037 331 3079 cros
363 3040 604 3083 canones
627 3038 682 3085 et
716 3030 1089 3090 dit'liuitionem
1120 3040 1293 3094 sancti
1322 3039 1565 3113 Gregorii
1595 3048 1777 3114 papae,

1897 507 2019 562 dam
2057 508 2321 577 episcopis
2359 507 2483 562 inde
2512 505 2814 570 mandavit;
2846 513 2903 560 et
2943 503 3166 567 scimus,
3194 499 3339 570 quod
3368 516 3466 553 ue-

1894 613 2024 668 gare
2069 612 2174 652 non
2204 611 2485 667 possumus
2510 611 2612 652 nec
2640 595 2904 662 volumus,
2932 593 3184 664 quoniam
3213 606 3317 646 non
3363 590 3458 645 de-

1892 688 2104 751 bemus,
2124 687 2250 755 quia
2272 687 2451 741 domui
2474 685 2752 756 apostolici
2781 681 3175 740 commendatio
3203 681 3271 735 ab
3294 694 3462 734 evan—

1894 782 2061 853 gelica
2075 782 2301 835 veritate
2323 789 2377 836 et
2403 780 2472 834 ab
2497 779 2790 849 apostolica
2813 787 2975 847 atque
2994 774 3256 832 canonica
3277 781 3461 827 aucto-

1893 872 2053 926 ritate
2084 871 2139 925 in
2176 871 2322 925 nullo
2358 871 2661 935 discordat;
2695 878 2752 925 et
2794 868 3090 925 secundum
3143 863 3461 920 mandatum

1892 961 2036 1015 illius
2087 962 2155 1015 de
2203 961 2303 1016 hoc
2336 960 2481 1016 facto
2517 968 2801 1016 executum
2842 974 2948 1013 non
3001 955 3306 1011 audivimus
3358 968 3460 1008 nec

1890 1050 2154 1105 videmus.
2206 1050 2302 1105 llla
2343 1050 2506 1105 etiam
2553 1059 2737 1105 sancta
2780 1057 2836 1103 et
2882 1048 3055 1118 prima
3104 1045 3158 1100 iu
3186 1052 3298 1098 toto
3330 1042 3463 1097 orbe

1893 1148 2156 1193 terrarum
2180 1139 2355 1203 sedes,
2380 1151 2476 1209 per
2499 1138 2745 1209 divinum
2764 1134 3008 1200 Paulum,
3037 1132 3318 1188 caelestem
3345 1128 3458 1185 sci-

1890 1232 2016 1286 licet
2045 1231 2249 1297 tubam,
2283 1230 2375 1300 qui
2406 1230 2473 1284 ad
2505 1229 2721 1284 tertium
2749 1227 2948 1283 cmlum
2971 1235 3025 1282 et
3054 1226 3121 1280 ad
3151 1222 3463 1295 paradisum

1891 1329 2079 1389 raptus
2107 1321 2210 1376 hoc
2230 1320 2299 1375 ab
2328 1320 2444 1389 ipso
2469 1318 2695 1373 Domino
2720 1316 2926 1381 didicit,
2956 1314 3110 1370 nobis
3129 1322 3182 1369 et
3206 1311 3459 1368 omnibus

1889 1411 2200 1466 christianis
2249 1425 2464 1479 semper
2508 1410 2560 1465 in
2602 1409 2747 1465 omni
2793 1406 2994 1462 mundo
3049 1405 3278 1468 clamat,
3330 1418 3467 1459 cum.

1891 1500 2199 1571 hojusmodi
2236 1515 2337 1555 nec
2361 1500 2540 1554 cibum
2571 1513 2806 1555 sumere.
2849 1498 2915 1551 Et
2940 1512 3037 1566 per
3060 1495 3273 1550 beatum
3298 1491 3460 1549 Joan-

1889 1606 2012 1646 nem
2040 1590 2366 1660 apostolum.
2402 1588 2494 1658 qui
2519 1588 2585 1644 de
2611 1597 2813 1645 aeterno
2836 1596 2893 1642 et
2913 1586 3033 1641 vivo
3063 1583 3259 1640 Christi
3282 1589 3463 1653 pecto.

1893 1683 1969 1737 ris
2009 1681 2158 1736 fonte
2200 1682 2254 1735 iu
2291 1694 2470 1744 coena,
2500 1679 2717 1750 quando
2750 1684 3090 1732 sacramenta
3137 1673 3462 1743 redemptio:-

1818 1762 1861 1822 B
1889 1770 1973 1825 nis
1998 1770 2068 1807 ’³⁵
2098 1775 2474 1824 nostrte.sunt
2519 1766 2787 1822 celebrata
2836 1776 2889 1820 et
2929 1765 3151 1827 tradita.
3202 1777 3367 1834 super
3393 1777 3472 1823 ea

1888 1861 2211 1916 recumbens
2239 1859 2420 1914 hausit
2447 1856 2590 1927 quod
2619 1856 2913 1927 redemptis
2931 1854 3461 1924 omnibuspropinas

1890 1952 1982 2015 vit,
2010 1949 2451 2006 manifestissime
2472 1949 2627 2004 sedes
2655 1947 2947 2018 apostolica
2979 1945 3253 2001 interdicit
3274 1944 3461 2013 hujus-

1889 2042 2031 2097 tuodi
2070 2041 2345 2096 hominem
2382 2054 2489 2094 non
2526 2037 2723 2093 debere
2763 2051 3107 2109 quemquam,
3134 2038 3189 2091 in
3241 2034 3460 2089 domum

1886 2148 2038 2190 suam
2069 2133 2328 2203 recipere,
2355 2146 2454 2187 uec
2502 2145 2603 2185 ave
2637 2130 2686 2185 ei
2718 2129 2900 2197 dicere
2927 2146 2941 2182 :
2971 2129 3097 2200 quia
3139 2128 3229 2199 qui
3253 2128 3384 2183 dicit
3409 2127 3458 2182 ei

1886 2237 2007 2289 ave,
2054 2221 2420 2285 communicat
2461 2218 2714 2288 operibus
2754 2216 2871 2287 ejus
2921 2216 3191 2288 malignis.
3244 2216 3310 2271 Et
3363 2231 3461 2287 per

1886 2315 2104 2369 beatqu
2134 2311 2451 2380 Gregorium
2480 2325 2672 2381 papam
2699 2310 2752 2363 in
2778 2308 3027 2363 homcliis
3065 2306 3366 2363 Ezechielis
3385 2306 3458 2339 ’π

1886 2404 2036 2465 dicit,
2064 2402 2189 2473 quia
2218 2402 2358 2457 sicut
2379 2401 2467 2456 ille
2496 2401 2587 2471 qui
2620 2400 2721 2457 tide
2742 2415 2772 2454 a
2803 2400 2915 2454 Deo
2950 2399 3175 2464 recedit,
3205 2407 3454 2469 apostata

1884 2502 1989 2557 est,
2015 2493 2090 2547 ita
2124 2500 2178 2546 et
2214 2491 2303 2545 ille
2338 2489 2485 2559 quia
2514 2490 2625 2544 Deo
2652 2488 2860 2563 recedit
2880 2502 3067 2559 opere,
3117 2487 3236 2543 sine
3288 2486 3452 2542 dubio

1883 2592 2125 2652 apostata
2153 2591 2256 2637 est.
2289 2582 2753 2651 Quoniam,._sieut
2779 2582 2914 2637 dicit
2933 2581 3243 2651 Apostolus,
3288 2579 3459 2641 Fides.

1868 2676 1995 2728 sine
2022 2673 2262 2743 operibus
2291 2684 2503 2728 mortua
2521 2683 2615 2729 est.
2646 2673 2712 2728 Et
2751 2673 2900 2736 item,
2931 2672 3074 2731 sicut
3108 2672 3248 2728 alius
3275 2672 3344 2724 9³⁷
3377 2670 3468 2733 di;

1882 2762 2260 2833 citApostolus
2297 2782 2310 2817 :
2352 2762 2487 2819 Sunt
2511 2764 2601 2834 qui
2642 2762 2956 2835 conﬁtentur
2983 2777 3038 2817 se
3072 2778 3223 2821 nosse
3264 2761 3454 2826 Deum,

1882 2850 2043 2919 factis
2072 2862 2246 2907 autem
2273 2861 2481 2923 negant.
2510 2852 2576 2907 Et
2611 2852 2727 2928 ipse
2755 2851 3016 2909 Dominus
3043 2851 3172 2911 dicit
3198 2852 3263 2907 de
3288 2850 3455 2913 semel

1880 2952 1936 2998 et
1966 2944 2200 2999 secundo
2236 2959 2302 2999 ac
2330 2944 2497 3007 tertio,
2512 2942 2755 3015 legaliter
2787 2943 3114 2999 commonito
3135 2941 3207 2974 ⁹⁹⁸
3256 2951 3312 2996 et
3339 2956 3456 2998 non

1880 3046 2144 3100 correcto,
2169 3045 2228 3089 ut
2251 3033 2323 3090 sit
2349 3034 2505 3090 nobis
2527 3033 2912 3105 sicutgcntilis
2931 3041 2987 3088 et
3011 3032 3238 3104 publicis
3265 3034 3457 3090 crimi-h

203 3115 299 3182 qui
322 3116 472 3172 'dicit
509 3119 616 3175 εκδὶ
636 3122 751 3191 quis
784 3125 993 3180 viduam
1023 3128 1230 3197 furatus
1275 3106 1515 3198 fuerit'in
1541 3106 1777 3201 νέοι-ξηιλ

1883 3126 2041 3182 nibus
2063 3126 2389 3195 implicatus,
2421 3141 2542 3180 cum
2571 3134 2766 3201 quoet
2791 3123 3087 3194 apostolica
3109 3125 3456 3191 etcanonica

174 3234 175 3237 η
201 3204 312 3273 ipse
333 3216 383 3257 et
404 3210 778 3266 consentientes
799 3214 869 3280 ei,
892 3217 1171 3273 anathema
1200 3221 1324 3275 sint.
1351 3222 1481 3289 Quae
1514 3232 1570 3279 et
1601 3227 1778 3283 verbis

167 3326 171 3331 -
204 3302 264 3382 et
289 3294 490 3351 litteris
521 3314 620 3355 nos
660 3310 715 3355 et
737 3303 972 3375 euiscOpi
1006 3308 1157 3378 regni
1186 3310 1353 3365 nostri
1382 3315 1561 3382 nepoti
1594 3325 1777 3374 nostro

203 3381 494 3441 Hlothario
524 3387 876 3447 innotmmus.
909 3393 1019 3450 Nos
1056 3396 1243 3464 etiam,
1276 3399 1417 3455 sicut
1446 3381 1619 3469 scitis,
1647 3421 1778 3460 con-
1862 3424 1865 3431 ·

202 3472 349 3527 δῦὶον
377 3484 432 3529 et
478 3492 746 3535 consensu
797 3481 1035 3539 ﬁdelium
1082 3495 1392 3544 nostrorum
1419 3496 1778 3551 communiter

202 3563 669 3633 conﬁrmavimus,
712 3577 771 3625 ut
811 3587 970 3628 nemo
999 3577 1573 3648 nostrumhuiusmodi
1606 3585 1778 3641 homi-

200 3668 328 3707 nem
361 3653 419 3743 inr
447 3671 610 3726 regno
639 3674 737 3715 suo
764 3662 1021 3733 recipiat,
1047 3682 1220 3737 neque
1251 3670 1525 3727 immorari
1557 3677 1774 3743 permit-

202 3749 300 3806 tat,
326 3742 423 3836 sed
448 3744 514 3799 ad
544 3752 746 3803 rectam
775 3752 1041 3808 rationem
1066 3757 1478 3823 reddendamet
1499 3742 1569 3820 ad
1594 3766 1773 3836 paeni-

202 3835 426 3890 tentiam
461 3842 745 3909 agendam,
773 3843 916 3899 sicut
938 3854 1215 3905 ~statntum
1264 3862 1372 3917 est,
1417 3854 1564 3912 illum
1594 3835 1772 3917 redine

199 3933 380 3992 cogat.
427 3927 669 3992 Qualiter
705 3941 883 3988 autem
922 3949 1087 4006 nepos
1114 3950 1301 3996 noster
1326 3942 1637 4005 llletharins
1665 3966 1769 4006 non

168 4039 173 4043 -
199 4011 374 4067 solum
401 4032 526 4087 erga
555 4033 651 4074 nos
673 4028 729 4076 et
754 4028 1561 4105 eonsangniuttatemnostram,
1584 4054 1768 4097 venun

200 4110 257 4153 et
282 4115 484 4158 contra
526 4108 692 4163 Deum
725 4119 782 4166 et
800 4122 1424 4179 sacramanctoritatem
1451 4136 1505 4182 οι
1530 4143 1768 4185 commu-

200 4207 326 4286 nem
354 4196 799 4257 christianitatem
837 4205 961 4262 inde
989 4211 1180 4280 egerit,
1205 4227 1366 4283 spero
1390 4217 1634 4286 qniavos
1663 4237 1767 4276 non

200 4282 332 4340 latet
354 4290 498 4355 quod
523 4301 604 4346 est
624 4293 866 4361 plurimis
887 4302 1178 4370 cognitum.
1211 4282 1276 4360 Et
1301 4282 1523 4365 sanctus
1543 4311 1763 4381 Paulus,

198 4388 297 4443 per
315 4391 473 4445 quem
505 4380 756 4451 loquutus
798 4395 879 4441 est
911 4388 1176 4454 Christus,
1221 4393 1355 4449 dicit
1382 4414 1395 4450 :
1426 4397 1550 4454 Non
1592 4380 1763 4457 solum

1866 3218 2175 3275 auctoritas
2197 3232 2297 3274 nec
2325 3218 2505 3273 cibum
2535 3232 2773 3284 sumere,
2802 3223 2858 3271 ut
2886 3214 3266 3287 praemisimus,
3293 3218 3451 3274 nobis

1866 3309 2142 3364 ‘coacedit.

1948 3400 2000 3454 7.
2042 3399 2330 3471 Propterea
2348 3443 2363 3467 ,
2390 3400 2549 3456 unice
2580 3407 2634 3455 et
2662 3398 2830 3456 frater
2853 3399 3156 3470 carissime,
3183 3409 3237 3457 et
3264 3399 3446 3458 vobis-

1877 3492 2117 3562 metipsis
2131 3491 2414 3547 consiliqu
2436 3492 2503 3526 ⁸⁸³
2516 3492 2837 3562 accipite,’et
2853 3493 2985 3547 mihi
2998 3492 3281 3549 consilium
3296 3492 3444 3557 date,

1875 3589 1930 3636 et
1962 3581 2058 3652 ipsi
2091 3583 2268 3653 nepoti
2289 3590 2477 3638 nostro
2497 3597 2608 3637 suae
2635 3582 2823 3637 salutis
2846 3590 2903 3637 et
2926 3582 3149 3638 honoris
3169 3583 3295 3638 date
3320 3596 3449 3637 con-

1875 3674 2090 3739 silium,
2142 3682 2194 3728 et
2237 3681 2489 3743 praestate
2518 3672 2801 3738 auxilium,
2830 3674 2957 3743 quia
2987 3681 3043 3729 et
3078 3688 3179 3743 ego
3211 3675 3279 3728 ad
3318 3674 3443 3737 hoc,

1874 3772 2134 3834 quantum
2191 3763 2322 3817 mihi
2374 3763 2635 3818 Dominus
2686 3763 2829 3818 scire
2864 3771 2921 3818 et
2951 3779 3107 3835 posse
3133 3763 3439 3827 donaverit,

1873 3870 1991 3909 sum
2027 3861 2249 3925 paratus
2283 3853 2443 3909 simul
2473 3852 2748 3910 vobiscum
2778 3867 2960 3923 agere,
2990 3854 3035 3909 si
3069 3852 3301 3909 voluerit
3329 3852 3444 3925 ipse

1872 3948 2135 4017 recipere.
2746 4006 2751 4009 ,

1941 4040 2186 4108 8.'Qnod
2229 4050 2406 4096 autem
2446 4041 2727 4097 consilium
2770 4055 2871 4112 ego
2894 4038 3347 4110 «cumrepiseopis
3390 4047 3446 4095 et

1869 4131 2062 4187 ceteris
2091 4129 2338 4187 ﬁdelibus
2367 4133 2587 4198 nostris,
2613 4130 2873 4187 sollicitus
2892 4139 2946 4186 et
2965 4138 3266 4201 pronostra
3298 4144 3446 4184 com~

1869 4223 2035 4289 muni,
2068 4232 2246 4278 vestra
2277 4223 2481 4279 scilicet
2510 4232 2745 4290 etntea,-
2767 4223 2860 4278 sed
2888 4230 2942 4278 ct.
2962 4237 3063 4293 pro
3085 4221 3445 4292 ipsiusmepo—

1869 4316 1947 4370 tis‘
1966 4316 2132 4370 nostri
2156 4314 2328 4372 salute
2355 4324 2410 4370 et
2440 4317 2664 4382 nouare,
2695 4323 2751 4372 et
2776 4330 2877 4386 pro
2906 4312 3178 4370 conuuuni
3200 4312 3442 4367 omnium

1866 4398 2117 4460 fidelium?
2141 4415 2463 4462 nostrorum.
2481 4406 2927 4462 i‘ndemnitateet
2949 4404 3271 4469 salvatione,
3303 4417 3445 4457 nunc

196 4463 288 4570 sui
308 4563 321 4570 Δ
339 4464 570 4570 faciunt.
598 4470 689 4525 sed
730 4475 820 4542 qui
868 4480 1195 4535 consentiunt
1237 4480 1586 4553 facientibus,
1620 4490 1765 4560 digni
1796 4481 1847 4539 Ι)
1869 4497 2110 4565 proxime
2133 4505 2188 4552 et
2216 4497 2502 4570 in#synodo
2529 4498 2655 4552 etin
2680 4497 3085 4567 placitOinostro
3114 4463 3315 4565 accepi,
3346 4508 3443 4548 voc

198 4563 321 4608 sunt
350 4568 535 4614 marte.

268 4644 602 4740 6._No_tAa--est
638 4655 789 4712 vobis
831 4673 990 4715 causa
1032 4663 1302 4720 densere
1332 4670 1557 4740 nepotis
1590 4675 1761 4729 nostri

197 4732 491 4833 lllntharii,
518 4742 661 4833 unde
704 4754 776 4799 et.
807 4764 837 4803 a
884 4751 1053 4807 nobis.
1085 4762 1139 4807 et
1177 4756 1245 4810 ab
1283 4732 1555 4830 episcOpis
1610 4764 1761 4833 regni

197 4828 390 4919 nostri,
438 4832 531 4887 sed
576 4844 631 4889 et
669 4837 739 4891 ab
774 4840 895 4896 aliis
923 4843 1189 4915 episcopis
1217 4828 1572 4919 praesentibus
1606 4828 1762 4910 nobis

196 4917 760 4991 consiliumqutesivit
800 4938 856 4984 et
884 4934 1135 4989 audivit:
1168 4917 1265 4993 sed
1291 4941 1587 4995 secundum
1631 4943 1760 4999 illud

196 5006 478 5100 consilium
506 5013 699 5069 exinde
723 5032 828 5071 non
855 5019 1001 5076 fecit.
1044 5023 1256 5082 Scimus
1276 5029 1438 5084 etiam
1461 5031 1586 5100 quia
1614 5041 1670 5087 et
1694 5033 1759 5087 ad

196 5092 449 5184 domuum
493 5104 842 5169 apostolicum
868 5124 966 5178 pro
996 5112 1435 5184 hcetransmisit,
1463 5092 1520 5177 et
1559 5122 1626 5177 ab
1670 5123 1761 5180 illo

195 5182 448 5251 epistolas
467 5189 658 5247 eximie
680 5197 897 5266 recepit.
923 5199 1127 5273 Negare
1155 5221 1367 5278 quoque
1390 5182 1493 5266 non
1516 5213 1759 5270 volumus

1866 4584 1951 4638 bis
1992 4585 2082 4640 cui
2131 4584 2351 4638 nullum
2384 4586 2583 4640 bonum
2627 4594 2846 4654 negare,
2892 4583 2986 4639 sed
3034 4597 3213 4647 omne:
3243 4582 3441 4637 bonum

1870 4690 2044 4730 meum
2075 4687 2296 4746 paratus
2324 4690 2442 4733 sum
2478 4675 2823 4747 participare,
2850 4676 2970 4731 dico
3005 4676 3050 4730 si
3089 4673 3285 4745 placet,
3311 4684 3366 4729 et
3392 4673 3439 4728 si

1868 4758 1940 4819 ita
1978 4766 2130 4821 vobis
2174 4767 2316 4822 bene
2351 4768 2526 4821 visum
2570 4765 2756 4832 fuerit,
2795 4767 2949 4823 bene
2974 4766 3067 4799 “”
3097 4764 3442 4835 accipiamus
3501 4758 3511 4803 ἶ

1868 4855 1993 4910 illud
2022 4857 2401 4911 communiter.
2424 4855 2521 4910 .Et'
2550 4855 2597 4911 si
2619 4855 2825 4917 melius
2860 4854 3153 4926 nobisper
3175 4853 3436 4915 rationem

1863 4953 1918 4999 et
1948 4947 2321 5000 auctoritatem
2357 4944 2594 4999 divinam
2622 4953 2692 4999 et'
2712 4945 3005 4999 humanam
3023 4951 3237 4998 nostra:
3265 4940 3439 4996 salva-

1867 5034 1996 5088 tioni
2030 5044 2083 5088 et
2125 5033 2509 5089 christiauitati
2537 5044 2924 5105 congruentem
2953 5030 3313 5091 ostenderitis,
3341 5043 3435 5097 pa-

1865 5133 2012 5178 ratus
2060 5140 2176 5178 sum
2214 5124 2344 5179 illud
2386 5139 2507 5181 cum
2551 5125 2697 5182 omni
2745 5124 3030 5182 devotione
3069 5121 3336 5190 accipere.
3380 5125 3436 5178 et

1865 5215 2158 5282 vobiscum,
2204 5217 2313 5273 Deo
2338 5226 2660 5288 cooperante
2699 5227 2753 5275 et
2790 5213 3156 5274 communium
3197 5208 3433 5265 fidelium

1501 5365 1733 5435 VARRE
1772 5370 2178 5441 LECTIONES.

268 5474 718 5570 :‘ni.-q.qdesﬁntg
753 5484 806 5537 5.
830 5561 845 5570 γ’
867 5483 950 5570 ,⁸³³
972 5488 1224 5570 ’φερειιὸζ
1281 5494 1361 5570 "1
1375 5498 1659 5570 ‘omnibus
1688 5499 2009 5556 facientibus
2038 5519 2175 5557 corr.
2221 5503 2689 5560 consencicntilms
2714 5503 2767 5556 5.
2842 5502 2911 5534 ηδ
2942 5517 2997 5570 q.
3039 5498 3085 5554 si
3114 5497 3235 5570 quis
3262 5513 3349 5554 res
3368 5508 3431 5556 et

195 5547 454 5627 satisaisi
488 5547 567 5627 5._
614 5550 684 5627 ’ξ’
705 5552 759 5605 in
787 5553 1168 5627 redemptionis
1194 5565 1244 5620 5.

193 5614 259 5675 3...
323 5615 410 5648 “”
438 5618 510 5672 ita
536 5619 587 5673 5.
620 5621 757 5676 deest
781 5622 848 5677 Β.

1322 5564 1391 5598 ’τ’
1421 5570 1627 5625 outcliis
1642 5569 1952 5642 jclcbhiclis
1980 5574 2032 5629 5.
2068 5614 2073 5617 -
2107 5574 2174 5605 ⁰⁹⁷
2199 5573 2324 5630 alibi
2357 5574 2407 5628 3.
2484 5574 2554 5606 ⁹⁹³
2582 5564 3041 5630 υλρυιιιηιωιὶώιο
3068 5570 3101 5625 3

3196 5569 3265 5605 ¹⁹⁹
3289 5580 3427 5625 .nst
3450 5608 3467 5631 κ
