3874 5340
551 263 663 334 693

1267 271 1559 330 APPEND.
1597 269 1688 325 AD
1721 265 1898 324 δεῖξε.
1941 265 2007 320 X.
2047 294 2115 306 —
2154 260 2586 319 MONUMENTA
2625 258 3099 316 DIPLOMATICA.
3681 255 3762 310 696

547 401 859 447 nostrorum
891 389 1118 447 consilio
1157 398 1210 444 et
1246 388 1446 442 auxilio
1483 383 1922 447 adminiculante,
1951 380 2123 436 liben—
2152 385 2205 443 Α
2301 376 2386 431 10.
2431 375 2495 429 Et
2535 375 2580 429 si
2615 375 2683 428 ita
2729 358 2982 434 noluerit,
3015 367 3180 423 faciat
3205 364 3345 435 quod
3369 362 3679 434 iudicaverit
3709 363 3762 416 la-

550 483 758 538 tissime
785 482 936 551 sequi
963 490 1017 535 et
1045 480 1256 549 exequi.
1644 525 1656 533 .

619 575 674 627 9.
715 572 849 639 Quia
881 573 1141 640 scriptum
1172 578 1286 633 est,
1313 570 1527 624 dicente
1564 569 1706 622 bono
1732 580 1878 637 rege,
1908 563 2000 634 qui
2041 573 2132 618 ta-

550 679 674 718 men
707 663 932 731 deliquit
971 671 1029 716 ut
1069 663 1229 716 homo
1257 671 1310 715 et
1352 661 1662 731 recognovit
1705 674 1763 714 se
1791 668 1848 711 ut
1888 657 2037 721 felix,
2067 670 2134 709 ex

547 753 812 806 voluntate
837 769 950 806 mea
989 752 1275 819 conﬁtebor
1312 751 1411 817 illi,
1449 751 1766 820 proﬁteatur
1793 748 1931 802 idem
1965 761 2130 815 nepos

549 853 732 896 noster
756 857 939 897 coram
971 843 1126 896 vobis
1152 851 1207 896 et
1231 856 1412 896 coram
1442 841 1708 911 episcopis
1734 839 1823 908 qui
1852 837 2129 892 vobiscum

547 929 768 994 fuerint,
795 939 850 985 et
894 932 1176 985 remandet
1216 933 1379 985 nobis
1397 946 1493 999 per
1523 946 1619 985 vos
1644 937 1700 982 et
1721 943 1816 998 per
1839 927 1974 992 illos,
2005 925 2130 995 quia

545 1023 660 1076 vult
702 1023 996 1077 secundum
1028 1023 1211 1077 domni
1240 1022 1520 1092 apostolici
1545 1030 1600 1075 et
1624 1019 1924 1090 episcopale
1967 1017 2131 1072 immo

546 1111 786 1164 divinum
815 1097 1099 1166 consilium
1118 1151 1132 1175 ,
1165 1111 1232 1165 ad
1267 1111 1520 1181 placitum
1550 1110 1836 1164 convenire
1861 1123 1981 1162 eum
2013 1105 2130 1175 epi-

545 1201 725 1268 scopis
749 1208 804 1254 et
827 1199 1076 1254 ﬁdelibus
1098 1210 1259 1269 atque
1283 1200 1472 1254 amicis
1495 1199 1588 1253 Dei
1613 1206 1667 1253 et
1690 1197 1889 1252 nostris
1910 1211 1971 1256 ac
1993 1194 2127 1260 suis,

544 1292 800 1360 quoniam
833 1291 947 1346 haec
973 1307 1135 1346 causa
1166 1291 1431 1362 generalis
1469 1300 1554 1346 cst
1588 1291 1838 1345 omnibus
1877 1289 2130 1345 christia-

545 1383 652 1445 nis,
675 1391 732 1436 et
757 1391 848 1436 aut
874 1382 1185 1446 ostendere,
1215 1383 1339 1452 quia
1371 1382 1664 1437 secundum
1697 1381 1868 1450 legem
1895 1380 2132 1434 divinam

542 1482 598 1527 et
644 1473 935 1527 humanam
979 1473 1290 1528 ehristianis
1333 1488 1628 1542 congruam
1671 1473 1772 1526 hoc
1819 1471 2016 1526 factum
2065 1469 2133 1525 de

545 1577 713 1617 uxore
744 1578 845 1616 sua
873 1562 1070 1616 habeat
1098 1570 1404 1628 executum,
1440 1570 1534 1616 aut
1559 1560 1852 1617 secundum
1885 1559 1977 1612 Dei
2005 1572 2134 1612 con-

543 1650 744 1715 silium,
779 1659 833 1705 et
873 1650 1046 1719 legem
1077 1651 1373 1706 christiano
1415 1651 1526 1722 regi
1567 1649 2000 1714 convenientem,
2030 1648 2134 1701 hoc

2229 467 2498 522 ciendum.
2545 466 2657 535 Ego
2687 464 2741 517 in
2787 471 2963 517 vestra
3007 455 3241 514 amicitia
3270 463 3320 509 et
3347 452 3529 508 debita
3560 451 3763 506 fraterni-

2229 569 2339 614 tate
2381 558 2690 628 persistere,
2730 566 2784 611 et
2812 553 2963 609 omni
2983 551 3167 605 debito
3197 546 3458 615 obsequio
3503 542 3636 597 illam
3673 559 3763 613 pro-

2229 652 2424 707 mereri
2456 651 2698 720 cupicns,
2736 647 2827 718 qui
2860 660 2964 700 non
2995 657 3176 713 quer
3205 654 3323 710 qua:
3352 637 3499 692 illius
3534 642 3664 694 sunt,
3693 637 3764 688 sed

2231 743 2398 805 illum,
2423 742 2466 796 si
2496 756 2618 794 eum
2649 738 2938 794 salubriter
2961 735 3161 788 habere
3186 746 3292 785 non
3319 741 3558 798 possum,
3582 740 3658 778 me
3683 725 3762 777 Deo

2231 846 2328 902 pro
2353 830 2492 884 illius
2519 828 2755 882 amicitia
2789 824 2974 880 tollere
3007 820 3148 876 nolo.
3188 818 3297 872 Nec
3323 815 3393 870 ad
3424 812 3761 902 malumalicui

2231 900 2490 991 praestare
2516 917 2774 972 auxilium
2803 913 2962 978 volo;
3001 911 3125 980 quia
3170 906 3399 976 legimus
3443 903 3496 956 in
3542 900 3763 991 scriptura

2233 988 2521 1065 Dominum
2557 1008 2760 1062 dixisse
2790 1004 3004 1059 cuidam
3041 998 3151 1069 regi
3185 1015 3198 1050 :
3231 994 3404 1063 Impia
3434 988 3620 1060 prwbes
3653 989 3765 1041 auxi-

2231 1102 2384 1166 lium,
2411 1109 2459 1154 et
2478 1101 2558 1153 his
2581 1098 2670 1169 qui
2695 1098 2914 1151 oderunt
2943 1109 3023 1147 me
3051 1089 3283 1144 amicitia
3297 1082 3543 1156 jungeris
3568 1094 3584 1130 :
3611 1079 3762 1169 ideirco

2231 1194 2366 1246 iram
2397 1190 2485 1221 ¹⁰⁰⁷
2519 1168 2733 1242 Domini
2764 1183 3044 1238 merebaris
3069 1178 3299 1250 quidem,
3343 1181 3401 1228 et
3442 1171 3580 1226 sicut
3608 1168 3760 1222 ibidem

2231 1285 2287 1340 in
2331 1282 2538 1352 reliquo
2567 1281 2824 1349 scriptum
2873 1285 2974 1332 est.
3017 1274 3082 1329 Et
3112 1273 3239 1327 item
3276 1268 3529 1337 legimus,
3571 1263 3678 1332 quia
3716 1261 3764 1314 de

2231 1387 2570 1444 quacumque
2614 1369 2888 1438 impietate
2923 1365 3275 1436 quiscumque
3311 1357 3407 1390 ¹⁰⁰⁸
3452 1354 3635 1444 impius
3667 1368 3763 1444 eon-

2233 1441 2422 1518 versus
2461 1441 2645 1520 fuerit.
2685 1467 2739 1512 et
2767 1472 2835 1511 ex
2874 1456 3033 1510 corde
3066 1469 3162 1508 suo
3190 1451 3281 1483 ¹’⁰⁰⁹
3309 1463 3370 1503 se
3411 1443 3638 1500 converti
3663 1441 3769 1494 velle

2234 1554 2456 1618 dixerit,
2479 1553 2591 1622 jam
2621 1565 2726 1605 non
2757 1549 2897 1604 inter
2925 1544 3119 1618 impios
3143 1547 3505 1613 computatur,
3537 1534 3622 1589 sed
3643 1548 3666 1586 a
3689 1533 3766 1600 piis

2232 1644 2320 1713 pie
2359 1621 2524 1710 recipi
2560 1641 2719 1696 debet
2764 1646 2818 1693 et
2861 1636 3149 1692 salubriter
3175 1640 3374 1705 potest,
3418 1629 3618 1684 dicente
3653 1621 3763 1677 Scri-

541 1751 596 1797 et
635 1714 734 1796 illa
760 1744 864 1798 duo
893 1714 1014 1812 qua:
1052 1743 1414 1813 praemisimus
1450 1714 1740 1798 emendare
1780 1741 1910 1796 velit
1950 1751 2007 1794 et
2033 1741 2128 1795 de-
2158 1730 2204 1790 B
2231 1741 2388 1804 plura
2421 1750 2434 1786 :
2477 1730 2624 1784 Verte
2666 1729 2875 1798 impios,
2918 1736 2966 1781 et
3008 1742 3110 1780 non
3154 1732 3354 1813 erunt:
3392 1733 3498 1813 non
3538 1714 3649 1813 quia
3682 1727 3760 1813 tum

542 1833 689 1887 beat.
717 1831 786 1885 Et
813 1841 1035 1902 paratus
1065 1849 1183 1887 sum
1207 1848 1328 1888 cum
1362 1832 1454 1888 tali
1487 1833 1718 1887 caritate
1749 1839 1804 1885 et
1838 1829 2132 1886 honorabi-

544 1921 692 1976 litatc
723 1922 871 1976 illum
903 1923 1164 1991 recipere,
1209 1923 1351 1977 sicut
1387 1923 1718 1977 christianos
1754 1937 1845 1975 rex
1875 1919 2130 1975 christia-

543 2029 672 2068 num
707 2030 911 2083 regem,
941 2027 994 2069 et
1018 2014 1160 2069 sicut
1179 2013 1409 2083 diligens
1433 2022 1656 2083 patruus
1681 2011 1932 2067 dilectum
1961 2025 2131 2080 nepo-

545 2113 652 2158 tem
691 2104 849 2159 debet
888 2105 1154 2174 recipere,
1201 2115 1255 2159 et
1304 2105 1358 2159 in
1405 2105 1546 2159 illius
1592 2103 1830 2158 amicitia
1876 2103 1944 2156 ad
1993 2102 2137 2157 illius-

543 2195 896 2250 salvationem
940 2206 996 2250 et
1025 2196 1307 2262 honorem,
1353 2195 1398 2250 si
1434 2195 1504 2250 ita
1547 2195 1756 2260 fecerit,
1789 2206 2128 2264 permanere.

543 2284 610 2339 Et
645 2286 1008 2340 constituatur
1035 2294 1247 2357 tempus
1280 2300 1584 2356 congruum.
1620 2294 1676 2341 et
1722 2285 1873 2340 locus
1910 2293 2133 2355 Oportu-

543 2393 647 2431 nus
684 2378 900 2447 quando
947 2377 1108 2432 simul
1156 2379 1384 2448 paciﬁce
1431 2379 1836 2442 conveniamus,
1888 2386 1943 2432 et
1992 2377 2132 2432 hanc

543 2483 784 2531 causam,
814 2467 956 2522 sicut
981 2468 1046 2524 de
1071 2468 1226 2523 nobis
1259 2468 1410 2538 ipsis,
1437 2468 1563 2537 quia
1584 2467 1724 2522 sicut
1749 2466 2028 2537 Scriptura
2054 2467 2134 2522 di-

543 2562 642 2628 eit,
674 2578 729 2615 os
759 2571 992 2615 nostrum
1018 2571 1067 2614 et
1093 2577 1220 2614 caro
1247 2569 1428 2614 nostra
1451 2561 1540 2592 ¹⁰⁰⁴
1563 2570 1658 2625 est,
1693 2561 1761 2615 ad
1790 2574 2131 2614 communem

543 2660 785 2706 nostram
807 2660 862 2706 et
887 2651 1124 2706 ﬁdelium
1156 2659 1464 2705 nostrorum
1493 2649 1850 2705 salvationem
1881 2658 1937 2705 et
1963 2650 2140 2704 bono-

545 2758 664 2796 rem
688 2741 1048 2807 diﬁiniamus;
1078 2756 1165 2809 ne,
1194 2742 1286 2811 qui
1309 2739 1556 2796 ﬁdelibus
1581 2740 1781 2795 nostris
1802 2748 1857 2795 et
1882 2739 2134 2795 omnibus

545 2833 859 2888 christianis
886 2833 938 2886 in
965 2832 1108 2887 bono
1135 2831 1444 2902 exemplum
1480 2846 1601 2887 esse
1643 2831 1920 2898 debemus,
1954 2839 2010 2886 et
2039 2829 2134 2862 ¹⁰⁰¹

543 2923 866 2993 perditionis
891 2923 1197 2993 exemplum
1227 2923 1515 2988 donamus,
1541 2923 1636 2954 ¹⁰⁰³
1659 2931 1714 2977 et
1740 2923 1834 2993 qui
1869 2922 2136 2978 malorum

545 3025 886 3070 correctores
914 3030 1036 3071 esse
1061 3016 1338 3078 debemus,
1368 3023 1530 3083 caput
1553 3014 1847 3080 malorum,
1870 3015 2014 3083 quod
2043 3014 2138 3069 ab-

2231 1801 2389 1879 erunt
2415 1824 2468 1876 in
2493 1820 2746 1884 essentia,
2775 1817 2869 1873 sed
2909 1831 3013 1871 non
3040 1823 3202 1872 erunt
3224 1813 3278 1867 in
3314 1805 3602 1879 impietatis
3626 1801 3761 1870 culpa.

2231 1915 2358 1970 "me
2391 1923 2572 1968 autem
2615 1911 2869 1976 diximus,
2918 1924 3024 1963 non
3072 1915 3133 1960 ut
3173 1914 3426 1974 nepotem
3475 1906 3688 1953 nostrum
3722 1893 3761 1944 in

2231 2021 2458 2060 numero
2493 1996 2780 2073 impiorum
2823 1998 3122 2069 computari
3165 1997 3470 2064 cupiamus,
3501 2003 3644 2060 quem
3675 1985 3760 2056 pio-

2232 2109 2352 2149 rum
2385 2107 2611 2148 numero
2640 2090 2838 2146 sociari
2869 2106 2899 2144 a
2926 2087 3152 2144 Domino
3181 2092 3523 2154 exoptamus.

2303 2204 2613 2276 Sequuntur
2640 2203 3072 2276 adnuntiationes
3105 2215 3239 2276 quas
3259 2206 3387 2276 .tres
3429 2208 3566 2276 reges
3597 2189 3713 2260 apud

2389 2267 2400 2276 ’
2516 2273 2865 2329 Sablonarias
2894 2267 3208 2325 adnuntiare
3235 2267 3546 2321 debuerunt.

2304 2384 2647 2440 Adnuntiatio
2671 2383 2850 2438 damni
2878 2378 3190 2434 Hludowici.
3211 2407 3283 2417 —-
3302 2375 3354 2429 1.
3383 2373 3530 2429 Sicut
3550 2369 3675 2426 scitis
3692 2365 3756 2436 qui

2234 2478 2309 2534 ibi
2348 2476 2594 2532 adfuistis
2635 2475 2850 2544 quando
2893 2471 3138 2543 proxime
3174 2467 3313 2538 apud
3345 2464 3662 2534 Conﬂuentes
3689 2473 3759 2513 nos

2236 2567 2525 2639 adiuvante
2562 2565 2790 2622 Domino
2814 2563 3213 2635 conjunximus,
3241 2567 3297 2615 et
3325 2555 3555 2629 capitula
3582 2569 3609 2608 a
3644 2551 3763 2606 nobis

2235 2673 2290 2717 et
2315 2676 2346 2715 a
2371 2659 2616 2715 ﬁdelibus
2641 2657 2843 2714 nostris
2870 2653 3205 2712 observanda
3234 2650 3538 2713 statuimus,
3564 2641 3755 2702 convenit

2227 2750 2413 2814 nobis,
2441 2759 2499 2804 ut
2527 2763 2768 2819 congruo
2796 2756 3038 2817 tempore
3063 2753 3118 2798 et
3151 2752 3422 2812 oportuno
3465 2737 3574 2793 loco
3611 2735 3760 2788 iterum

2237 2839 2398 2895 simul
2439 2839 2870 2900 conveniremus,
2899 2845 3103 2890 etcum
3149 2833 3243 2888 Dei
3289 2820 3755 2900 adjutorio,etlide:

2238 2928 2370 2982 tium
2401 2935 2709 2982 nostrorum
2737 2923 2986 2989 consilio,
3017 2938 3137 2994 qua:
3164 2921 3218 2976 in
3247 2927 3395 2976 statu
3425 2923 3608 2974 saneta:
3630 2908 3758 2965 eccle-

2237 3018 2332 3074 siae
2357 3026 2412 3074 et
2436 3018 2490 3072 in
2521 3017 2679 3072 nobis
2705 3027 2759 3071 et
2783 3017 2836 3071 in
2866 3016 3048 3086 regnis
3073 3014 3294 3076 nostris,
3339 3020 3502 3080 atque
3526 3008 3573 3062 in
3608 3001 3754 3060 nostris

545 3105 636 3169 sit,
672 3104 884 3160 ﬁamus.
927 3103 1034 3159 Sed
1073 3113 1128 3159 et
1152 3119 1214 3159 ea
1243 3119 1383 3174 quae,
1415 3113 1476 3158 ut
1519 3117 1681 3172 supra
1707 3104 1964 3170 diximus,
1995 3104 2134 3174 apud
2162 3090 2208 3151 C
2241 3107 2488 3164 ﬁdelibus
2538 3105 2874 3162 emendanda
2921 3111 3108 3166 erant,
3164 3101 3596 3161 emendaremus,
3637 3102 3680 3146 et
3717 3096 3756 3140 ut

547 3196 894 3251 Conﬂuentes
939 3195 1288 3266 promisimus
1340 3211 1438 3252 nos
1486 3205 1813 3252 tractaturos
1858 3206 1914 3252 et
1949 3197 2136 3253 obser-

553 3289 728 3341 vanda
759 3287 1177 3353 constituturos,
1201 3295 1493 3342 tractemus
1518 3296 1574 3343 et
1592 3297 1922 3352 statuamus;
1958 3296 2017 3341 ut
2043 3286 2137 3357 qui

549 3376 786 3445 undique
813 3383 1038 3446 propter
1070 3383 1290 3446 peccata
1320 3385 1503 3431 nostra
1537 3383 1594 3431 et
1621 3376 1818 3430 malum
1856 3376 2137 3432 discordiae

549 3468 692 3534 quod
741 3467 794 3521 in
832 3467 1016 3537 regnis
1059 3468 1260 3523 nostris
1305 3477 1490 3524 manet
1527 3469 1879 3538 percutimur,
1924 3469 2140 3539 placato

552 3559 666 3612 Deo
706 3555 1091 3612 misericordia:
1139 3555 1284 3611 illius
1329 3556 1578 3612 solatium
1620 3557 1884 3636 consequi
1930 3572 2139 3613 merea-

552 3661 692 3699 mur.
745 3645 810 3699 Et
850 3659 955 3700 non
987 3645 1061 3699 sit
1101 3646 1283 3714 nepoti
1326 3657 1511 3702 nostro
1542 3647 1644 3703 hoc
1670 3662 1832 3719 agere
1878 3648 1929 3702 in
1957 3657 2140 3704 mente

550 3750 651 3789 sua.
669 3735 861 3789 durum
882 3752 904 3802 ;:
921 3735 1044 3804 quia
1073 3735 1334 3804 scripturn
1363 3745 1448 3791 est
1473 3755 1486 3790 :
1513 3737 1618 3803 Qui
1649 3740 1835 3793 mentis
1860 3749 1935 3793 est
1967 3739 2135 3805 dura',

549 3833 754 3876 corruet
783 3822 838 3876 in
873 3822 1091 3877 malum.
1138 3824 1243 3879 Sed
1277 3825 1464 3879 timeat
1497 3825 1697 3892 Deum,
1737 3835 1792 3881 et
1831 3835 2141 3896 compescat

550 3915 693 3969 istud
723 3915 814 3946 W“
842 3915 1177 3981 scandalum,
1215 3918 1357 3986 quod
1390 3926 1500 3971 tam
1531 3918 1736 3988 grande
1768 3919 1824 3972 in
1863 3919 1966 3973 ista
1997 3918 2142 3973 chri-

548 4005 827 4060 slianilale
853 4006 970 4060 sine
996 4006 1109 4060 ulla
1132 4007 1458 4063 necessitate
1483 4018 1567 4062 est
1598 4017 1911 4079 generatum
1937 4018 1991 4064 et
2018 4022 2143 4076 pro-

551 4101 827 4162 pagatum,
857 4106 978 4146 cum
1005 4106 1103 4161 per
1139 4091 1409 4147 rationem
1435 4101 1491 4149 et
1525 4096 1902 4150 auctoritatem
1939 4094 2143 4164 potuis-

554 4192 640 4239 set
673 4184 740 4238 ad
771 4183 1013 4239 debitum
1040 4183 1291 4240 eﬁ'ectum
1321 4185 1562 4255 perduci,
1591 4187 1733 4256 quod
1762 4187 1946 4243 multis
1971 4186 2143 4242 homi-

551 4275 714 4329 nibus
741 4273 951 4329 videtur
973 4274 1088 4330 sine
1111 4275 1272 4345 plena
1301 4277 1511 4333 ratione
1535 4285 1592 4332 et
1618 4278 1940 4333 auctoritate
1961 4277 2138 4334 debita

552 4374 856 4422 executum.
913 4365 980 4420 Et
1007 4367 1136 4436 quia
1181 4369 1442 4438 scriptum
1483 4378 1566 4426 est
1595 4388 1608 4424 :
1641 4370 1837 4426 Beatus
1864 4372 2016 4425 homo
2050 4371 2141 4441 qui

2237 3198 2527 3256 emendata
2555 3197 2622 3252 de
2652 3205 2837 3252 cetero
2867 3196 3288 3251 observarentur
3315 3191 3410 3222 ¹⁰¹⁰
3440 3195 3752 3244 statueremus.

2237 3291 2306 3346 Et
2330 3291 2398 3346 ad
2431 3290 2547 3345 haec
2585 3288 2792 3358 agenda
2833 3287 2945 3358 jam
2989 3301 3088 3356 per
3116 3296 3226 3339 tres
3254 3284 3406 3340 vices
3427 3289 3490 3350 et
3529 3279 3756 3345 tempuset

2239 3382 2417 3437 locum
2443 3379 2819 3444 condiximus;
2850 3377 2946 3432 sed
2976 3384 3069 3429 aut
3104 3374 3235 3430 mihi
3275 3379 3370 3427 aut
3400 3367 3547 3424 fratri
3573 3377 3669 3420 meo
3689 3367 3753 3412 aut

2238 3469 2510 3529 communi
2541 3468 2721 3540 nepoti
2757 3477 2943 3522 nostro
2976 3466 3109 3522 tales
3135 3479 3311 3520 causa:
3338 3459 3656 3517 acciderunt,
3686 3461 3754 3548 pro

2239 3563 2439 3634 quibus
2465 3563 2570 3617 hoc
2597 3559 2742 3631 quod
2767 3557 3108 3614 condiximus
3138 3555 3226 3586 ίοίι
3255 3553 3480 3623 implere
3507 3562 3602 3603 non
3625 3549 3752 3614 ροιυιο

2239 3666 2381 3707 mus.

2308 3743 2362 3797 2.
2404 3740 2614 3796 Interea
2657 3739 2906 3810 pervenit
2936 3739 3001 3794 ad
3042 3751 3152 3803 me,
3196 3735 3322 3807 quia
3363 3747 3515 3789 meus
3552 3729 3686 3783 frater
3715 3724 3753 3772 et

2240 3834 2543 3891 communis
2573 3846 2741 3901 nepos
2768 3839 2953 3887 noster
2981 3830 3055 3884 ita
3093 3830 3236 3883 inter
3264 3841 3323 3881 se
3350 3841 3456 3881 non
3480 3825 3629 3878 erant.
3651 3813 3752 3868 sicut

2241 3931 2366 3978 tunc
2392 3922 2610 3978 fuerunt
2635 3921 2854 3990 quando
2877 3935 2974 3975 nos
3001 3917 3162 3973 simul
3189 3914 3572 3984 eonjunximus.
3596 3906 3649 3960 Et
3667 3901 3752 3955 ideo

2241 4013 2310 4067 ad
2337 4013 2442 4068 hoc
2472 4010 2618 4077 veni,
2649 4019 2708 4065 ut
2745 4010 2887 4065 inter
2926 4024 3022 4064 eos
3063 4008 3309 4078 privatus
3334 4005 3581 4061 mediator
3601 3995 3750 4051 existev

2242 4115 2380 4166 rem,
2411 4109 2466 4154 et
2505 4100 2607 4170 ipsi
2647 4100 2724 4156 sic
2755 4100 2896 4156 inter
2918 4114 2980 4154 se
3009 4099 3138 4164 sint,
3169 4098 3312 4153 sicut
3346 4111 3443 4167 per
3469 4100 3645 4148 rectum
3668 4091 3751 4137 esse

2242 4191 2460 4246 debent.
2490 4187 2643 4244 Unde
2669 4189 2838 4244 frater
2867 4199 3054 4244 noster
3087 4201 3184 4256 per
3213 4200 3298 4241 me
3323 4194 3380 4240 et
3421 4197 3513 4254 per
3535 4178 3748 4247 epistol)os

2243 4289 2456 4336 nostros
2483 4295 2547 4334 ac
2571 4293 2668 4349 per
2695 4279 2979 4350 episcopos
3001 4278 3214 4349 nepotis
3241 4275 3434 4339 nostri,
3461 4280 3510 4326 et
3536 4266 3696 4334 scripto
3714 4265 3749 4357 ςι

2244 4371 2408 4426 verbo
2441 4369 2573 4425 tales
2602 4385 2795 4425 causas
2828 4370 3008 4438 nepoti
3043 4376 3234 4423 nostro
3256 4363 3537 4421 mandavit.
3564 4370 3644 4426 pro
3665 4365 3750 4418 qu"

552 4465 858 4527 semperest
889 4458 1131 4528 pavidus,
1158 4465 1213 4514 et
1237 4459 1495 4514 Domi-nus
1523 4460 1653 4515 dicit
1691 4479 1709 4513 ε
1750 4459 2029 4530 Diligentes
2062 4475 2142 4513 me
2172 4445 2220 4504 ι)
2247 4464 2346 4518 bus
2370 4463 2443 4528 illi
2469 4463 2548 4517 sic
2573 4462 2816 4532 privatus
2835 4461 2983 4533 (150)
3006 4476 3110 4516 non
3133 4467 3252 4527 erat
3280 4459 3418 4514 sicut
3437 4462 3575 4509 antea
3597 4446 3746 4533 fuerat;

553 4549 739 4619 diligo,
766 4563 866 4619 pro
887 4565 1072 4606 amore
1095 4558 1152 4606 et
1174 4551 1366 4606 timore
1396 4551 1492 4607 Dei
1520 4552 1750 4607 honoret
1779 4566 1860 4616 se,
1884 4559 1940 4606 et
1981 4565 2137 4604 suam

555 4640 1033 4707 christianitatem,
1058 4650 1108 4696 et
1138 4656 1294 4696 suum
1316 4655 1511 4696 nomen
1539 4643 1768 4711 regium,
1791 4650 1847 4696 et
1862 4649 2026 4696 exuat
2048 4639 2141 4672 ¹⁰⁰⁸

555 4746 618 4785 se
647 4741 700 4786 et
729 4747 828 4786 nos
855 4747 1044 4788 omnes
1069 4733 1136 4789 ab
1177 4733 1281 4788 ista
1311 4732 1580 4788 calumnia
1610 4749 1730 4800 qua:
1773 4731 1924 4786 illum
1968 4732 2145 4800 sequi-

557 4833 666 4887 tur,
698 4831 755 4876 et
800 4837 899 4892 per
940 4822 1094 4877 illum
1135 4837 1200 4878 ac
1247 4832 1467 4892 propter
1507 4823 1654 4877 illum
1683 4837 1782 4877 nos
1811 4823 2142 4892 propinquos
2185 4833 2192 4840 ‘

556 4911 735 4976 illius;
767 4922 823 4967 et
857 4914 1085 4969 honoret
1127 4914 1250 4968 inde
1278 4914 1369 4946 ¹⁰⁰⁶
1404 4914 1574 4968 Deum
1596 4955 1612 4977 ,
1651 4915 1826 4969 sciens
1857 4913 2142 4968 Dominum

557 5003 741 5058 dicere
785 5022 798 5057 :
853 5003 1187 5058 "onerante:
1234 5021 1316 5057 me
1350 5004 1650 5068 honorabo;
1685 5015 1734 5058 et
1777 5005 1867 5074 qui
1917 5012 2144 5058 contem-

557 5103 724 5160 pnunt
755 5109 856 5158 me,
883 5103 1034 5147 erunt
1065 5094 1337 5163 ignobiles.

1873 5233 1960 5289 VA
1970 5232 2107 5288 RUE
2143 5233 2541 5292 LECTIONES.

2247 4570 2383 4624 quas
2399 4555 2488 4586 1°"
2505 4553 2548 4610 si
2573 4554 2660 4608 ille
2683 4555 2970 4608 emendare
2989 4552 3148 4606 vellet
3168 4551 3306 4605 sicut
3329 4549 3378 4602 ei
3403 4539 3656 4600 mandabat
3670 4527 3745 4585 ω’.

2251 4644 2551 4699 voluntarie
2580 4643 2655 4698 illi
2686 4651 2807 4698 erat
2835 4642 2977 4698 sicut
3003 4641 3234 4713 diligens
3263 4646 3485 4709 patruus
3501 4629 3663 4685 dilecto
3684 4631 3749 4671 ne-

2248 4738 2381 4808 poti,
2412 4745 2467 4792 et
2491 4735 2820 4791 Christianus
2848 4750 2938 4789 rex
2972 4732 3268 4788 christiano
3313 4727 3423 4798 regi
3450 4735 3558 4814 esse
3593 4727 3670 4814 pet

2249 4834 2395 4880 etum
2425 4825 2602 4880 debet.
2652 4824 2730 4878 De
2770 4824 2966 4893 quibus
2995 4820 3175 4878 causis
3209 4833 3308 4874 nos
3353 4824 3406 4870 et
3450 4809 3655 4902 episcopi.
3686 4809 3747 4902 fit"

2250 4917 2529 4972 nobiscum
2560 4915 2778 4970 fuerunt
2800 4929 2867 4968 ex
2901 4922 3052 4984 parte
3080 4908 3292 4980 nepotis
3320 4903 3506 4967 nostri,
3534 4899 3656 4982 fratri
3681 4899 3748 4939 n0-

2249 5017 2364 5062 stro
2391 5014 2447 5060 et
2475 5004 2742 5076 episcopis
2775 5003 2868 5072 qui
2911 5017 3033 5057 cum
3063 4989 3145 5055 eo
3171 4988 3330 5054 erant
3365 4995 3466 5050 tale
3503 4986 3747 5076 respoutml'

2251 5069 2581 5156 reddidimus
2620 5069 2809 5168 z-quia—
2851 5096 2972 5152 illas
3012 5107 3204 5150 causas
3246 5104 3386 5162 quas
3423 5086 3470 5144 ei
3513 5069 3746 5150 reputabat.

2831 5331 2843 5340 .
2887 5323 2917 5340 ι-
3020 5321 3110 5340 anno
3145 5319 3348 5340 1.-----
3377 5315 3426 5340 ζ,
3453 5313 3481 5340 ιχ
3569 5293 3673 5334 ηοῖἶ
3711 5300 3733 5314 ⁸
