3960 6320
157 292 280 352 697

1205 297 1337 352 FBA
1351 295 1634 355 NCORUM
1676 295 1805 352 [ιΕο
1818 293 1912 349 UM
1950 292 2430 350 CAPITULAIHA.

3344 286 3448 342 698

153 414 412 472 paratus
437 413 557 462 erat
594 413 685 462 aut
710 408 1018 474 emendare,
1063 418 1154 464 aut
1181 409 1248 464 de
1277 411 1381 466 illis
1410 421 1612 466 certam
1645 410 1763 466 rcd-
1791 410 1838 470 Α
1866 407 1972 472 dis,
2005 416 2058 464 et
2089 407 2154 462 de
2181 407 2267 461 his
2293 420 2412 476 quae
2441 404 2494 459 in
2521 404 2703 472 regnis
2739 401 2940 458 nostris
2967 400 3301 456 emendanda
3324 409 3450 455 sunt

156 495 310 550 dere
367 497 674 561 rationem,
724 507 780 552 et
827 497 1046 568 dignam
1095 499 1273 555 facere
1320 501 1766 556 satisfactionem.

155 583 336 650 Quod
370 602 688 657 responsum
725 589 894 644 frater
939 599 1126 646 noster
1168 602 1225 646 et
1254 593 1488 662 episcopi
1537 593 1770 648 libenter

155 684 543 745 receperunt;
572 685 650 742 et,
683 678 791 732 Deo
816 680 1038 750 gratias,
1065 689 1192 735 sunt
1232 681 1305 735 ita
1339 685 1495 736 modo
1525 682 1692 739 frater
1715 693 1770 738 et

150 774 353 829 nepos
386 774 594 830 noster,
624 766 764 820 sicut
786 782 882 835 per
907 777 1111 823 rectum
1139 785 1260 824 esse
1283 770 1501 826 debent.

237 850 300 904 5.
346 851 423 906 Et
451 852 718 920 volumus,
747 865 807 910 ut
843 857 982 912 sicut
1021 859 1175 915 nobis
1211 861 1496 927 convenit,
1529 873 1589 918 ut
1629 864 1768 919 inter

150 953 271 995 nos
300 942 498 999 ﬁdeles
525 945 676 1001 missi
705 947 1032 1014 discurrant,
1055 961 1108 1005 et
1131 967 1250 1021 qua:
1271 953 1324 1007 in
1351 954 1768 1026 uniuscujusque

155 1041 434 1090 nostrum
464 1051 630 1108 regno
657 1041 987 1094 emendanda
1017 1051 1161 1107 sunt,
1186 1051 1241 1096 et
1269 1042 1406 1098 alter
1430 1044 1583 1100 alteri
1617 1047 1767 1100 inno-

173 1124 371 1188 tuerit,
416 1127 789 1190 emendentur,
837 1138 894 1182 et
938 1144 1078 1184 casae
1119 1130 1213 1184 Dei
1261 1140 1315 1186 et
1350 1135 1660 1189 sacerdotes
1703 1150 1765 1190 ac

173 1214 320 1268 servi
377 1213 473 1269 Dei
514 1215 686 1284 legem
729 1226 784 1271 et
827 1218 1089 1274 honorem
1131 1219 1370 1275 debitum
1417 1223 1669 1287 habeant,
1711 1234 1767 1279 et

171 1303 561 1373 unusquisque
591 1305 826 1361 ﬁdelium
872 1317 1180 1364 nostrorum
1226 1311 1278 1364 in
1323 1311 1500 1380 regnis
1543 1313 1764 1378 nostris,

169 1389 573 1463 Cuiuscumque
600 1405 843 1452 nostrum
888 1399 960 1452 sit
1000 1399 1182 1464 homo,
1222 1399 1395 1471 legem
1421 1411 1473 1456 et
1497 1401 1762 1470 justitiam

167 1489 216 1535 et
241 1480 304 1534 in
338 1496 404 1535 se
423 1491 478 1536 et
504 1483 556 1536 iu
585 1484 699 1538 suis
725 1487 1146 1555 proprietatibus
1168 1500 1222 1545 et
1249 1491 1301 1548 in
1331 1492 1446 1546 suis
1468 1492 1762 1549 honoribus

168 1569 401 1637 habeat,
425 1572 569 1627 sicut
600 1581 842 1645 tempore
881 1587 1282 1634 antecessorum
1325 1591 1632 1637 nostrorum
1665 1584 1762 1638 ha-

166 1659 432 1726 buerunt,
464 1670 516 1718 et
545 1663 686 1720 sicut
727 1667 869 1724 inter
914 1683 1014 1725 nos
1049 1669 1164 1738 jam
1193 1673 1447 1726 convenit
1475 1674 1585 1739 ιω,
1617 1682 1671 1728 et
1706 1675 1757 1729 in

1868 496 2236 560 emendandis,
2268 505 2324 552 et
2349 496 2414 551 de
2442 503 2586 549 statu
2611 503 2770 562 atque
2798 494 3003 548 honore
3025 489 3374 546 ecclesiarum
3395 499 3452 544 et

1868 589 2204 643 sacerdotum
2230 602 2293 642 ac
2319 601 2597 642 servorum
2628 583 2746 647 Dei,
2786 591 2841 636 et
2883 581 2952 636 de
2995 581 3112 650 lege
3150 593 3214 632 ac
3236 577 3450 647 iustitia

1866 679 2235 734 conservanda
2271 675 2560 744 unicuique
2595 673 2832 728 ﬁdelium
2863 679 3171 725 nostrorum
3200 669 3252 722 in
3282 682 3449 737 regno

1867 776 2072 833 nostro,
2103 767 2469 836 cujuscunque
2499 771 2741 818 nostrum
2769 762 2842 816 sit
2869 761 3051 824 homo,
3084 767 3139 812 et
3183 757 3236 810 in
3268 756 3358 810 illo
3393 765 3451 811 et

1866 859 1919 913 iu
1949 859 2062 913 suis
2089 857 2528 928 proprietatibus,
2571 863 2625 908 et
2655 853 2708 908 in
2757 852 2869 908 suis
2911 849 3228 912 honoribus,
3277 855 3333 902 et
3380 847 3448 901 de

1865 949 2111 1020 capitulis
2135 948 2506 1012 observandis,
2535 946 2674 1001 sicut
2705 943 2872 998 frater
2897 950 3081 998 noster
3116 953 3259 994 nunc
3287 937 3443 1002 dixit,

1865 1041 1938 1097 ita
1966 1051 2019 1097 et
2051 1055 2150 1110 ego
2187 1057 2284 1112 per
2303 1038 2483 1094 omnia
2508 1037 2664 1107 cupio
2688 1036 2998 1090 observare.

1935 1132 2277 1186 Adnunliatio
2313 1130 2596 1183 lllotharii.
2621 1157 2690 1168 —
2712 1128 2755 1180 l.
2782 1126 3072 1194 Postquam
3095 1122 3196 1177 iste
3216 1129 3445 1190 patruus

1863 1236 2016 1276 meus
2043 1220 2387 1276 liludowicus
2412 1233 2498 1274 me
2527 1219 2579 1272 in
2609 1233 2705 1272 sua
2733 1217 2969 1271 bonitate
3000 1215 3052 1268 iu
3079 1211 3172 1266 ﬁlii
3203 1211 3319 1265 loco
3349 1224 3444 1263 su-

1863 1312 2057 1382 scepit,
2081 1311 2160 1366 sic
2187 1325 2314 1381 erga
2341 1325 2428 1364 me
2457 1323 2669 1376 semper
2696 1307 2748 1360 in
2781 1320 2878 1358 sua
2914 1302 3160 1357 mercede
3186 1299 3333 1364 fecit,
3365 1298 3445 1353 si-

1862 1411 1952 1459 cut
1979 1412 2034 1458 et
2062 1403 2212 1456 illum
2239 1402 2422 1457 decuit
2457 1409 2511 1454 et
2539 1399 2667 1454 mihi
2700 1412 2920 1452 necesse
2951 1394 3070 1448 fuit.
3101 1391 3255 1448 Unde
3281 1405 3444 1460 para-

1863 1504 1948 1549 tus
1975 1509 2094 1550 sum
2120 1492 2194 1547 illi
2226 1492 2464 1546 debitum
2493 1488 2809 1558 obsequium
2855 1485 3133 1549 exhibere,
3169 1481 3310 1536 sicut
3349 1493 3446 1550 per

1861 1592 2068 1647 rectum
2096 1583 2268 1638 debeo
2303 1581 2502 1636 facere.

1929 1674 1983 1728 9..
2011 1674 2077 1728 Et
2121 1673 2187 1728 de
2213 1673 2295 1728 his
2323 1688 2442 1742 qua:
2471 1680 2698 1742 patruus
2736 1685 2887 1724 meus
2928 1665 3156 1722 Karolus
3199 1662 3446 1734 proxime

168 1748 275 1803 illis
318 1752 575 1821 capitulis
602 1767 686 1810 est
718 1759 1067 1814 constitutum
1107 1777 1226 1831 qua:
1265 1773 1635 1819 antecessores
1668 1765 1760 1797 ⁸⁸³⁸
1792 1755 1835 1815 Β
1865 1780 2025 1830 nunc,
2050 1764 2268 1834 quando
2297 1765 2528 1834 prinmm
2553 1761 2712 1817 simul
2733 1760 3106 1820 convenimus,
3135 1756 3264 1811 mihi
3295 1771 3444 1809 man-

168 1840 351 1894 nostri
395 1856 550 1913 reges
572 1846 992 1914 constituerunt,
1037 1859 1092 1905 et
1132 1853 1271 1907 sicut
1299 1869 1402 1909 nos
1426 1856 1567 1924 apud
1591 1855 1760 1912 Mars-

168 1945 296 1983 nam
329 1929 682 1995 ﬁrmavimus.
713 1946 767 1991 et
807 1938 946 1994 sicut
975 1957 1119 1996 nunc
1160 1946 1406 2013 proxime
1447 1948 1587 2017 apud
1618 1946 1758 2002 Cou-

167 2016 402 2074 ﬁuentes
431 2025 749 2091 statuimus;
791 2027 980 2096 donec,
1020 2032 1305 2101 adjuvante
1346 2016 1492 2101 Deo,
1518 2051 1756 2107 congruo

169 2116 416 2178 tempore
440 2119 495 2164 et
514 2122 778 2182 oportuno
801 2115 917 2172 loco
944 2118 1138 2173 iterum
1168 2121 1326 2176 simul
1348 2125 1750 2190 conveniamus,

166 2209 226 2255 et
269 2218 379 2256 una
419 2219 544 2259 cum
587 2211 858 2264 communi
898 2212 1132 2267 ﬁdelium
1179 2224 1488 2270 nostrorum
1529 2218 1755 2272 consilio

167 2310 290 2362 qua:
337 2297 568 2366 perfecta
615 2316 720 2356 non
767 2301 990 2369 fuerint,
1020 2307 1241 2375 pacilice
1273 2319 1566 2365 tractemus
1593 2319 1756 2381 atque

168 2384 514 2451 perﬁciamus
541 2390 653 2455 ‘°“,
678 2400 732 2444 et
759 2393 835 2446 ita
867 2408 967 2450 nos
991 2397 1056 2448 ad
1083 2397 1310 2453 invicem
1334 2400 1670 2468 adiuvemus,
1697 2412 1755 2458 ut

167 2491 293 2531 cum
337 2479 430 2534 Dei
474 2480 742 2549 adiutorio
782 2500 880 2540 nos
917 2495 973 2542 et
1008 2487 1194 2544 fideles
1219 2501 1433 2547 nostros
1461 2493 1753 2563 salremus,

167 2575 223 2622 et
239 2573 652 2641 nppressoribus
672 2585 872 2632 saneta:
893 2578 1137 2634 ecclesia:
1159 2581 1494 2639 resistamus.
1519 2584 1586 2639 Et
1608 2585 1752 2643 hanc

168 2662 656 2732 adcognitationem
687 2668 806 2724 ideo
833 2669 997 2725 scribi
1026 2675 1297 2728 communi
1326 2691 1589 2733 consensu
1621 2679 1756 2734 feci-

169 2764 308 2815 mus,
341 2760 400 2805 ut
431 2758 1080 2826 unusquisque.nostrum
1120 2763 1264 2819 illam
1297 2767 1519 2833 habeat,
1551 2779 1606 2825 et
1632 2786 1752 2826 cer-

169 2839 274 2894 tius
305 2843 462 2908 sciat,
493 2846 621 2914 quid
651 2858 708 2901 et
731 2849 964 2918 qualiter
985 2853 1180 2907 exinde
1215 2855 1504 2912 observare
1526 2873 1749 2928 expres-

167 2931 280 2988 sius
311 2934 535 3000 debeat;
569 2938 694 3006 quia
737 2955 844 2996 non
878 2941 1050 3004 decet,
1079 2952 1140 2998 ut
1181 2959 1273 2999 rex
1308 2961 1338 2999 a
1376 2962 1472 3002 sua
1512 2951 1750 3021 cognita-

171 3020 310 3079 tione
333 3025 513 3080 deviet
531 3068 545 3091 ,
573 3031 712 3084 sicut
737 3047 842 3087 non
870 3035 1147 3100 convenit,
1184 3045 1243 3091 ut
1278 3037 1562 3111 episcopus
1588 3020 1618 3096 a
1649 3058 1744 3098 sua

166 3124 310 3170 recta
340 3117 720 3186 praedicatione
746 3122 1036 3179 discordet.

232 3204 584 3262 Adnuntiatio
605 3209 782 3264 damni
806 3211 1015 3267 Karoli.
1036 3244 1109 3256 —
1132 3217 1183 3271 l.
1212 3216 1326 3273 Hoc
1351 3221 1492 3289 quod
1519 3221 1747 3280 dilectus

165 3289 331 3348 frater
353 3305 543 3352 noster
561 3299 696 3353 dixit
717 3317 818 3357 nos
837 3303 1081 3372 proxime
1101 3308 1239 3376 apud
1260 3308 1602 3367 Conﬂuentes
1620 3327 1747 3367 con-

160 3385 424 3452 stituisse,
457 3401 718 3457 quantum
759 3407 828 3447 ex
863 3409 948 3448 me
993 3394 1114 3460 fuit,
1147 3396 1743 3466 bactenusobservavi,

163 3485 215 3528 et
237 3477 532 3534 observare
561 3483 736 3552 cupio,
763 3483 810 3538 si
845 3493 899 3538 et
923 3499 1051 3557 erga
1082 3502 1169 3542 me
1205 3487 1280 3543 ita
1309 3487 1470 3544 fuerit
1497 3491 1744 3548 observa-

163 3573 304 3634 tum;
339 3579 396 3625 et
431 3573 482 3626 ei
510 3583 760 3644 reputare
798 3591 904 3632 non
940 3578 1082 3644 volo,
1110 3589 1168 3633 ut
1199 3581 1314 3648 ipse
1338 3581 1588 3636 similiter
1613 3598 1752 3654 erga

162 3673 245 3713 me
271 3660 364 3714 illa
389 3662 674 3719 observata
703 3681 810 3721 non
833 3667 1046 3723 habeat.
1075 3668 1248 3726 Credo
1271 3671 1460 3738 etiam,
1483 3673 1610 3742 quia
1643 3689 1743 3728 nec

161 3749 246 3806 ille
271 3753 426 3819 velit,
460 3771 561 3810 nec
597 3757 790 3828 aliquis
834 3759 972 3816 alius
1017 3761 1146 3816 mihi
1186 3775 1434 3833 reputare
1463 3766 1652 3835 possit,
1683 3775 1742 3820 ut

159 3855 282 3913 erga
308 3860 436 3900 eum
469 3847 558 3901 illa
584 3849 865 3904 observata
893 3867 995 3905 non
1022 3852 1268 3907 habeam.
1298 3854 1448 3921 Quod
1473 3857 1517 3911 si
1549 3857 1742 3927 aliquis

158 3929 384 3998 fecerit,
429 3945 651 4005 paratus
679 3954 797 3993 sum
826 3950 919 3994 aut
957 3941 1046 3994 illa
1077 3958 1197 4012 qua:
1239 3945 1570 4001 emendanda
1616 3955 1742 4002 sunt

155 4027 470 4091 emendare,
501 4037 594 4083 aut
621 4030 686 4085 de
728 4031 829 4085 hoc
855 4031 999 4101 quod
1042 4033 1171 4087 mihi
1211 4044 1514 4106 reputatum
1554 4037 1737 4105 fuerit,

153 4126 360 4172 certam
392 4120 620 4174 reddere
648 4122 930 4176 rationem.

218 4208 278 4262 ‘2.
324 4209 391 4262 Et
423 4210 466 4264 si
500 4210 588 4265 hic
613 4213 914 4268 communis
949 4229 1114 4284 nepos
1144 4225 1330 4272 noster
1356 4218 1566 4284 fecerit,
1599 4220 1742 4276 sicut

154 4295 326 4354 frater
371 4312 556 4354 noster
594 4309 648 4356 et
679 4303 912 4372 episcopi
942 4305 1032 4373 qui
1065 4321 1187 4360 eum
1215 4322 1280 4362 eo
1328 4308 1470 4362 inter
1498 4325 1595 4364 nos
1624 4323 1738 4363 me-

159 4386 397 4444 diatores
426 4390 663 4456 fuerunt,
693 4393 824 4446 mihi
851 4401 906 4448 et
931 4394 1199 4464 episcopis
1224 4397 1316 4466 qui
1347 4413 1556 4453 mecum
1584 4409 1741 4454 erant

170 4488 221 4531 ex
242 4488 400 4550 parte
424 4479 564 4535 illius
586 4482 988 4548 nuntiaverunt,
1009 4485 1260 4539 et'frater
1287 4495 1469 4542 noster
1496 4504 1640 4544 nunc
1663 4490 1740 4544 di-

169 4572 254 4637 xit,
279 4581 334 4626 et
361 4572 436 4625 ita
466 4573 597 4626 mihi
621 4572 899 4630 famiiiaris
925 4584 980 4629 et
1004 4577 1210 4632 amicus
1234 4587 1395 4648 atque
1419 4579 1631 4649 adjutor
1653 4595 1736 4636 se-

171 4669 393 4722 cundum
437 4669 808 4725 rationabilem
840 4671 1251 4740 possibili-tatem
1283 4674 1553 4738 extiterit,
1596 4675 1735 4730 sicut

173 4773 328 4831 nepos
355 4768 548 4830 patruo
578 4769 633 4815 et
661 4762 990 4817 christiauus
1018 4779 1108 4819 rex
1154 4764 1447 4820 christiano
1473 4766 1584 4836 regi
1612 4780 1735 4821 esse

173 4862 259 4917 per
298 4859 503 4904 rectum
531 4850 706 4916 debet,
737 4852 818 4906 sic
853 4851 903 4906 ei
951 4853 1194 4920 privatus
1231 4861 1285 4908 et
1326 4856 1532 4909 anticus
1572 4865 1736 4924 atque

175 4941 374 5010 adjutor
413 4943 706 4996 secundum
755 4943 1126 4997 rationabilem
1172 4945 1578 5013 possibilitatem
1611 4963 1734 5002 esse

175 5032 306 5096 Volo,
334 5032 470 5086 sicut
509 5031 737 5103 diligens
780 5042 1000 5103 patruus
1045 5034 1240 5089 dilecto
1268 5037 1446 5105 nepoti
1497 5047 1552 5092 et
1592 5039 1734 5093 sicut

177 5123 490 5178 christianus
542 5139 636 5180 rex
689 5125 987 5181 christiano
1041 5125 1155 5194 regi
1207 5141 1304 5196 per
1357 5138 1562 5184 rectum
1614 5144 1734 5186 esse

179 5213 340 5268 debet.

242 5305 292 5358 '5.
321 5303 388 5358 De
419 5304 662 5362 ﬁdelibus
685 5315 864 5362 autem
893 5307 1072 5364 missis
1101 5308 1243 5366 inter
1287 5325 1387 5367 nos
1422 5311 1733 5367 discurren-

1860 1857 2028 1919 davit,
2053 1856 2131 1910 sic
2160 1855 2450 1909 observare
2482 1853 2661 1922 cupio,
2689 1853 2828 1907 sicut
2855 1859 3080 1917 patruus
3109 1862 3260 1902 meus
3305 1845 3442 1899 Illu-

1859 1948 2097 2002 dowieus
2129 1956 2184 2001 et
2209 1946 2443 2017 episcopi
2467 1945 2557 2015 qui
2585 1960 2708 1999 cum
2736 1959 2801 1998 eo
2833 1943 2973 1997 inter
2999 1955 3085 1994 me
3109 1946 3163 1993 et
3191 1945 3443 2008 patruum

1857 2053 2036 2094 meum
2068 2037 2324 2092 Karolum
2364 2037 2686 2090 mediatorcs
2739 2031 2976 2094 fuerunt,
3021 2045 3085 2084 ex
3126 2042 3242 2082 mea
3289 2033 3444 2095 parte

1858 2128 1930 2182 illi
1956 2137 2012 2183 et
2038 2127 2307 2198 episcopis
2333 2127 2423 2196 qui
2455 2141 2576 2180 cum
2603 2140 2666 2181 eo
2694 2133 2849 2178 erant
2877 2121 3281 2176 nuntiaverunt.
3310 2114 3442 2170 Etsi

1854 2219 1968 2288 ipse
1997 2219 2126 2272 mihi
2157 2219 2228 2272 ita
2255 2217 2499 2288 privatus
2543 2222 2597 2271 et
2646 2215 2852 2268 amicus
2895 2220 3054 2282 atque
3085 2207 3314 2276 adjutor,
3351 2220 3440 2260 se-

1847 2311 2090 2368 cundum
2117 2310 2487 2367 rationabilem
2519 2307 2950 2378 possibilitatem,
2980 2300 3268 2363 exstiterit,
3302 2299 3442 2353 sicut

1852 2409 2076 2474 patruus
2128 2400 2308 2470 nepoti
2362 2407 2417 2453 et
2460 2398 2792 2452 ebristianus
2841 2409 2933 2448 rex
2978 2390 3275 2446 christiano
3323 2387 3439 2459 regi

1851 2509 1972 2550 esse
2026 2508 2122 2563 per
2151 2501 2357 2547 rectum
2406 2490 2588 2556 debet,
2640 2489 2713 2542 ita
2759 2495 2814 2561 et
2851 2485 2923 2540 illi
2955 2492 3010 2537 ct
3058 2479 3340 2536 familiaris
3377 2489 3435 2533 et

1851 2584 2060 2639 amicus
2085 2591 2246 2652 atque
2272 2580 2505 2648 adjutor,
2530 2577 2825 2633 secundum
2857 2573 3226 2629 rationabilem
3254 2569 3430 2640 possi-

1850 2674 2132 2736 bilitatem,
2167 2687 2288 2727 esse
2313 2671 2455 2735 volo,
2483 2669 2625 2724 sicut
2652 2667 2880 2737 diligens
2911 2679 3076 2734 nepos
3115 2661 3311 2716 dilecto
3341 2675 3437 2730 pa-

1850 2773 1978 2820 truo
1996 2774 2051 2822 et
2078 2765 2407 2820 cbristianus
2452 2777 2546 2817 rex
2587 2760 2884 2816 christiano
2914 2755 3028 2828 regi
3071 2769 3189 2810 esse
3209 2768 3307 2824 per
3351 2767 3438 2808 re-

1848 2864 1994 2912 ctum
2032 2855 2211 2909 debet.

1917 2947 1972 3002 5.
2006 2947 2082 3000 De
2111 2943 2355 2998 ﬁdelibus
2390 2951 2568 2998 autem
2599 2939 2778 2996 missis
2821 2937 2964 2994 inter
2990 2950 3089 2991 nos
3122 2933 3440 2988 discurren-

1849 3033 1952 3100 dis,
1977 3044 2033 3091 et
2061 3033 2128 3088 de
2155 3033 2241 3088 his
2268 3047 2388 3102 qua:
2415 3031 2466 3086 in
2499 3030 2682 3102 regnis
2717 3027 2918 3083 nostris
2946 3023 3278 3080 emendanda
3308 3028 3436 3076 sunt

1772 3100 1818 3163 (ἶ
1847 3124 2216 3186 emendandis,
2249 3100 2305 3178 et
2350 3122 2417 3176 de
2457 3100 2599 3177 statu
2648 3128 2809 3190 atque
2839 3118 3044 3172 honore
3079 3113 3432 3170 ecclesiarum

1767 4454 1818 4514 D

1845 3222 1899 3269 et
1927 3213 2266 3270 sacerdotum
2291 3227 2355 3266 ac
2379 3225 2657 3266 servorum
2684 3208 2798 3273 Dei,
2824 3216 2879 3262 et
2905 3207 2972 3261 de
2992 3205 3106 3276 lege
3132 3219 3195 3258 ac
3217 3200 3427 3273 justitia

1845 3304 2214 3361 conservanda
2242 3303 2531 3372 unicuique
2566 3299 2799 3363 ﬁdelium
2826 3307 3137 3352 nostrorum
3180 3295 3233 3347 in
3266 3305 3431 3361 regno

1845 3403 2052 3460 nostro,
2086 3393 2473 3463 cujuscumque
2502 3401 2749 3448 nostrum
2788 3390 2859 3444 sit
2888 3389 3069 3454 homo,
3096 3392 3150 3439 et
3177 3384 3229 3438 in
3257 3382 3348 3438 illo
3374 3389 3430 3436 et

1844 3486 1898 3541 in
1943 3488 2056 3542 suis
2103 3485 2525 3556 proprietatibus
2566 3493 2622 3539 et
2669 3483 2721 3537 in
2759 3481 2873 3536 suis
2909 3476 3224 3540 honoribus,
3255 3482 3312 3528 et
3359 3473 3426 3526 de

1843 3577 2093 3647 capitulis
2144 3577 2526 3640 observandis,
2585 3575 2723 3630 sicut
2769 3572 2858 3627 isti
2907 3569 3010 3624 mei
3057 3565 3234 3637 patrui
3285 3577 3428 3618 nunc

1842 3669 2112 3734 dixerunt,
2139 3669 2209 3723 ita
2247 3679 2302 3724 et
2325 3683 2424 3737 ego
2450 3682 2543 3739 per
2575 3666 2754 3720 omnia
2785 3662 2940 3732 cupio
2964 3661 3275 3716 observare.

1844 3825 2104 3893 Quoniam
2131 3829 2280 3897 istas,
2298 3842 2415 3897 qua:
2436 3822 2756 3897 prmcedtmt,
2779 3817 3201 3897 adnuntiqtiones
3220 3811 3425 3897 Iliade-A-

1910 3897 2067 3950 wicus
2077 3905 2123 3949 et
2142 3895 2190 3948 11
2196 3887 2448 3950 let/curius
2462 3909 2578 3946 cum
2592 3892 2799 3945 illorum
2812 3887 3115 3961 sequacibus
3125 3925 3139 3946 ,
3152 3891 3422 3961 postqum»

1912 3982 2088 4021 coram
2104 3967 2364 4028 omnibus,
2379 3965 2465 4035 qui
2479 3964 2547 4016 ad
2553 3962 2786 4035 fuerunt,
2805 3950 2962 4011 trium
2987 3950 3423 4035 regunteensilliao-

1913 4019 2005 4090 riis
2021 4037 2128 4113 {ere
2145 4019 2403 4113 ducentis:
2413 4045 2519 4086 tam
2535 4019 2786 4113 episcopis
2806 4043 2964 4097 quam

1911 4107 2006 4172 eis,
2021 4092 2245 4159 refectas
2269 4092 2473 4174 penitus
2498 4092 2805 4174 refecerunt,
2819 4092 2891 4152 ἠε
2912 4093 3101 4174 populo
3115 4092 3422 4160 legerentur,

1912 4185 1967 4229 ut
1995 4164 2158 4230 causa
2182 4164 2458 4245 rlllbtlmrii
2486 4164 2688 4245 penitus
2734 4164 3010 4245 laceretur,
3041 4164 3176 4245 [tunc
3206 4176 3322 4245 qua;
3344 4174 3416 4245 se;

1913 4247 2090 4316 quitur
2120 4234 2574 4316 qdnunliatiqtient
2619 4242 2842 4316 domnus
2888 4234 3134 4316 Καξυιέιε.
3156 4234 3270 4316 istis
3299 4234 3425 4316 ipsis

1914 4301 2078 4368 {verbis
2105 4314 2220 4382 jam
2260 4313 2455 4385 vesperi
2493 4305 2997 4385 gdnurttiavintnqpufl
3025 4301 3422 4385 .tgublouqi'ias;

1916 4367 2054 4438 euno
2079 4367 2453 4435 incarnationis
2483 4379 2769 4433 Dominicte
2794 4367 2918 4440 862',
2947 4367 3226 4453 indictione
3257 4368 3314 4422 il
3343 4407 3357 4429 ,

1917 4453 2102 4507 Nonas
2147 4450 2472 4513 Novembris,
2515 4451 2718 4520 in_ipsa
2763 4465 2886 4520 casa
2929 4444 3015 4496 ubi
3062 4441 3425 4520 releelwhsunt

1911 4522 2258 4592 praecedentes
2289 4507 2731 4592 adnuntiatioites,
2759 4516 2812 4592 in
2842 4529 2998 4583 quam
3039 4511 3193 4591 pauci
3221 4507 3425 4592 aliifinf

1913 4577 2180 4646 lraverunt
2223 4607 2379 4659 quam
2425 4587 2515 4658 qui
2560 4577 2726 4641 antea,
2752 4577 2986 4655 [uel-unt,
3029 4577 3277 4650 quoniam
3319 4577 3430 4646 fere

1910 4662 2065 4732 plena
2085 4660 2156 4713 de
2183 4661 2308 4730 ipsis
2332 4671 2466 4712 erat.

1912 4768 2255 4824 Adnuntialio
2286 4765 2497 4821 Karoli.
2521 4797 2590 4806 —
2611 4764 2764 4821 Sicut
2788 4778 2888 4835 ego
2920 4760 3102 4816 verbis
3130 4769 3184 4815 et
3209 4758 3428 4828 scriptis

1836 4875 1934 4931 per
1988 4860 2212 4914 fratrem
2269 4873 2451 4913 meum
2495 4865 2551 4912 et
2595 4872 2691 4926 per
2735 4856 3019 4925 episcopos
3071 4853 3252 4922 nepoti
3304 4864 3426 4905 meo

1838 4949 2112 5014 mandavi,
2160 4957 2214 5002 et
2245 4947 2318 5002 illi
2362 4948 2428 5002 de
2455 4962 2549 5001 sua
2581 4956 2733 5016 parte
2771 4946 2902 5000 mihi
2955 4943 3424 5001 renuntiaverunt,

1837 5041 1917 5094 sic
1945 5039 2018 5094 illi
2043 5039 2247 5094 amicus
2267 5053 2388 5094 esse
2411 5049 2466 5092 et
2495 5038 2642 5092 illum
2665 5038 2877 5092 salvare
2902 5035 3044 5100 volo,
3078 5035 3219 5088 sicut
3242 5046 3416 5085 avun-

1838 5130 1990 5185 culus
2025 5145 2121 5199 per
2149 5139 2355 5186 rectum
2397 5138 2643 5200 nepotem
2683 5129 2891 5184 salvare
2919 5128 3099 5190 debet,
3130 5124 3174 5180 si
3206 5121 3315 5186 ille,
3347 5121 3425 5178 si-

1839 5230 1932 5276 eut
1959 5235 2126 5292 nepos
2153 5237 2248 5291 per
2277 5231 2484 5278 rectum
2513 5222 2834 5280 avunculum
2868 5221 3076 5279 salvare
3106 5217 3284 5282 debet,
3337 5227 3422 5269 me

1837 5319 1894 5366 et
1919 5324 2068 5366 meos
2096 5311 2406 5370 salvaverit.

1494 5491 1584 5548 VA
1593 5492 1731 5548 RLE
1769 5491 2176 5554 LECTIONES.

258 5641 332 5676 ⁶⁰¹δ
361 5657 406 5696 c.
439 5641 474 5696 i.
500 5639 550 5697 ὅ.
633 5641 721 5676 ¹⁰¹⁸
748 5644 1131 5704 intercessores
1165 5643 1224 5700 Β.

1306 5646 1394 5680 ¹⁰¹⁶
1425 5645 1619 5718 reliqua
1645 5649 1817 5704 omnia
1842 5651 2024 5706 desunt
2053 5651 2104 5706 3.
