3960 6320
650 387 762 448 899,

1365 381 1656 446 ΔΡΡΕΜ).
1697 380 1788 436 ΑΙ)
1825 379 1996 446 ξτες.
2031 379 2098 434 X.
2137 410 2205 420 -—
2243 381 2246 433 ξ

2325 380 2673 438 DNUMENTA
2706 378 3185 438 DIPLOMATICA.
3207 436 3214 442 κ

3713 387 3800 441 730-

1763 509 2096 573 KAROLlll
2133 513 2434 569 EDlll'I'UM
2472 510 2790 576 Pl'l'ENSE._

1967 667 2091 739 (Διι.
2131 665 2254 724 86-5.
2292 665 2424 740 Jun.
2463 663 2579 737 25.)

721 825 1029 900 Capitulare
1062 823 1166 900 hoc
1201 822 1466 900 prolixum
1497 837 1526 876 a
1569 821 1858 900 Sirmondo
1883 829 1938 874 et
1981 819 2200 900 Baluzio
2240 818 2546 900 vulgatum,
2571 817 2922 900 opecodicis‘
2936 816 2992 900 ἓξ)
3039 815 3182 900 bibl;
3206 817 3363 900 regia}
3401 817 3804 900 Parisiatsisinten

653 886 1042 972 Supplementa
1072 886 1266 972 Latina
1300 909 1354 946 ιι.
1503 891 2201 972 recognovimus.retentis
2247 886 2423 943 tamen
2470 886 2832 972 fere—ubique
2883 887 3084 972 Daluzii
3130 886 3480 972 lectionibus,
3522 891 3646 972 quod
3677 895 3790 972 codex

653 956 856 1040 noster,
883 963 966 1015 cui
993 962 1082 1040 ob)
1114 963 1173 1015 ὃ.
1197 962 1468 1040 _Vi_ucen_tii
1501 956 1780 1040 Mettensis
1808 969 1862 1014 et
1889 959 2284 1040 5c).Pala_tinus
2317 958 2690 1040 consentiunt,
2722 956 2953 1040 pronalia
2981 957 3150 1037 totius
3185 956 3794 1040 edictireccns—ioncnpaulo

652 1031 884 1084 breviuri
938 1026 1164 1093 scilicet,
1196 1032 1480 1086 habendus
1518 1033 1610 1112 sit.
1653 1031 1892 1085 llabetur
1929 1029 2092 1109 etiam
2131 1029 2182 1081 in
2233 1026 2416 1112 codice
2447 1027 2784 1112 bibliotheca:
2824 1026 3150 1112 DarisirnSis
3190 1026 3369 1112 saeculi
3414 1026 3490 1112 Χ.
3525 1045 3574 1082 ιι.
3616 1026 3808 1112 et

651 1111 903 1170 excerpta
936 1099 989 1156 in
1016 1102 1201 1156 codice
1228 1118 1281 1155 n.
1311 1100 1480 1167 5878;
1508 1100 1702 1170 quibus
1734 1107 1911 1162 tamen
1937 1113 2001 1152 ex
2045 1097 2252 1168 integro
2279 1095 2619 1154 conferendis
2646 1111 2774 1150 cum
2799 1097 2960 1153 editis
2987 1097 3157 1152 otium
3191 1103 3430 1152 nostrum
3455 1111 3554 1152 non
3574 1099 3758 1156 suiccit.

861 1273 1206 1330 Adnuntiatio
1230 1275 1408 1335 domui
1435 1273 1632 1329 Κανοιί
1650 1273 1790 1344 αριιά
1815 1271 2010 1326 Pisias.

730 1367 778 1420 ι.
805 1363 994 1422 Multas
1025 1365 1226 1437 gratias
1254 1367 1404 1421 vobis
1429 1367 1638 1437 agimus
1675 1366 1740 1422 de
1765 1374 1944 1420 vestra
1973 1364 2230 1420 fidelitate

655 1464 714 1516 et
741 1454 806 1509 de
850 1463 1027 1510 vestra
1060 1455 1195 1510 bona
1225 1455 1495 1510 voluntate
1537 1471 1696 1526 quam
1731 1470 1945 1524 semper
1973 1470 2100 1526 erga
2130 1470 2230 1510 nos

659 1543 714 1597 iu
749 1543 895 1598 onmi
929 1545 1196 1616 adiutorio
1245 1553 1300 1601 et
1337 1531 1596 1616 obsequio
1641 1543 2044 1612 demonstratis,
2091 1547 2234 1603 sicut

653 1639 823 1698 vestri
847 1649 1212 1696 antecessores
1238 1657 1366 1714 erga
1392 1649 1606 1706 nostros
1627 1652 1996 1699 antecessores
2017 1644 2234 1699 demon-

653 1713 1002 1798 straverunt,
1066 1741 1121 1786 et
1161 1713 1512 1805 quiapacem
1538 1775 1553 1800 ,
1601 1750 1761 1803 quam
1809 1734 1919 1803 jam
1963 1737 2236 1806 prwterito

662 1818 824 1879 tertio
855 1834 995 1874 anno
1020 1819 1108 1876 hic
1135 1823 1490 1877 communiter
1513 1824 1950 1879 confirmavimus
1989 1833 2044 1880 et
2071 1825 2234 1880 adco-

665 1907 864 1974 gnitari
895 1907 1138 1974 fecimus,
1160 1910 1450 1965 secundum
1472 1913 1613 1982 quod
1639 1928 1800 1967 causa
1830 1915 1881 1967 in
1919 1915 2235 1983 quibusdam

661 1997 795 2055 locis
823 1997 1106 2066 conjacuit,
1125 2003 1224 2055 etsi
1255 2017 1362 2061 non
1388 2017 1596 2066 omnes,
1625 2003 1763 2058 sicut
1791 2003 2234 2071 desideravimus,

665 2095 843 2144 tannen
871 2104 938 2142 ex
975 2089 1162 2160 majori
1199 2101 1352 2161 parte
1383 2093 1732 2158 obscrvastis,
1762 2104 1815 2150 et
1854 2095 1978 2164 quia
2007 2095 2238 2164 pleniter

662 2185 719 2240 et
751 2193 872 2233 cum
903 2195 1034 2248 pace
1061 2183 1131 2236 ad
1157 2183 1260 2237 hoc
1286 2193 1528 2238 nostrum
1568 2185 1819 2254 placitum
1853 2189 2197 2245 convenistis.

731 2269 785 2322 2.
818 2269 883 2322 Et
909 2285 1032 2340 quia
1062 2270 1257 2325 bonam
1294 2258 1618 2328 voluntatem
1647 2285 1891 2330 vestram-
1929 2277 1982 2332 in
2027 2277 2145 2334 istis
2185 2286 2240 2334 et

663 2357 720 2420 in
736 2354 860 2420 aliis
875 2359 1116 2415 videmus
1129 2370 1182 2416 et
1201 2362 1405 2440 experti
1428 2378 1636 2428 smnus,
1661 2365 1958 2421 ﬂdtteialins
1982 2381 2074 2422 vos
2089 2383 2239 2422 com-

665 2465 967 2516 monemus,
1003 2461 1059 2506 ιιι
1086 2453 1230 2508 etde
1269 2454 1386 2523 ipsa
1411 2470 1542 2524 pace
1571 2455 1923 2522 observanda,
1949 2459 2089 2512 etde
2120 2459 2236 2516 istis

650 2539 913 2616 .operibus
949 2556 1067 2610 qua:
1107 2551 1294 2598 contra
1326 2544 1418 2599 Dei
1448 2553 1502 2599 et
1535 2553 1736 2600 sancta:
1764 2545 1880 2616 cjns
1905 2545 2145 2604 ecclesia:
2183 2559 2238 2606 et

639 2638 878 2703 nostros
905 2646 1218 2689 communes
1254 2633 1500 2690 inimicos
1527 2635 1888 2694 Nortmannos
1914 2639 2232 2710 incepimus,

662 2719 778 2774 sine
804 2721 1012 2776 defectu
1044 2734 1099 2780 et
1124 2724 1413 2784 lassatione
1441 2727 1669 2784 viriliter
1701 2729 1978 2798 laboretis,
2005 2734 2236 2790 scientes

661 2809 893 2876 qualiter
925 2812 1079 2868 nobis
1104 2813 1412 2883 placuisset,
1446 2817 1490 2872 si
1539 2819 1670 2872 istas
1715 2819 1994 2878 firmitates
2029 2821 2116 2878 hic
2158 2824 2237 2878 fa-

661 2907 776 2966 ctas
805 2901 1196 2970 habuissemus,
1222 2907 1434 2975 quando
1461 2907 1514 2962 in
1544 2909 1634 2963 tali
1679 2913 1924 2981 angustia
1972 2912 2114 2968 sicut
2142 2927 2238 2970 ex-

660 2991 797 3056 perti
824 2992 956 3048 estis
983 2994 1051 3048 ad
1091 2995 1277 3052 Meldis
1305 3009 1491 3062 contra
1521 3016 1616 3056 eos
1641 3007 1999 3059 communiter
2026 3005 2237 3061 labora-

663 3079 856 3144 vimus,
893 3083 1030 3138 nude
1054 3101 1152 3140 nos
1189 3086 1350 3152 Deus,
1393 3089 1532 3143 sicut
1571 3107 1682 3144 sua:
1708 3093 2087 3149 misericordia:
2123 3095 2263 3166 pla-.

661 3171 795 3234 cuit,
825 3174 1108 3230 manifesto
1133 3193 1244 3246 sua:
1265 3178 1561 3234 clementia:
1584 3181 1780 3236 indicio
1811 3185 2100 3254 adjuvavit.

729 3261 782 3313 3.
813 3261 880 3315 Ει
905 3265 1158 3332 quoniam
1188 3267 1277 3321 illa
1323 3285 1440 3338 qua:
1476 3271 1586 3339 jam
1640 3273 1799 3328 tertio
1834 3290 1976 3328 anno
2007 3275 2094 3330 hic
2129 3293 2235 3332 una

660 3362 782 3404 eum
816 3364 1082 3407 consensu
1119 3363 1174 3410 et
1213 3358 1440 3412 consilio
1470 3359 1704 3415 ﬁdelium
1761 3372 2065 3417 nostrorum
2101 3381 2234 3420 con-

638 3438 935 3510 stituimus
965 3451 1020 3498 et
1047 3445 1195 3500 vobis
1221 3447 1549 3519 adcognitari
1579 3449 1820 3514 fecimus,
1871 3451 2102 3508 libenter
2141 3471 2238 3509 au-

661 3527 804 3583 disse
841 3539 890 3584 el
934 3535 1236 3604 suscepisse
1261 3540 1639 3608 comperimus,
1664 3557 1782 3610 quae
1805 3557 1947 3597 mine
1975 3543 2138 3599 etiam
2165 3547 2231 3601 a;l

663 3631 904 3682 nostram
939 3639 1274 3681 communem
1309 3630 1532 3686 salutem
1561 3639 1620 3687 et’
1646 3649 1850 3702 pacem,
1883 3647 2044 3707 atque
2069 3637 2238 3692 hono-

665 3706 798 3772 rem,
830 3711 916 3766 hic
947 3711 1178 3768 fidelium
1207 3726 1512 3772 nostrorum
1539 3736 1801 3776 consensu
1831 3706 1992 3794 atque
2013 3726 2238 3782 consilio

661 3801 1058 3868 constituimus,
1074 3807 1225 3864 vobis
1243 3825 1336 3879 per
1349 3813 1604 3880 scriptum
1627 3823 1750 3868 nota
1775 3815 1953 3876 facere
1970 3817 2234 3884 volumus,

2259 1251 2306 1314 Α
2333 1269 2842 1337 ecclesiasticarum,
2865 1278 2924 1326 ut
2943 1270 3119 1328 nullus
3137 1271 3241 1326 sibi
3272 1273 3338 1327 dc
3365 1271 3490 1342 ipsis
3513 1271 3653 1327 rebus
3669 1282 3799 1329 contra

2329 1365 2705 1420 auctoritatem
2737 1373 3062 1432 przesumat;
3091 1372 3148 1419 et
3169 1363 3394 1418 comites
3411 1363 3650 1433 episcopis
3680 1371 3721 1417 et
3738 1363 3803 1418 ιιιί-

2332 1456 2519 1512 nistris
2535 1457 2781 1512 ecclesia:
2799 1457 2852 1512 in
2877 1471 3064 1514 eorum
3090 1457 3402 1514 ministeriis
3419 1455 3662 1526 adjutores
3677 1457 3720 1511 in
3733 1471 3804 1510 om-

2331 1547 2490 1604 nibus
2516 1549 2666 1613 liant,
2713 1547 2855 1603 sicut
2902 1548 2958 1603 in
3005 1546 3290 1618 eapitulari
3341 1549 3736 1616 prmdecessorum
3765 1559 3808 1597 ac

2332 1639 2730 1709 progenitorum
2767 1646 3070 1694 nostrorum
3099 1638 3427 1702 continetur,
3473 1637 3524 1692 iu
3563 1637 3748 1693 secundo
3765 1635 3809 1688 li.

2333 1731 2453 1796 bro,
2484 1729 2718 1800 capitulo
2747 1729 2844 1786 25'.
2877 1731 2961 1786 Et-
2983 1731 3289 1801 quicunque
3331 1730 3572 1786 comitum
3607 1729 3677 1783 vel
3699 1727 3812 1782 mini.

2335 1831 2568 1878 strorum
2601 1823 2678 1878 rei
2702 1823 2925 1892 publica:
2961 1823 3074 1878 haec
3092 1839 3214 1892 quae
3239 1821 3586 1883 mandamus,
3602 1819 3810 1876 observan

2335 1913 2650 1984 neglexerit,
2674 1915 2719 1969 si
2745 1913 2916 1984 prima
2944 1913 3262 1968 et-secuuda
3292 1913 3411 1966 vice
3448 1913 3512 1966 de
3547 1911 3628 1965 his
3644 1908 3810 1964 admoni-

2338 2013 2422 2058 tus
2452 2021 2557 2060 non
2586 2019 2645 2060 se
2673 2004 2991 2070 correxerit,
3017 2003 3262 2059 volumus
3297 2012 3357 2058 ιιι
3385 2001 3688 2072 neglegentia
3705 1997 3811 2053 conti-

2337 2094 2408 2148 tis
2434 2095 2501 2149 ad
2531 2103 2770 2150 nostram
2797 2094 3042 2149 notitiam
3069 2109 3168 2164 per
3189 2093 3470 2163 episcopos
3494 2101 3546 2146 et
3567 2106 3648 2162 per
3683 2089 3812 2142 missos

2337 2193 2552 2240 nostros
2589 2185 2876 2249 deferatur,
2918 2193 2973 2240 et
3021 2185 3251 2240 aliorum
3300 2181 3618 2255 neglegentia
3653 2193 3727 2248 per
3757 2191 3812 2230 co-

2338 2275 2494 2329 mites
2522 2275 2590 2330 ad
2627 2285 2864 2331 nostram
2894 2277 3135 2331 notitiam
3163 2275 3489 2346 perferatur,
3511 2281 3562 2326 ut
3588 2277 3736 2326 nostra
3756 2283 3813 2320 au-

2330 2367 2588 2421 ctoritate
2613 2367 2756 2436 quod
2796 2367 2847 2420 in
2875 2367 3158 2436 capitulari
3193 2366 3633 2435 praedecessorum
3668 2368 3812 2414 nostro-

2341 2469 2460 2508 rum
2498 2457 2806 2510 continetur
2831 2457 3014 2510 subire
3042 2463 3326 2526 cogantur.

2409 2544 2464 2598 2.
2493 2544 2620 2600 Post
2655 2545 2769 2599 hmc
2796 2545 2864 2622 de
2911 2545 3274 2614 orphanorum
3325 2554 3382 2598 et
3409 2541 3660 2597 viduarum
3681 2535 3814 2596 causis

2325 2645 2392 2691 “et
2417 2635 2498 2690 de-
2516 2633 3045 2706 regalibusjnstitiis,
3069 2642 3126 2687 et
3153 2647 3496 2703 summopere
3521 2631 3582 2686 de
3600 2627 3816 2699 raptoribus

2335 2727 2630 2798 puellarum
2657 2735 2712 2782 et
2729 2726 3010 2780 viduarum
3039 2736 3095 2780 et
3121 2723 3626 2786 sanctimonialium,
3645 2717 3816 2776 etdeltis

2335 2817 2425 2886 qui
2453 2815 2796 2886 presbyteros
2825 2814 3093 2886 ﬂagellare
3139 2822 3497 2884 praesumunt,
3528 2819 3580 2867 et
3599 2810 3675 2880 qui
3695 2804 3817 2862 enode

2335 2907 2578 2964 ecclesiis
2599 2907 2716 2962 sine
2753 2906 3129 2977 episcoporum
3159 2905 3429 2960 consensu
3455 2905 3617 2959 eicere
3649 2893 3818 2952 τειηεὶ-

2337 3013 2486 3068 perc,
2517 3006 2610 3051 aut
2637 3012 2860 3052 censum
2885 2997 2950 3052 de
2985 3011 3176 3052 manso
3202 2996 3289 3052 vel
3312 3012 3381 3052 ex
3409 2995 3494 3051 bis
3529 3007 3634 3063 qua:
3663 2988 3817 3044 domum

2336 3088 2634 3159 et-genitor
2686 3095 2878 3148 noster.
2913 3087 2966 3142 in
2993 3087 3106 3144 suis
3150 3086 3538 3156 capitularibus
3567 3078 3758 3138 ecclesiis
3784 3075 3817 3126 in

2282 3183 2286 3186 ’
2337 3179 2677 3232 immunitate
2729 3179 2999 3233 concessit
3046 3178 3262 3247 exigere
3314 3191 3421 3231 non
3471 3175 3658 3235 timent,
3694 3163 3818 3234 etqtl

2323 3281 2498 3322 censa
2517 3266 2586 3323 de
2607 3265 2776 3322 rebus
2801 3267 3190 3322 ecclesiasticis
3217 3267 3286 3320 ad
3324 3265 3576 3321 ecclesias
3600 3257 3819 3330 persolvere

2337 3359 2658 3423 detrectant,
2691 3365 2750 3412 ut
2777 3356 3004 3411 firmiter
3045 3371 3076 3410 a
3107 3357 3290 3411 missis
3318 3364 3374 3410 ct
3404 3352 3664 3410 comitibus
3687 3343 3818 3402 nostri!

2338 3445 2699 3515 inquiruntur,
2735 3454 2788 3500 et
2817 3446 3021 3502 acriter
3045 3446 3478 3514 distringamur,
3502 3453 3556 3500 et
3574 3444 3702 3512 plena
3719 3434 3821 3505 insli-

2339 3539 2408 3590 tia
2435 3537 2556 3592 inde
2579 3537 2692 3603 ﬁat,
2725 3537 3018 3593 secundum
3063 3537 3206 3608 quod
3247 3538 3301 3590 in
3335 3535 3690 3606 capitalaribus
3709 3527 3820 3582 πίει
3894 3527 3895 3562 l

2336 3627 2506 3698 patris
2544 3627 2713 3682 nostri
2767 3636 3030 3682 statutum
3069 3625 3324 3693 habetur,
3373 3637 3432 3683 et
3457 3626 3552 3697 ipsi
3579 3625 3822 3686 conlcml’w‘

2338 3734 2424 3774 res
2453 3719 2647 3789 legum,
2686 3719 2882 3772 divinae
2907 3717 3116 3773 scilicet
3149 3727 3206 3773 et
3253 3719 3526 3783 humana},
3554 3715 3614 3770 ad
3657 3720 3820 3766 nostram
3894 3779 3895 3792 χ

2339 3808 2680 3878 praesentiam
2729 3807 2975 3878 legaliter
3026 3809 3414 3878 perducantur,
3462 3817 3519 3862 ut
3545 3807 3654 3861 inde
3671 3795 3823 3857 consili“
3894 3801 3895 3870 ᾗ

661 3900 716 3945 ιιι
741 3891 828 3947 illa
852 3892 1059 3964 plenius
1079 3900 1266 3958 audire
1285 3893 1427 3959 et'ad
1453 3903 1578 3960 illud
1603 3910 1859 3977 scriptum
1887 3911 2230 3974 recurrendo,
2265 3939 2320 4000 ο.
2340 3898 2576 3954 fidelium
2603 3897 2702 3954 Dei
2725 3913 2790 3954 ac
2817 3907 3128 3954 nostrorum
3179 3897 3630 4000 commendemus,
3675 3886 3824 4000 quid:

629 3987 632 3992 '
660 3987 802 4052 quod
832 3986 882 4040 in
917 3990 1142 4060 singulis
1164 3995 1508 4050 comitatibus
1537 3996 1654 4052 dari
1682 4007 1736 4052 et
1766 3999 1926 4067 relegi
1952 4002 2236 4068 atqueha-

659 4072 792 4132 heri,
819 4079 1178 4148 principimns,
1211 4081 1416 4140 ﬁrmius
1454 4087 1684 4141 retinere
1722 4096 1777 4142 et
1824 4091 2023 4144 certius
2053 4091 2236 4146 obser-

662 4178 790 4216 vare
819 4167 1054 4233 possitis.
1085 4171 1214 4238 Quae
1234 4173 1396 4228 etiam
1418 4177 1486 4231 ab
1507 4178 1899 4248 cpisc0pis.vel.
1916 4197 2102 4236 eorum
2127 4181 2234 4239 ιιιί-

661 4254 846 4312 nistris
893 4273 990 4327 per
1040 4259 1276 4332 singulos
1313 4265 1600 4318 comitatus
1638 4269 1705 4321 de
1752 4283 1936 4323 cormn
1967 4274 2236 4340 parochiis

662 4360 848 4420 aperto
895 4367 1140 4407 sermone
1165 4393 1181 4420 ,
1213 4361 1272 4407 ut
1313 4353 1380 4408 ab
1429 4354 1680 4411 omnibus
1723 4359 1930 4427 possint
1965 4361 2232 4434 intelligi,

664 4438 803 4492 tradi
833 4439 1094 4500 volumus.
1597 4519 1602 4522 ἱ

619 4603 622 4608 _
733 4531 960 4587 Karolus
992 4534 1164 4604 gratia
1197 4533 1289 4589 Dei
1319 4549 1435 4592 rex.
1463 4535 1655 4592 Notum
1683 4553 1802 4596 esse
1833 4541 2080 4599 volumus
2110 4561 2230 4600 οιιι-

659 4619 816 4675 ιιὶῐιιιε
866 4621 971 4676 Dei
1001 4631 1062 4678 et
1088 4626 1290 4680 nostris
1327 4625 1604 4694 fidelibus,
1658 4630 1912 4696 quoniam
1962 4633 2077 4688 haec
2114 4649 2235 4704 quas

661 4723 958 4780 sequuntur
987 4715 1218 4784 capitula
1241 4733 1383 4773 nunc
1427 4717 1478 4772 in
1507 4719 1598 4750 “"
1625 4720 1730 4775 isto
1779 4721 1974 4792 placit'o
2021 4735 2232 4792 nostro,

660 4814 803 4851 anno
823 4799 890 4852 ah
911 4799 1276 4858 incarnatione
1296 4803 1512 4860 domini
1526 4809 1693 4862 nostri
1724 4805 2082 4867 JesuChristi
2099 4813 2232 4878 854,

659 4903 800 4940 anno
833 4887 1077 4946 videlicet
1124 4895 1291 4961 regni‘
1313 4897 1478 4950 nostri
1511 4897 1624 4966 ipso
1667 4901 1900 4970 prepitio
1925 4902 2043 4969 25°,-
2094 4905 2234 4962 indi—

657 4977 836 5034 ctione
864 4978 931 5033 l2
959 4979 1071 5046 “m,
1102 4981 1132 5034 7
1163 4982 1384 5039 Kalend.
1409 4984 1598 5052 Julias,
1625 4988 1678 5043 in
1707 4989 1808 5046 hoc.
1841 4991 1957 5046 loco
1984 4993 2074 5063 qui
2103 4995 2234 5050 dici-

659 5077 745 5122 tur
765 5067 948 5134 Piszis,
983 5086 1087 5125 una
1112 5088 1233 5128 cum
1257 5073 1492 5131 fidelium
1525 5087 1830 5134 nostrorum
1856 5095 2120 5138 consensu
2148 5093 2233 5138 at-

655 5175 760 5230 que
789 5161 1012 5218 consilio
1039 5164 1433 5232 constituimus,
1465 5176 1520 5222 et
1545 5169 1754 5225 cunctis
1775 5169 1895 5228 sine
1917 5172 2024 5226 ulla
2067 5174 2228 5228 refra-

2342 3990 2536 4046 talibns
2590 3991 2898 4047 hominibus
2947 3990 3020 4046 sit
3073 3989 3404 4052 faciendum,
3460 3987 3548 4058 qui
3590 3999 3674 4040 nec
3713 3981 3824 4034 Deum
3893 3981 3895 4058 ξ

2315 4059 2552 4146 timent,
2573 4089 2887 4144 ncecotttra
2903 4089 3124 4134 sanctos
3153 4093 3394 4136 canones
3415 4077 3589 4132 facere
3613 4085 3695 4128 nec
3709 4069 3823 4136 leguli
3894 4077 3895 4134 ζ

2339 4177 2393 4224 et
2452 4178 2774 4239 pra-ceptum
2845 4169 3050 4238 regium
3117 4167 3416 4238 infringere
3483 4161 3822 4254 pertimescunt;

2338 4261 2488 4318 salva
2507 4274 2734 4316 censura
2767 4257 3132 4316 ecclesiastica
3162 4267 3217 4314 et
3242 4257 3563 4330 episcopalis
3583 4251 3825 4325 ρωηὶιιξπιιικ

2338 4353 2595 4408 vindicta.

2406 4445 2460 4500 5.
2497 4443 2567 4500 Ut
2593 4445 2675 4499 lex
2699 4452 2754 4499 ct
2778 4441 2988 4512 iustitia
3019 4441 3310 4512 unicuique
3356 4441 3412 4495 in
3441 4454 3540 4496 suo
3572 4433 3732 4492 ordine
3747 4437 3824 4481 om-

2335 4535 2494 4590 nibus
2531 4543 2901 4598 conscrs'etur,
2957 4542 3018 4588 et
3055 4547 3242 4602 pacem
3293 4545 3459 4602 quam
3487 4525 3704 4600 proxime
3737 4521 3826 4569 ιεειο

2311 4629 2449 4682 1)εο
2474 4627 2706 4700 prepriis
2731 4627 2992 4682 manibus.
3017 4625 3288 4681 communi
3317 4637 3580 4680 consensu
3608 4612 3825 4700 eonﬂm'f‘

2335 4695 2532 4786 vimus,
2575 4695 2795 4790 quando
2821 4719 2907 4774 hic
2932 4718 3188 4788 placitum
3220 4725 3469 4772 nostrum
3501 4695 3826 4774 habuinmssdc

2305 4825 2524 4865 'omnes
2565 4817 2622 4862 et
2673 4809 2811 4862 infra
2863 4807 3115 4879 patriatn,
3175 4814 3230 4860 et
3276 4808 3496 4874 quando
3541 4800 3604 4855 ad
3639 4792 3826 4879 plurimi“

2337 4900 2705 4972 unusquisque
2735 4878 2962 4962 venerit,
3010 4907 3065 4954 et
3095 4897 3310 4968 quando
3346 4895 3580 4957 redierit,
3605 4899 3652 4944 ct
3673 4878 3826 4957 quando

2336 4991 2632 5046 necessitas
2653 4989 2810 5044 nobis
2834 4987 3075 5044 evenerit
3102 4995 3162 5041 ut
3196 4985 3406 5042 hostem
3435 4994 3660 5040 nostrum
3681 4975 3827 5031 adnun-

2336 5082 2550 5147 tiemus,
2595 5097 2766 5152 usque
2794 5083 3082 5138 constituta
3129 5081 3243 5137 loca
3287 5078 3581 5138 secundum
3606 5072 3826 5128 consuetu-

2333 5173 2514 5228 dinem
2539 5181 2594 5227 ct
2618 5165 2862 5243 capitula'
2891 5171 3342 5242 praedecessorum
3384 5177 3671 5231 nostrorum
3693 5157 3826 5212 οιιεετα

655 5253 868 5320 gatione
895 5269 992 5324 per
1021 5270 1242 5326 regnum
1269 5265 1510 5312 nostrum
1533 5258 1868 5316 observanda
1893 5263 2228 5321 mandamus.
2257 5239 2308 5298 υ
2341 5263 2467 5318 vare
2489 5239 2764 5332 procuret.
2812 5239 2993 5332 thui
3021 5271 3209 5318 contra
3258 5262 3397 5316 hanc
3440 5249 3824 5316 confirmationem

731 5344 778 5397 l.
811 5345 992 5400 Primo
1045 5348 1502 5404 consideravimus
1530 5351 1596 5406 de
1625 5352 1839 5409 honore
1881 5357 2229 5413 ecclesiarum

656 5442 709 5489 et
734 5435 1072 5490 sacerdotum
1093 5451 1157 5492 ac
1178 5453 1456 5494 servorum
1489 5439 1580 5495 Dei
1607 5451 1661 5496 et
1688 5441 2028 5523 immunitate
2053 5461 2228 5500 rerum

2337 5368 2433 5422 per
2451 5362 2818 5423 contemptum
2847 5353 3072 5415 venerit.
3109 5360 3202 5408 aut
3231 5349 3577 5422 quantocius.
3598 5338 3717 5413 quod
3736 5346 3826 5387 ⁰⁰²¹⁴

2338 5455 2418 5500 tra
2445 5447 2586 5501 hanc
2619 5443 3080 5502 confirmationem
3107 5456 3386 5500 excessum
3407 5440 3581 5504 fuerit,
3606 5424 3825 5489 emenda"

1936 5569 2164 5638 vannis:
2202 5581 2606 5638 LECTIONES.

734 5689 822 5719 ’Μ’
853 5695 990 5744 dces!
1015 5691 1067 5746 '5.

1149 5691 1239 5724 ⁸⁸⁸⁸
1265 5694 1335 5748 im
1363 5694 1420 5750 S.
1449 5694 1511 5748 Ii.
1555 5704 1602 5750 et
1633 5696 1782 5750 codd.
1815 5694 1984 5751 Paris.
2015 5695 2222 5750 5093c:
2258 5697 2412 5752 38-73.
2443 5695 2545 5752 VH.
2574 5694 2690 5749 Kal:
2721 5697 2774 5749 5.
