  <div class='ocr_page' id='page_1' title='image "/cluster/home/n/w/nwhite01/storage/ocr_20150623/138/hvd.32044015471774/356.png"; bbox 0 0 3874 5340; ppageno 0'>
   <div class='ocr_carea' id='block_1_1' title="bbox 113 256 203 318">
    <p class='ocr_par' dir='ltr' id='par_1_1' title="bbox 113 256 203 318">
     <span class='ocr_line' id='line_1_1' title="bbox 113 256 203 318; baseline 0.022 -2"><span class='ocrx_word' id='word_1_1' title='bbox 113 256 203 318; x_wconf 66' lang='grc' dir='ltr'><strong>τοι</strong></span> 
     </span>
    </p>
   </div>
   <div class='ocr_carea' id='block_1_2' title="bbox 1146 274 2373 349">
    <p class='ocr_par' dir='ltr' id='par_1_2' title="bbox 1146 274 2373 349">
     <span class='ocr_line' id='line_1_2' title="bbox 1146 274 2373 349; baseline 0.012 -17"><span class='ocrx_word' id='word_1_2' title='bbox 1146 274 1278 333; x_wconf 62' lang='lat' dir='ltr'><strong>FBA</strong></span> <span class='ocrx_word' id='word_1_3' title='bbox 1288 276 1577 336; x_wconf 60' lang='lat' dir='ltr'><strong>NCORUH</strong></span> <span class='ocrx_word' id='word_1_4' title='bbox 1608 276 1847 338; x_wconf 70' lang='lat' dir='ltr'><strong>RECUM</strong></span> <span class='ocrx_word' id='word_1_5' title='bbox 1883 280 2373 349; x_wconf 63' lang='lat' dir='ltr'><strong>CAPiTULARiA.</strong></span> 
     </span>
    </p>
   </div>
   <div class='ocr_carea' id='block_1_3' title="bbox 3272 299 3376 357">
    <p class='ocr_par' dir='ltr' id='par_1_3' title="bbox 3272 299 3376 357">
     <span class='ocr_line' id='line_1_3' title="bbox 3272 299 3376 357; baseline 0.029 -3"><span class='ocrx_word' id='word_1_6' title='bbox 3272 299 3376 357; x_wconf 62' lang='grc'><strong>708</strong></span> 
     </span>
    </p>
   </div>
   <div class='ocr_carea' id='block_1_4' title="bbox 105 366 3381 471">
    <p class='ocr_par' dir='ltr' id='par_1_4' title="bbox 105 366 3381 471">
     <span class='ocr_line' id='line_1_4' title="bbox 105 366 3381 471; baseline 0.013 -42"><span class='ocrx_word' id='word_1_7' title='bbox 105 366 432 471; x_wconf 77' lang='lat' dir='ltr'><strong>neglexerit,</strong></span> <span class='ocrx_word' id='word_1_8' title='bbox 485 377 563 471; x_wconf 78' lang='lat' dir='ltr'><strong>ab</strong></span> <span class='ocrx_word' id='word_1_9' title='bbox 591 381 856 454; x_wconf 89' lang='lat' dir='ltr'><strong>episcopis</strong></span> <span class='ocrx_word' id='word_1_10' title='bbox 902 394 958 441; x_wconf 90' lang='lat' dir='ltr'><strong>et</strong></span> <span class='ocrx_word' id='word_1_11' title='bbox 992 387 1173 443; x_wconf 82' lang='lat' dir='ltr'><strong>missis</strong></span> <span class='ocrx_word' id='word_1_12' title='bbox 1198 406 1261 445; x_wconf 88' lang='lat' dir='ltr'><strong>ac</strong></span> <span class='ocrx_word' id='word_1_13' title='bbox 1287 391 1574 449; x_wconf 77' lang='lat' dir='ltr'><strong>comitibus</strong></span> <span class='ocrx_word' id='word_1_14' title='bbox 1603 408 1697 451; x_wconf 86' lang='lat' dir='ltr'><strong>no-</strong></span> <span class='ocrx_word' id='word_1_15' title='bbox 1726 398 1768 454; x_wconf 79' lang='grc' dir='ltr'><strong>Α</strong></span> <span class='ocrx_word' id='word_1_16' title='bbox 1801 411 1917 452; x_wconf 90' lang='lat' dir='ltr'><strong>mos</strong></span> <span class='ocrx_word' id='word_1_17' title='bbox 1952 400 2072 467; x_wconf 88' lang='lat' dir='ltr'><strong>quis</strong></span> <span class='ocrx_word' id='word_1_18' title='bbox 2100 402 2289 457; x_wconf 86' lang='lat' dir='ltr'><strong>habuit</strong></span> <span class='ocrx_word' id='word_1_19' title='bbox 2312 402 2422 457; x_wconf 72' lang='lat' dir='ltr'><strong>‘m.</strong></span> <span class='ocrx_word' id='word_1_20' title='bbox 2455 405 2667 467; x_wconf 84' lang='lat' dir='ltr'><strong>mittat,</strong></span> <span class='ocrx_word' id='word_1_21' title='bbox 2696 416 2753 462; x_wconf 87' lang='lat' dir='ltr'><strong>et</strong></span> <span class='ocrx_word' id='word_1_22' title='bbox 2778 423 2902 463; x_wconf 84' lang='lat' dir='ltr'><strong>eum</strong></span> <span class='ocrx_word' id='word_1_23' title='bbox 2924 409 3274 471; x_wconf 53' lang='lat' dir='ltr'><strong>“bullire</strong></span> <span class='ocrx_word' id='word_1_24' title='bbox 3320 426 3381 471; x_wconf 75' lang='lat' dir='ltr'><strong>et</strong></span> 
     </span>
    </p>
   </div>
   <div class='ocr_carea' id='block_1_5' title="bbox 113 467 1699 549">
    <p class='ocr_par' dir='ltr' id='par_1_5' title="bbox 113 467 1699 549">
     <span class='ocr_line' id='line_1_5' title="bbox 113 467 1699 549; baseline 0.008 -27"><span class='ocrx_word' id='word_1_25' title='bbox 113 468 231 522; x_wconf 65' lang='lat' dir='ltr'><strong>suis</strong></span> <span class='ocrx_word' id='word_1_26' title='bbox 261 467 365 521; x_wconf 89' lang='lat' dir='ltr'><strong>hoc</strong></span> <span class='ocrx_word' id='word_1_27' title='bbox 414 468 585 523; x_wconf 85' lang='lat' dir='ltr'><strong>nobis</strong></span> <span class='ocrx_word' id='word_1_28' title='bbox 626 474 864 528; x_wconf 75' lang='lat' dir='ltr'><strong>nuntiari</strong></span> <span class='ocrx_word' id='word_1_29' title='bbox 894 477 1242 543; x_wconf 88' lang='lat' dir='ltr'><strong>mandamus;</strong></span> <span class='ocrx_word' id='word_1_30' title='bbox 1288 489 1554 549; x_wconf 87' lang='lat' dir='ltr'><strong>quatenus</strong></span> <span class='ocrx_word' id='word_1_31' title='bbox 1583 489 1699 534; x_wconf 87' lang='lat' dir='ltr'><strong>tan-</strong></span> 
     </span>
    </p>
   </div>
   <div class='ocr_carea' id='block_1_6' title="bbox 116 555 1699 625">
    <p class='ocr_par' dir='ltr' id='par_1_6' title="bbox 116 555 1699 625">
     <span class='ocr_line' id='line_1_6' title="bbox 116 555 1699 625; baseline 0.008 -14"><span class='ocrx_word' id='word_1_32' title='bbox 116 563 216 611; x_wconf 82' lang='lat' dir='ltr'><strong>tum</strong></span> <span class='ocrx_word' id='word_1_33' title='bbox 255 555 352 609; x_wconf 86' lang='lat' dir='ltr'><strong>Dei</strong></span> <span class='ocrx_word' id='word_1_34' title='bbox 390 566 452 611; x_wconf 86' lang='lat' dir='ltr'><strong>et</strong></span> <span class='ocrx_word' id='word_1_35' title='bbox 491 568 738 615; x_wconf 86' lang='lat' dir='ltr'><strong>nostrum</strong></span> <span class='ocrx_word' id='word_1_36' title='bbox 791 580 857 618; x_wconf 88' lang='lat' dir='ltr'><strong>ac</strong></span> <span class='ocrx_word' id='word_1_37' title='bbox 898 565 1065 621; x_wconf 88' lang='lat' dir='ltr'><strong>totius</strong></span> <span class='ocrx_word' id='word_1_38' title='bbox 1109 568 1523 625; x_wconf 78' lang='lat' dir='ltr'><strong>christianitatis</strong></span> <span class='ocrx_word' id='word_1_39' title='bbox 1567 585 1699 625; x_wconf 78' lang='lat' dir='ltr'><strong>con—</strong></span> 
     </span>
    </p>
   </div>
   <div class='ocr_carea' id='block_1_7' title="bbox 119 649 1699 728">
    <p class='ocr_par' dir='ltr' id='par_1_7' title="bbox 119 649 1699 728">
     <span class='ocr_line' id='line_1_7' title="bbox 119 649 1699 728; baseline 0.011 -30"><span class='ocrx_word' id='word_1_40' title='bbox 119 656 391 715; x_wconf 78' lang='lat' dir='ltr'><strong>templum,</strong></span> <span class='ocrx_word' id='word_1_41' title='bbox 433 649 587 706; x_wconf 87' lang='lat' dir='ltr'><strong>sicut</strong></span> <span class='ocrx_word' id='word_1_42' title='bbox 609 655 904 717; x_wconf 85' lang='lat' dir='ltr'><strong>secundum</strong></span> <span class='ocrx_word' id='word_1_43' title='bbox 948 657 1095 728; x_wconf 79' lang='lat' dir='ltr'><strong>leges</strong></span> <span class='ocrx_word' id='word_1_44' title='bbox 1120 660 1330 714; x_wconf 86' lang='lat' dir='ltr'><strong>divinas</strong></span> <span class='ocrx_word' id='word_1_45' title='bbox 1350 670 1404 715; x_wconf 90' lang='lat' dir='ltr'><strong>et</strong></span> <span class='ocrx_word' id='word_1_46' title='bbox 1436 662 1699 716; x_wconf 88' lang='lat' dir='ltr'><strong>humanas</strong></span> 
     </span>
    </p>
   </div>
   <div class='ocr_carea' id='block_1_8' title="bbox 118 735 1700 818">
    <p class='ocr_par' dir='ltr' id='par_1_8' title="bbox 118 735 1700 818">
     <span class='ocr_line' id='line_1_8' title="bbox 118 735 1700 818; baseline 0.009 -28"><span class='ocrx_word' id='word_1_47' title='bbox 118 735 504 804; x_wconf 88' lang='lat' dir='ltr'><strong>invenerimus,</strong></span> <span class='ocrx_word' id='word_1_48' title='bbox 535 742 825 798; x_wconf 87' lang='lat' dir='ltr'><strong>emendare</strong></span> <span class='ocrx_word' id='word_1_49' title='bbox 861 761 1131 812; x_wconf 88' lang='lat' dir='ltr'><strong>curemus,</strong></span> <span class='ocrx_word' id='word_1_50' title='bbox 1163 765 1229 802; x_wconf 91' lang='lat' dir='ltr'><strong>ne</strong></span> <span class='ocrx_word' id='word_1_51' title='bbox 1256 749 1371 818; x_wconf 90' lang='lat' dir='ltr'><strong>ipso</strong></span> <span class='ocrx_word' id='word_1_52' title='bbox 1407 760 1590 807; x_wconf 88' lang='lat' dir='ltr'><strong>nostro</strong></span> <span class='ocrx_word' id='word_1_53' title='bbox 1611 749 1700 818; x_wconf 88' lang='lat' dir='ltr'><strong>ju-</strong></span> 
     </span>
    </p>
   </div>
   <div class='ocr_carea' id='block_1_9' title="bbox 116 820 1698 899">
    <p class='ocr_par' dir='ltr' id='par_1_9' title="bbox 116 820 1698 899">
     <span class='ocr_line' id='line_1_9' title="bbox 116 820 1698 899; baseline 0.011 -23"><span class='ocrx_word' id='word_1_54' title='bbox 116 825 245 879; x_wconf 83' lang='lat' dir='ltr'><strong>dicio</strong></span> <span class='ocrx_word' id='word_1_55' title='bbox 268 841 298 878; x_wconf 73' lang='grc' dir='ltr'><strong>ιι</strong></span> <span class='ocrx_word' id='word_1_56' title='bbox 348 825 503 892; x_wconf 72' lang='lat' dir='ltr'><strong>Deo,</strong></span> <span class='ocrx_word' id='word_1_57' title='bbox 537 833 679 899; x_wconf 88' lang='lat' dir='ltr'><strong>quod</strong></span> <span class='ocrx_word' id='word_1_58' title='bbox 707 833 869 898; x_wconf 88' lang='lat' dir='ltr'><strong>absit,</strong></span> <span class='ocrx_word' id='word_1_59' title='bbox 902 837 1242 892; x_wconf 82' lang='lat' dir='ltr'><strong>condemnati</strong></span> <span class='ocrx_word' id='word_1_60' title='bbox 1288 820 1476 894; x_wconf 89' lang='lat' dir='ltr'><strong>simus.</strong></span> <span class='ocrx_word' id='word_1_61' title='bbox 1527 840 1594 894; x_wconf 86' lang='lat' dir='ltr'><strong>Et</strong></span> <span class='ocrx_word' id='word_1_62' title='bbox 1623 840 1698 894; x_wconf 74' lang='lat' dir='ltr'><strong>vi-</strong></span> 
     </span>
    </p>
   </div>
   <div class='ocr_carea' id='block_1_10' title="bbox 118 913 1700 992">
    <p class='ocr_par' dir='ltr' id='par_1_10' title="bbox 118 913 1700 992">
     <span class='ocr_line' id='line_1_10' title="bbox 118 913 1700 992; baseline 0.012 -28"><span class='ocrx_word' id='word_1_63' title='bbox 118 913 265 969; x_wconf 86' lang='lat' dir='ltr'><strong>deant</strong></span> <span class='ocrx_word' id='word_1_64' title='bbox 290 916 545 989; x_wconf 84' lang='lat' dir='ltr'><strong>episcopi</strong></span> <span class='ocrx_word' id='word_1_65' title='bbox 574 928 627 975; x_wconf 91' lang='lat' dir='ltr'><strong>et</strong></span> <span class='ocrx_word' id='word_1_66' title='bbox 654 923 802 977; x_wconf 81' lang='lat' dir='ltr'><strong>missi</strong></span> <span class='ocrx_word' id='word_1_67' title='bbox 829 940 893 979; x_wconf 90' lang='lat' dir='ltr'><strong>ac</strong></span> <span class='ocrx_word' id='word_1_68' title='bbox 917 930 1143 981; x_wconf 80' lang='lat' dir='ltr'><strong>comites</strong></span> <span class='ocrx_word' id='word_1_69' title='bbox 1180 927 1371 992; x_wconf 87' lang='lat' dir='ltr'><strong>nostri,</strong></span> <span class='ocrx_word' id='word_1_70' title='bbox 1406 943 1471 982; x_wconf 92' lang='lat' dir='ltr'><strong>ne</strong></span> <span class='ocrx_word' id='word_1_71' title='bbox 1498 929 1543 982; x_wconf 93' lang='lat' dir='ltr'><strong>si</strong></span> <span class='ocrx_word' id='word_1_72' title='bbox 1573 942 1700 983; x_wconf 85' lang='lat' dir='ltr'><strong>con--</strong></span> 
     </span>
    </p>
   </div>
   <div class='ocr_carea' id='block_1_11' title="bbox 123 1014 1702 1090">
    <p class='ocr_par' dir='ltr' id='par_1_11' title="bbox 123 1014 1702 1090">
     <span class='ocr_line' id='line_1_11' title="bbox 123 1014 1702 1090; baseline 0.009 -33"><span class='ocrx_word' id='word_1_73' title='bbox 123 1015 192 1057; x_wconf 83' lang='lat' dir='ltr'><strong>Ira</strong></span> <span class='ocrx_word' id='word_1_74' title='bbox 220 1014 470 1064; x_wconf 86' lang='lat' dir='ltr'><strong>nostram</strong></span> <span class='ocrx_word' id='word_1_75' title='bbox 502 1024 847 1071; x_wconf 85' lang='lat' dir='ltr'><strong>communem</strong></span> <span class='ocrx_word' id='word_1_76' title='bbox 884 1015 1347 1071; x_wconf 72' lang='lat' dir='ltr'><strong>confirmationem</strong></span> <span class='ocrx_word' id='word_1_77' title='bbox 1385 1015 1578 1090; x_wconf 75' lang='lat' dir='ltr'><strong>aliquis</strong></span> <span class='ocrx_word' id='word_1_78' title='bbox 1607 1031 1702 1084; x_wconf 89' lang='lat' dir='ltr'><strong>per</strong></span> 
     </span>
    </p>
   </div>
   <div class='ocr_carea' id='block_1_12' title="bbox 122 1097 1699 1174">
    <p class='ocr_par' dir='ltr' id='par_1_12' title="bbox 122 1097 1699 1174">
     <span class='ocr_line' id='line_1_12' title="bbox 122 1097 1699 1174; baseline 0.008 -27"><span class='ocrx_word' id='word_1_79' title='bbox 122 1104 481 1169; x_wconf 80' lang='lat' dir='ltr'><strong>contemptum</strong></span> <span class='ocrx_word' id='word_1_80' title='bbox 508 1097 719 1164; x_wconf 84' lang='lat' dir='ltr'><strong>fecerit,</strong></span> <span class='ocrx_word' id='word_1_81' title='bbox 746 1108 799 1155; x_wconf 88' lang='lat' dir='ltr'><strong>et</strong></span> <span class='ocrx_word' id='word_1_82' title='bbox 821 1106 1110 1158; x_wconf 89' lang='lat' dir='ltr'><strong>emendare</strong></span> <span class='ocrx_word' id='word_1_83' title='bbox 1136 1104 1390 1168; x_wconf 89' lang='lat' dir='ltr'><strong>noluerit,</strong></span> <span class='ocrx_word' id='word_1_84' title='bbox 1421 1120 1517 1174; x_wconf 87' lang='lat' dir='ltr'><strong>per</strong></span> <span class='ocrx_word' id='word_1_85' title='bbox 1536 1105 1699 1159; x_wconf 84' lang='lat' dir='ltr'><strong>alium</strong></span> 
     </span>
    </p>
   </div>
   <div class='ocr_carea' id='block_1_13' title="bbox 123 1185 1703 1265">
    <p class='ocr_par' dir='ltr' id='par_1_13' title="bbox 123 1185 1703 1265">
     <span class='ocr_line' id='line_1_13' title="bbox 123 1185 1703 1265; baseline 0.009 -32"><span class='ocrx_word' id='word_1_86' title='bbox 123 1200 269 1255; x_wconf 79' lang='lat' dir='ltr'><strong>quam</strong></span> <span class='ocrx_word' id='word_1_87' title='bbox 288 1200 386 1257; x_wconf 77' lang='lat' dir='ltr'><strong>per</strong></span> <span class='ocrx_word' id='word_1_88' title='bbox 414 1185 547 1241; x_wconf 83' lang='lat' dir='ltr'><strong>illos</strong></span> <span class='ocrx_word' id='word_1_89' title='bbox 585 1192 675 1265; x_wconf 76' lang='lat' dir='ltr'><strong>qui</strong></span> <span class='ocrx_word' id='word_1_90' title='bbox 714 1189 783 1245; x_wconf 89' lang='lat' dir='ltr'><strong>ad</strong></span> <span class='ocrx_word' id='word_1_91' title='bbox 817 1192 918 1247; x_wconf 90' lang='lat' dir='ltr'><strong>hoc</strong></span> <span class='ocrx_word' id='word_1_92' title='bbox 948 1194 1223 1247; x_wconf 87' lang='lat' dir='ltr'><strong>constituti</strong></span> <span class='ocrx_word' id='word_1_93' title='bbox 1254 1204 1376 1248; x_wconf 91' lang='lat' dir='ltr'><strong>sunt</strong></span> <span class='ocrx_word' id='word_1_94' title='bbox 1406 1195 1549 1248; x_wconf 88' lang='lat' dir='ltr'><strong>hunc</strong></span> <span class='ocrx_word' id='word_1_95' title='bbox 1572 1209 1703 1248; x_wconf 88' lang='lat' dir='ltr'><strong>con-</strong></span> 
     </span>
    </p>
   </div>
   <div class='ocr_carea' id='block_1_14' title="bbox 126 1276 1703 1356">
    <p class='ocr_par' dir='ltr' id='par_1_14' title="bbox 126 1276 1703 1356">
     <span class='ocr_line' id='line_1_14' title="bbox 126 1276 1703 1356; baseline 0.006 -29"><span class='ocrx_word' id='word_1_96' title='bbox 126 1282 367 1343; x_wconf 88' lang='lat' dir='ltr'><strong>temptum</strong></span> <span class='ocrx_word' id='word_1_97' title='bbox 399 1276 686 1345; x_wconf 82' lang='lat' dir='ltr'><strong>sciamus;</strong></span> <span class='ocrx_word' id='word_1_98' title='bbox 723 1283 978 1350; x_wconf 80' lang='lat' dir='ltr'><strong>quoniam</strong></span> <span class='ocrx_word' id='word_1_99' title='bbox 1029 1283 1073 1338; x_wconf 89' lang='lat' dir='ltr'><strong>si</strong></span> <span class='ocrx_word' id='word_1_100' title='bbox 1104 1298 1202 1356; x_wconf 83' lang='lat' dir='ltr'><strong>per</strong></span> <span class='ocrx_word' id='word_1_101' title='bbox 1224 1284 1388 1337; x_wconf 86' lang='lat' dir='ltr'><strong>alium</strong></span> <span class='ocrx_word' id='word_1_102' title='bbox 1417 1299 1579 1352; x_wconf 84' lang='lat' dir='ltr'><strong>quam</strong></span> <span class='ocrx_word' id='word_1_103' title='bbox 1608 1299 1703 1353; x_wconf 88' lang='lat' dir='ltr'><strong>per</strong></span> 
     </span>
    </p>
   </div>
   <div class='ocr_carea' id='block_1_15' title="bbox 126 1364 1703 1437">
    <p class='ocr_par' dir='ltr' id='par_1_15' title="bbox 126 1364 1703 1437">
     <span class='ocr_line' id='line_1_15' title="bbox 126 1364 1703 1437; baseline 0.006 -21"><span class='ocrx_word' id='word_1_104' title='bbox 126 1364 228 1418; x_wconf 89' lang='lat' dir='ltr'><strong>illos</strong></span> <span class='ocrx_word' id='word_1_105' title='bbox 264 1364 388 1430; x_wconf 89' lang='lat' dir='ltr'><strong>hoc,</strong></span> <span class='ocrx_word' id='word_1_106' title='bbox 447 1367 601 1421; x_wconf 90' lang='lat' dir='ltr'><strong>sicut</strong></span> <span class='ocrx_word' id='word_1_107' title='bbox 628 1384 732 1422; x_wconf 89' lang='lat' dir='ltr'><strong>non</strong></span> <span class='ocrx_word' id='word_1_108' title='bbox 759 1372 1030 1436; x_wconf 84' lang='lat' dir='ltr'><strong>convenit,</strong></span> <span class='ocrx_word' id='word_1_109' title='bbox 1059 1373 1412 1437; x_wconf 86' lang='lat' dir='ltr'><strong>audierimus,</strong></span> <span class='ocrx_word' id='word_1_110' title='bbox 1440 1374 1577 1427; x_wconf 92' lang='lat' dir='ltr'><strong>sicut</strong></span> <span class='ocrx_word' id='word_1_111' title='bbox 1605 1387 1703 1426; x_wconf 89' lang='lat' dir='ltr'><strong>nec</strong></span> 
     </span>
    </p>
   </div>
   <div class='ocr_carea' id='block_1_16' title="bbox 129 1453 1704 1527">
    <p class='ocr_par' dir='ltr' id='par_1_16' title="bbox 129 1453 1704 1527">
     <span class='ocr_line' id='line_1_16' title="bbox 129 1453 1704 1527; baseline 0.006 -21"><span class='ocrx_word' id='word_1_112' title='bbox 129 1453 213 1521; x_wconf 85' lang='lat' dir='ltr'><strong>ipsi</strong></span> <span class='ocrx_word' id='word_1_113' title='bbox 260 1454 542 1510; x_wconf 89' lang='lat' dir='ltr'><strong>immunes</strong></span> <span class='ocrx_word' id='word_1_114' title='bbox 573 1473 603 1510; x_wconf 90' lang='lat' dir='ltr'><strong>a</strong></span> <span class='ocrx_word' id='word_1_115' title='bbox 666 1468 890 1527; x_wconf 87' lang='lat' dir='ltr'><strong>peceato</strong></span> <span class='ocrx_word' id='word_1_116' title='bbox 919 1469 1101 1526; x_wconf 91' lang='lat' dir='ltr'><strong>erunt,</strong></span> <span class='ocrx_word' id='word_1_117' title='bbox 1144 1461 1224 1515; x_wconf 88' lang='lat' dir='ltr'><strong>sic</strong></span> <span class='ocrx_word' id='word_1_118' title='bbox 1266 1477 1365 1516; x_wconf 90' lang='lat' dir='ltr'><strong>nec</strong></span> <span class='ocrx_word' id='word_1_119' title='bbox 1389 1462 1457 1517; x_wconf 87' lang='lat' dir='ltr'><strong>ab</strong></span> <span class='ocrx_word' id='word_1_120' title='bbox 1504 1461 1704 1516; x_wconf 85' lang='lat' dir='ltr'><strong>ultione</strong></span> 
     </span>
    </p>
   </div>
   <div class='ocr_carea' id='block_1_17' title="bbox 130 1536 668 1604">
    <p class='ocr_par' dir='ltr' id='par_1_17' title="bbox 130 1536 668 1604">
     <span class='ocr_line' id='line_1_17' title="bbox 130 1536 668 1604; baseline 0.007 -7"><span class='ocrx_word' id='word_1_121' title='bbox 130 1536 376 1601; x_wconf 79' lang='lat' dir='ltr'><strong>immunes</strong></span> <span class='ocrx_word' id='word_1_122' title='bbox 402 1548 668 1604; x_wconf 79' lang='lat' dir='ltr'><strong>existent.</strong></span> 
     </span>
    </p>
   </div>
   <div class='ocr_carea' id='block_1_18' title="bbox 186 1636 1702 1711">
    <p class='ocr_par' dir='ltr' id='par_1_18' title="bbox 186 1636 1702 1711">
     <span class='ocr_line' id='line_1_18' title="bbox 186 1636 1702 1711; baseline 0.005 -21"><span class='ocrx_word' id='word_1_123' title='bbox 186 1636 235 1690; x_wconf 76' lang='grc'><strong>4.</strong></span> <span class='ocrx_word' id='word_1_124' title='bbox 262 1638 531 1694; x_wconf 84' lang='lat' dir='ltr'><strong>Volumus</strong></span> <span class='ocrx_word' id='word_1_125' title='bbox 562 1652 615 1694; x_wconf 93' lang='lat' dir='ltr'><strong>et</strong></span> <span class='ocrx_word' id='word_1_126' title='bbox 639 1656 894 1711; x_wconf 82' lang='lat' dir='ltr'><strong>expresse</strong></span> <span class='ocrx_word' id='word_1_127' title='bbox 940 1643 1260 1698; x_wconf 88' lang='lat' dir='ltr'><strong>mandamus</strong></span> <span class='ocrx_word' id='word_1_128' title='bbox 1286 1643 1572 1699; x_wconf 89' lang='lat' dir='ltr'><strong>comitibus</strong></span> <span class='ocrx_word' id='word_1_129' title='bbox 1606 1660 1702 1698; x_wconf 83' lang='lat' dir='ltr'><strong>no-</strong></span> 
     </span>
    </p>
   </div>
   <div class='ocr_carea' id='block_1_19' title="bbox 134 1728 1691 1803">
    <p class='ocr_par' dir='ltr' id='par_1_19' title="bbox 134 1728 1691 1803">
     <span class='ocr_line' id='line_1_19' title="bbox 134 1728 1691 1803; baseline 0.004 -21"><span class='ocrx_word' id='word_1_130' title='bbox 134 1728 259 1794; x_wconf 82' lang='lat' dir='ltr'><strong>stris,</strong></span> <span class='ocrx_word' id='word_1_131' title='bbox 292 1731 526 1785; x_wconf 91' lang='lat' dir='ltr'><strong>utsicut</strong></span> <span class='ocrx_word' id='word_1_132' title='bbox 575 1732 629 1786; x_wconf 90' lang='lat' dir='ltr'><strong>in</strong></span> <span class='ocrx_word' id='word_1_133' title='bbox 666 1733 737 1786; x_wconf 73' lang='lat'><strong>9.4</strong></span> <span class='ocrx_word' id='word_1_134' title='bbox 764 1734 1000 1802; x_wconf 90' lang='lat' dir='ltr'><strong>capitulo</strong></span> <span class='ocrx_word' id='word_1_135' title='bbox 1028 1733 1247 1789; x_wconf 76' lang='lat' dir='ltr'><strong>secandi</strong></span> <span class='ocrx_word' id='word_1_136' title='bbox 1277 1733 1395 1788; x_wconf 86' lang='lat' dir='ltr'><strong>libri</strong></span> <span class='ocrx_word' id='word_1_137' title='bbox 1427 1734 1691 1803; x_wconf 52' lang='lat' dir='ltr'><strong>capitulo-</strong></span> 
     </span>
    </p>
   </div>
   <div class='ocr_carea' id='block_1_20' title="bbox 136 1822 1699 1891">
    <p class='ocr_par' dir='ltr' id='par_1_20' title="bbox 136 1822 1699 1891">
     <span class='ocr_line' id='line_1_20' title="bbox 136 1822 1699 1891; baseline 0.004 -18"><span class='ocrx_word' id='word_1_138' title='bbox 136 1837 238 1881; x_wconf 66' lang='lat' dir='ltr'><strong>tum~</strong></span> <span class='ocrx_word' id='word_1_139' title='bbox 266 1822 618 1877; x_wconf 76' lang='lat' dir='ltr'><strong>decessurum</strong></span> <span class='ocrx_word' id='word_1_140' title='bbox 646 1833 951 1891; x_wconf 89' lang='lat' dir='ltr'><strong>nostrorum</strong></span> <span class='ocrx_word' id='word_1_141' title='bbox 981 1825 1309 1889; x_wconf 89' lang='lat' dir='ltr'><strong>continetur,</strong></span> <span class='ocrx_word' id='word_1_142' title='bbox 1357 1825 1567 1878; x_wconf 81' lang='lat' dir='ltr'><strong>vassalli</strong></span> <span class='ocrx_word' id='word_1_143' title='bbox 1604 1842 1699 1880; x_wconf 88' lang='lat' dir='ltr'><strong>no-</strong></span> 
     </span>
    </p>
   </div>
   <div class='ocr_carea' id='block_1_21' title="bbox 138 1911 1698 1985">
    <p class='ocr_par' dir='ltr' id='par_1_21' title="bbox 138 1911 1698 1985">
     <span class='ocr_line' id='line_1_21' title="bbox 138 1911 1698 1985; baseline 0.002 -21"><span class='ocrx_word' id='word_1_144' title='bbox 138 1911 216 1965; x_wconf 70' lang='lat' dir='ltr'><strong>stri</strong></span> <span class='ocrx_word' id='word_1_145' title='bbox 252 1911 403 1966; x_wconf 90' lang='lat' dir='ltr'><strong>nobis</strong></span> <span class='ocrx_word' id='word_1_146' title='bbox 442 1922 499 1966; x_wconf 90' lang='lat' dir='ltr'><strong>et</strong></span> <span class='ocrx_word' id='word_1_147' title='bbox 539 1921 738 1967; x_wconf 70' lang='lat' dir='ltr'><strong>nostra:</strong></span> <span class='ocrx_word' id='word_1_148' title='bbox 785 1913 995 1985; x_wconf 83' lang='lat' dir='ltr'><strong>conjugi</strong></span> <span class='ocrx_word' id='word_1_149' title='bbox 1029 1913 1349 1969; x_wconf 88' lang='lat' dir='ltr'><strong>famulantes</strong></span> <span class='ocrx_word' id='word_1_150' title='bbox 1374 1915 1698 1984; x_wconf 58' lang='lat' dir='ltr'><strong>condignum</strong></span> 
     </span>
    </p>
   </div>
   <div class='ocr_carea' id='block_1_22' title="bbox 139 2000 1701 2078">
    <p class='ocr_par' dir='ltr' id='par_1_22' title="bbox 139 2000 1701 2078">
     <span class='ocr_line' id='line_1_22' title="bbox 139 2000 1701 2078; baseline 0.005 -27"><span class='ocrx_word' id='word_1_151' title='bbox 139 2000 253 2067; x_wconf 88' lang='lat' dir='ltr'><strong>apud</strong></span> <span class='ocrx_word' id='word_1_152' title='bbox 275 2016 464 2055; x_wconf 88' lang='lat' dir='ltr'><strong>omnes</strong></span> <span class='ocrx_word' id='word_1_153' title='bbox 492 2002 754 2056; x_wconf 87' lang='lat' dir='ltr'><strong>honorem</strong></span> <span class='ocrx_word' id='word_1_154' title='bbox 784 2002 1033 2067; x_wconf 89' lang='lat' dir='ltr'><strong>habeant,</strong></span> <span class='ocrx_word' id='word_1_155' title='bbox 1083 2004 1225 2058; x_wconf 87' lang='lat' dir='ltr'><strong>sicut</strong></span> <span class='ocrx_word' id='word_1_156' title='bbox 1257 2020 1287 2058; x_wconf 87' lang='lat' dir='ltr'><strong>a</strong></span> <span class='ocrx_word' id='word_1_157' title='bbox 1314 2005 1555 2078; x_wconf 74' lang='lat' dir='ltr'><strong>genitore</strong></span> <span class='ocrx_word' id='word_1_158' title='bbox 1604 2019 1701 2059; x_wconf 89' lang='lat' dir='ltr'><strong>n0-</strong></span> 
     </span>
    </p>
   </div>
   <div class='ocr_carea' id='block_1_23' title="bbox 140 2092 1700 2165">
    <p class='ocr_par' dir='ltr' id='par_1_23' title="bbox 140 2092 1700 2165">
     <span class='ocr_line' id='line_1_23' title="bbox 140 2092 1700 2165; baseline 0.003 -21"><span class='ocrx_word' id='word_1_159' title='bbox 140 2099 234 2144; x_wconf 83' lang='lat' dir='ltr'><strong>stro</strong></span> <span class='ocrx_word' id='word_1_160' title='bbox 261 2098 308 2144; x_wconf 91' lang='lat' dir='ltr'><strong>et</strong></span> <span class='ocrx_word' id='word_1_161' title='bbox 349 2092 379 2143; x_wconf 83' lang='lat' dir='ltr'><strong>a&#39;</strong></span> <span class='ocrx_word' id='word_1_162' title='bbox 422 2092 591 2147; x_wconf 89' lang='lat' dir='ltr'><strong>nobis</strong></span> <span class='ocrx_word' id='word_1_163' title='bbox 618 2108 760 2162; x_wconf 82' lang='lat' dir='ltr'><strong>saepe</strong></span> <span class='ocrx_word' id='word_1_164' title='bbox 801 2093 1133 2149; x_wconf 87' lang='lat' dir='ltr'><strong>admonitum</strong></span> <span class='ocrx_word' id='word_1_165' title='bbox 1182 2103 1303 2161; x_wconf 86' lang='lat' dir='ltr'><strong>est;</strong></span> <span class='ocrx_word' id='word_1_166' title='bbox 1333 2104 1387 2149; x_wconf 90' lang='lat' dir='ltr'><strong>et</strong></span> <span class='ocrx_word' id='word_1_167' title='bbox 1431 2097 1570 2149; x_wconf 87' lang='lat' dir='ltr'><strong>sicut</strong></span> <span class='ocrx_word' id='word_1_168' title='bbox 1601 2095 1700 2165; x_wconf 82' lang='lat' dir='ltr'><strong>ipsi</strong></span> 
     </span>
    </p>
   </div>
   <div class='ocr_carea' id='block_1_24' title="bbox 138 2179 1697 2249">
    <p class='ocr_par' dir='ltr' id='par_1_24' title="bbox 138 2179 1697 2249">
     <span class='ocr_line' id='line_1_24' title="bbox 138 2179 1697 2249; baseline 0.004 -17"><span class='ocrx_word' id='word_1_169' title='bbox 138 2179 295 2234; x_wconf 82' lang='lat' dir='ltr'><strong>\‘ohtnl</strong></span> <span class='ocrx_word' id='word_1_170' title='bbox 317 2196 377 2235; x_wconf 90' lang='lat' dir='ltr'><strong>se</strong></span> <span class='ocrx_word' id='word_1_171' title='bbox 402 2182 613 2237; x_wconf 89' lang='lat' dir='ltr'><strong>anobis</strong></span> <span class='ocrx_word' id='word_1_172' title='bbox 639 2184 928 2239; x_wconf 89' lang='lat' dir='ltr'><strong>honoratos</strong></span> <span class='ocrx_word' id='word_1_173' title='bbox 957 2193 1157 2249; x_wconf 87' lang='lat' dir='ltr'><strong>tenere,</strong></span> <span class='ocrx_word' id='word_1_174' title='bbox 1183 2184 1253 2239; x_wconf 92' lang='lat' dir='ltr'><strong>ita</strong></span> <span class='ocrx_word' id='word_1_175' title='bbox 1279 2186 1501 2240; x_wconf 89' lang='lat' dir='ltr'><strong>etuohis</strong></span> <span class='ocrx_word' id='word_1_176' title='bbox 1526 2184 1697 2239; x_wconf 82' lang='lat' dir='ltr'><strong>famu-</strong></span> 
     </span>
    </p>
   </div>
   <div class='ocr_carea' id='block_1_25' title="bbox 142 2272 1702 2345">
    <p class='ocr_par' dir='ltr' id='par_1_25' title="bbox 142 2272 1702 2345">
     <span class='ocr_line' id='line_1_25' title="bbox 142 2272 1702 2345; baseline 0.007 -22"><span class='ocrx_word' id='word_1_177' title='bbox 142 2272 366 2338; x_wconf 77' lang='lat' dir='ltr'><strong>lantibus,</strong></span> <span class='ocrx_word' id='word_1_178' title='bbox 409 2274 562 2329; x_wconf 88' lang='lat' dir='ltr'><strong>sicut</strong></span> <span class='ocrx_word' id='word_1_179' title='bbox 601 2275 929 2331; x_wconf 85' lang='lat' dir='ltr'><strong>consuetudo</strong></span> <span class='ocrx_word' id='word_1_180' title='bbox 978 2275 1078 2329; x_wconf 90' lang='lat' dir='ltr'><strong>fuit</strong></span> <span class='ocrx_word' id='word_1_181' title='bbox 1111 2285 1348 2345; x_wconf 83' lang='lat' dir='ltr'><strong>tempore</strong></span> <span class='ocrx_word' id='word_1_182' title='bbox 1395 2287 1702 2334; x_wconf 82' lang='lat' dir='ltr'><strong>antecesso-</strong></span> 
     </span>
    </p>
   </div>
   <div class='ocr_carea' id='block_1_26' title="bbox 144 2367 1504 2431">
    <p class='ocr_par' dir='ltr' id='par_1_26' title="bbox 144 2367 1504 2431">
     <span class='ocr_line' id='line_1_26' title="bbox 144 2367 1504 2431; baseline 0.004 -14"><span class='ocrx_word' id='word_1_183' title='bbox 144 2380 238 2417; x_wconf 85' lang='lat' dir='ltr'><strong>rqu</strong></span> <span class='ocrx_word' id='word_1_184' title='bbox 270 2374 610 2431; x_wconf 83' lang='lat' dir='ltr'><strong>nostrorum,</strong></span> <span class='ocrx_word' id='word_1_185' title='bbox 642 2367 879 2425; x_wconf 88' lang='lat' dir='ltr'><strong>debitum</strong></span> <span class='ocrx_word' id='word_1_186' title='bbox 910 2368 1169 2422; x_wconf 89' lang='lat' dir='ltr'><strong>honorem</strong></span> <span class='ocrx_word' id='word_1_187' title='bbox 1194 2368 1504 2426; x_wconf 83' lang='lat' dir='ltr'><strong>exhibeant.</strong></span> 
     </span>
    </p>
   </div>
   <div class='ocr_carea' id='block_1_27' title="bbox 200 2452 1699 2529">
    <p class='ocr_par' dir='ltr' id='par_1_27' title="bbox 200 2452 1699 2529">
     <span class='ocr_line' id='line_1_27' title="bbox 200 2452 1699 2529; baseline 0.005 -22"><span class='ocrx_word' id='word_1_188' title='bbox 200 2453 244 2507; x_wconf 82' lang='lat'><strong>5.</strong></span> <span class='ocrx_word' id='word_1_189' title='bbox 271 2452 530 2510; x_wconf 82' lang='lat' dir='ltr'><strong>Volumus</strong></span> <span class='ocrx_word' id='word_1_190' title='bbox 577 2464 630 2511; x_wconf 88' lang='lat' dir='ltr'><strong>et</strong></span> <span class='ocrx_word' id='word_1_191' title='bbox 650 2472 901 2529; x_wconf 77' lang='lat' dir='ltr'><strong>expresse</strong></span> <span class='ocrx_word' id='word_1_192' title='bbox 923 2460 1214 2514; x_wconf 86' lang='lat' dir='ltr'><strong>comitibus</strong></span> <span class='ocrx_word' id='word_1_193' title='bbox 1245 2461 1446 2515; x_wconf 89' lang='lat' dir='ltr'><strong>nostris</strong></span> <span class='ocrx_word' id='word_1_194' title='bbox 1474 2460 1699 2517; x_wconf 77' lang='lat' dir='ltr'><strong>manda-</strong></span> 
     </span>
    </p>
   </div>
   <div class='ocr_carea' id='block_1_28' title="bbox 146 2545 1702 2616">
    <p class='ocr_par' dir='ltr' id='par_1_28' title="bbox 146 2545 1702 2616">
     <span class='ocr_line' id='line_1_28' title="bbox 146 2545 1702 2616; baseline 0.005 -19"><span class='ocrx_word' id='word_1_195' title='bbox 146 2559 259 2608; x_wconf 84' lang='lat' dir='ltr'><strong>mus,</strong></span> <span class='ocrx_word' id='word_1_196' title='bbox 302 2553 359 2599; x_wconf 91' lang='lat' dir='ltr'><strong>ut</strong></span> <span class='ocrx_word' id='word_1_197' title='bbox 379 2545 531 2600; x_wconf 72' lang='lat' dir='ltr'><strong>vilice</strong></span> <span class='ocrx_word' id='word_1_198' title='bbox 557 2559 758 2603; x_wconf 70' lang='lat' dir='ltr'><strong>nostra:</strong></span> <span class='ocrx_word' id='word_1_199' title='bbox 791 2549 1217 2616; x_wconf 65' lang='lat' dir='ltr'><strong>indominicataa,</strong></span> <span class='ocrx_word' id='word_1_200' title='bbox 1249 2551 1342 2605; x_wconf 91' lang='lat' dir='ltr'><strong>sed</strong></span> <span class='ocrx_word' id='word_1_201' title='bbox 1371 2558 1425 2605; x_wconf 90' lang='lat' dir='ltr'><strong>et</strong></span> <span class='ocrx_word' id='word_1_202' title='bbox 1453 2550 1589 2604; x_wconf 78' lang='lat' dir='ltr'><strong>villa:</strong></span> <span class='ocrx_word' id='word_1_203' title='bbox 1634 2551 1702 2605; x_wconf 86' lang='lat' dir='ltr'><strong>de</strong></span> 
     </span>
    </p>
   </div>
   <div class='ocr_carea' id='block_1_29' title="bbox 150 2636 1702 2713">
    <p class='ocr_par' dir='ltr' id='par_1_29' title="bbox 150 2636 1702 2713">
     <span class='ocr_line' id='line_1_29' title="bbox 150 2636 1702 2713; baseline 0.005 -22"><span class='ocrx_word' id='word_1_204' title='bbox 150 2636 455 2695; x_wconf 77' lang='lat' dir='ltr'><strong>monasteriis</strong></span> <span class='ocrx_word' id='word_1_205' title='bbox 490 2655 615 2709; x_wconf 84' lang='lat' dir='ltr'><strong>quae</strong></span> <span class='ocrx_word' id='word_1_206' title='bbox 635 2649 690 2695; x_wconf 92' lang='lat' dir='ltr'><strong>et</strong></span> <span class='ocrx_word' id='word_1_207' title='bbox 713 2641 923 2713; x_wconf 84' lang='lat' dir='ltr'><strong>conjugi</strong></span> <span class='ocrx_word' id='word_1_208' title='bbox 956 2651 1152 2698; x_wconf 59' lang='lat' dir='ltr'><strong>nostra:</strong></span> <span class='ocrx_word' id='word_1_209' title='bbox 1176 2652 1231 2697; x_wconf 93' lang='lat' dir='ltr'><strong>et</strong></span> <span class='ocrx_word' id='word_1_210' title='bbox 1254 2642 1378 2699; x_wconf 87' lang='lat' dir='ltr'><strong>filiis</strong></span> <span class='ocrx_word' id='word_1_211' title='bbox 1398 2659 1460 2698; x_wconf 87' lang='lat' dir='ltr'><strong>ac</strong></span> <span class='ocrx_word' id='word_1_212' title='bbox 1491 2642 1702 2698; x_wconf 67' lang='lat' dir='ltr'><strong>filiabus</strong></span> 
     </span>
    </p>
   </div>
   <div class='ocr_carea' id='block_1_30' title="bbox 152 2723 1765 2805">
    <p class='ocr_par' dir='ltr' id='par_1_30' title="bbox 152 2723 1765 2805">
     <span class='ocr_line' id='line_1_30' title="bbox 152 2723 1765 2805; baseline 0.004 -23"><span class='ocrx_word' id='word_1_213' title='bbox 152 2723 318 2784; x_wconf 79' lang='lat' dir='ltr'><strong>nosiris</strong></span> <span class='ocrx_word' id='word_1_214' title='bbox 344 2745 608 2785; x_wconf 87' lang='lat' dir='ltr'><strong>concessa</strong></span> <span class='ocrx_word' id='word_1_215' title='bbox 637 2741 796 2805; x_wconf 82' lang='lat' dir='ltr'><strong>atque</strong></span> <span class='ocrx_word' id='word_1_216' title='bbox 819 2734 1016 2788; x_wconf 89' lang='lat' dir='ltr'><strong>donata</strong></span> <span class='ocrx_word' id='word_1_217' title='bbox 1056 2734 1318 2789; x_wconf 87' lang='lat' dir='ltr'><strong>habemus</strong></span> <span class='ocrx_word' id='word_1_218' title='bbox 1346 2749 1572 2803; x_wconf 85' lang='lat' dir='ltr'><strong>quaeque</strong></span> <span class='ocrx_word' id='word_1_219' title='bbox 1601 2735 1702 2788; x_wconf 88' lang='lat' dir='ltr'><strong>sub</strong></span> <span class='ocrx_word' id='word_1_220' title='bbox 1758 2762 1765 2765; x_wconf 91' lang='lat'><strong><em>-</em></strong></span> 
     </span>
    </p>
   </div>
   <div class='ocr_carea' id='block_1_31' title="bbox 155 2819 1701 2886">
    <p class='ocr_par' dir='ltr' id='par_1_31' title="bbox 155 2819 1701 2886">
     <span class='ocr_line' id='line_1_31' title="bbox 155 2819 1701 2886; baseline 0.005 -17"><span class='ocrx_word' id='word_1_221' title='bbox 155 2819 459 2882; x_wconf 83' lang='lat' dir='ltr'><strong>immunitate</strong></span> <span class='ocrx_word' id='word_1_222' title='bbox 522 2822 816 2876; x_wconf 88' lang='lat' dir='ltr'><strong>consistunt</strong></span> <span class='ocrx_word' id='word_1_223' title='bbox 846 2862 862 2886; x_wconf 92' lang='lat'><strong>,</strong></span> <span class='ocrx_word' id='word_1_224' title='bbox 895 2837 1018 2877; x_wconf 89' lang='lat' dir='ltr'><strong>cum</strong></span> <span class='ocrx_word' id='word_1_225' title='bbox 1065 2822 1398 2878; x_wconf 88' lang='lat' dir='ltr'><strong>salvamento</strong></span> <span class='ocrx_word' id='word_1_226' title='bbox 1425 2831 1480 2878; x_wconf 89' lang='lat' dir='ltr'><strong>et</strong></span> <span class='ocrx_word' id='word_1_227' title='bbox 1521 2822 1701 2877; x_wconf 86' lang='lat' dir='ltr'><strong>debita</strong></span> 
     </span>
    </p>
   </div>
   <div class='ocr_carea' id='block_1_32' title="bbox 160 2910 1705 2969">
    <p class='ocr_par' dir='ltr' id='par_1_32' title="bbox 160 2910 1705 2969">
     <span class='ocr_line' id='line_1_32' title="bbox 160 2910 1705 2969; baseline 0.005 -9"><span class='ocrx_word' id='word_1_228' title='bbox 160 2910 423 2965; x_wconf 83' lang='lat' dir='ltr'><strong>reverentia</strong></span> <span class='ocrx_word' id='word_1_229' title='bbox 448 2912 503 2966; x_wconf 91' lang='lat' dir='ltr'><strong>in</strong></span> <span class='ocrx_word' id='word_1_230' title='bbox 540 2911 885 2967; x_wconf 83' lang='lat' dir='ltr'><strong>comitatibus</strong></span> <span class='ocrx_word' id='word_1_231' title='bbox 913 2912 1123 2966; x_wconf 77' lang='lat' dir='ltr'><strong>illorum</strong></span> <span class='ocrx_word' id='word_1_232' title='bbox 1152 2913 1467 2968; x_wconf 89' lang='lat' dir='ltr'><strong>consistant.</strong></span> <span class='ocrx_word' id='word_1_233' title='bbox 1518 2913 1621 2968; x_wconf 85' lang='lat' dir='ltr'><strong>Sed</strong></span> <span class='ocrx_word' id='word_1_234' title='bbox 1648 2924 1705 2969; x_wconf 93' lang='lat' dir='ltr'><strong>et</strong></span> 
     </span>
    </p>
   </div>
   <div class='ocr_carea' id='block_1_33' title="bbox 157 3000 1703 3075">
    <p class='ocr_par' dir='ltr' id='par_1_33' title="bbox 157 3000 1703 3075">
     <span class='ocr_line' id='line_1_33' title="bbox 157 3000 1703 3075; baseline 0.004 -26"><span class='ocrx_word' id='word_1_235' title='bbox 157 3015 251 3067; x_wconf 69' lang='lat' dir='ltr'><strong>qua!</strong></span> <span class='ocrx_word' id='word_1_236' title='bbox 276 3001 514 3056; x_wconf 84' lang='lat' dir='ltr'><strong>homines</strong></span> <span class='ocrx_word' id='word_1_237' title='bbox 538 3000 702 3055; x_wconf 92' lang='lat' dir='ltr'><strong>nostri</strong></span> <span class='ocrx_word' id='word_1_238' title='bbox 730 3017 791 3056; x_wconf 89' lang='lat' dir='ltr'><strong>ac</strong></span> <span class='ocrx_word' id='word_1_239' title='bbox 824 3001 1036 3055; x_wconf 90' lang='lat' dir='ltr'><strong>illorum</strong></span> <span class='ocrx_word' id='word_1_240' title='bbox 1078 3000 1419 3072; x_wconf 86' lang='lat' dir='ltr'><strong>illarumque,</strong></span> <span class='ocrx_word' id='word_1_241' title='bbox 1463 3002 1555 3075; x_wconf 88' lang='lat' dir='ltr'><strong>qui</strong></span> <span class='ocrx_word' id='word_1_242' title='bbox 1586 3002 1703 3056; x_wconf 89' lang='lat' dir='ltr'><strong>sine</strong></span> 
     </span>
    </p>
   </div>
   <div class='ocr_carea' id='block_1_34' title="bbox 159 3180 1701 3254">
    <p class='ocr_par' dir='ltr' id='par_1_34' title="bbox 159 3180 1701 3254">
     <span class='ocr_line' id='line_1_34' title="bbox 159 3180 1701 3254; baseline 0.001 -19"><span class='ocrx_word' id='word_1_243' title='bbox 159 3180 307 3237; x_wconf 81' lang='lat' dir='ltr'><strong>debito</strong></span> <span class='ocrx_word' id='word_1_244' title='bbox 332 3183 538 3239; x_wconf 86' lang='lat' dir='ltr'><strong>honore</strong></span> <span class='ocrx_word' id='word_1_245' title='bbox 560 3183 757 3241; x_wconf 87' lang='lat' dir='ltr'><strong>habere</strong></span> <span class='ocrx_word' id='word_1_246' title='bbox 787 3183 1010 3254; x_wconf 90' lang='lat' dir='ltr'><strong>possint.</strong></span> <span class='ocrx_word' id='word_1_247' title='bbox 1035 3183 1101 3237; x_wconf 89' lang='lat' dir='ltr'><strong>Et</strong></span> <span class='ocrx_word' id='word_1_248' title='bbox 1127 3197 1230 3237; x_wconf 89' lang='lat' dir='ltr'><strong>non</strong></span> <span class='ocrx_word' id='word_1_249' title='bbox 1260 3184 1505 3252; x_wconf 90' lang='lat' dir='ltr'><strong>ignorent</strong></span> <span class='ocrx_word' id='word_1_250' title='bbox 1528 3197 1701 3252; x_wconf 84' lang='lat' dir='ltr'><strong>neque</strong></span> 
     </span>
    </p>
   </div>
   <div class='ocr_carea' id='block_1_35' title="bbox 162 3270 1699 3340">
    <p class='ocr_par' dir='ltr' id='par_1_35' title="bbox 162 3270 1699 3340">
     <span class='ocr_line' id='line_1_35' title="bbox 162 3270 1699 3340; baseline 0.001 -17"><span class='ocrx_word' id='word_1_251' title='bbox 162 3271 512 3327; x_wconf 83' lang='lat' dir='ltr'><strong>obliviscantur</strong></span> <span class='ocrx_word' id='word_1_252' title='bbox 540 3273 763 3329; x_wconf 86' lang='lat' dir='ltr'><strong>comites</strong></span> <span class='ocrx_word' id='word_1_253' title='bbox 789 3287 853 3326; x_wconf 88' lang='lat' dir='ltr'><strong>ac</strong></span> <span class='ocrx_word' id='word_1_254' title='bbox 883 3272 1029 3326; x_wconf 89' lang='lat' dir='ltr'><strong>missi</strong></span> <span class='ocrx_word' id='word_1_255' title='bbox 1053 3272 1246 3334; x_wconf 82' lang='lat' dir='ltr'><strong>nostri,</strong></span> <span class='ocrx_word' id='word_1_256' title='bbox 1272 3287 1369 3326; x_wconf 91' lang='lat' dir='ltr'><strong>nos</strong></span> <span class='ocrx_word' id='word_1_257' title='bbox 1391 3271 1532 3326; x_wconf 89' lang='lat' dir='ltr'><strong>scire</strong></span> <span class='ocrx_word' id='word_1_258' title='bbox 1557 3270 1699 3340; x_wconf 90' lang='lat' dir='ltr'><strong>quod</strong></span> 
     </span>
    </p>
   </div>
   <div class='ocr_carea' id='block_1_36' title="bbox 163 3363 1775 3432">
    <p class='ocr_par' dir='ltr' id='par_1_36' title="bbox 163 3363 1775 3432">
     <span class='ocr_line' id='line_1_36' title="bbox 163 3363 1775 3432; baseline 0.002 -17"><span class='ocrx_word' id='word_1_259' title='bbox 163 3363 460 3419; x_wconf 82' lang='lat' dir='ltr'><strong>dominorum</strong></span> <span class='ocrx_word' id='word_1_260' title='bbox 501 3365 759 3420; x_wconf 88' lang='lat' dir='ltr'><strong>Dominus</strong></span> <span class='ocrx_word' id='word_1_261' title='bbox 782 3365 846 3420; x_wconf 91' lang='lat' dir='ltr'><strong>de</strong></span> <span class='ocrx_word' id='word_1_262' title='bbox 871 3380 929 3420; x_wconf 90' lang='lat' dir='ltr'><strong>se</strong></span> <span class='ocrx_word' id='word_1_263' title='bbox 963 3365 1133 3420; x_wconf 85' lang='lat' dir='ltr'><strong>dicit:</strong></span> <span class='ocrx_word' id='word_1_264' title='bbox 1170 3363 1592 3432; x_wconf 61' lang='lat' dir='ltr'><strong>Honori/hante:</strong></span> <span class='ocrx_word' id='word_1_265' title='bbox 1620 3381 1701 3419; x_wconf 81' lang='lat' dir='ltr'><strong>me</strong></span> <span class='ocrx_word' id='word_1_266' title='bbox 1764 3370 1775 3378; x_wconf 83' lang='grc'><strong>’</strong></span> 
     </span>
    </p>
   </div>
   <div class='ocr_carea' id='block_1_37' title="bbox 136 3451 1699 3527">
    <p class='ocr_par' dir='ltr' id='par_1_37' title="bbox 136 3451 1699 3527">
     <span class='ocr_line' id='line_1_37' title="bbox 136 3451 1699 3527; baseline 0.004 -25"><span class='ocrx_word' id='word_1_267' title='bbox 136 3451 524 3527; x_wconf 21' lang='grc' dir='ltr'><strong>,Ιιυηοῐίβσαὺο;</strong></span> <span class='ocrx_word' id='word_1_268' title='bbox 587 3463 634 3508; x_wconf 88' lang='lat' dir='ltr'><strong>et</strong></span> <span class='ocrx_word' id='word_1_269' title='bbox 686 3453 775 3524; x_wconf 80' lang='lat' dir='ltr'><strong>qui</strong></span> <span class='ocrx_word' id='word_1_270' title='bbox 834 3463 1167 3508; x_wconf 83' lang='lat' dir='ltr'><strong>contemnunt</strong></span> <span class='ocrx_word' id='word_1_271' title='bbox 1223 3468 1334 3519; x_wconf 87' lang='lat' dir='ltr'><strong>me,</strong></span> <span class='ocrx_word' id='word_1_272' title='bbox 1400 3454 1699 3508; x_wconf 75' lang='lat' dir='ltr'><strong>inhonorati</strong></span> 
     </span>
    </p>
   </div>
   <div class='ocr_carea' id='block_1_38' title="bbox 166 3555 304 3597">
    <p class='ocr_par' dir='ltr' id='par_1_38' title="bbox 166 3555 304 3597">
     <span class='ocr_line' id='line_1_38' title="bbox 166 3555 304 3597; baseline 0.014 -2"><span class='ocrx_word' id='word_1_273' title='bbox 166 3555 304 3597; x_wconf 76' lang='lat' dir='ltr'><strong>erant.</strong></span> 
     </span>
    </p>
   </div>
   <div class='ocr_carea' id='block_1_39' title="bbox 220 3653 1699 3729">
    <p class='ocr_par' dir='ltr' id='par_1_39' title="bbox 220 3653 1699 3729">
     <span class='ocr_line' id='line_1_39' title="bbox 220 3653 1699 3729; baseline 0.001 -23"><span class='ocrx_word' id='word_1_274' title='bbox 220 3653 264 3709; x_wconf 78' lang='grc' dir='ltr'><strong>ϐ.</strong></span> <span class='ocrx_word' id='word_1_275' title='bbox 288 3655 347 3711; x_wconf 82' lang='lat' dir='ltr'><strong>Et</strong></span> <span class='ocrx_word' id='word_1_276' title='bbox 371 3658 625 3727; x_wconf 84' lang='lat' dir='ltr'><strong>quoniam</strong></span> <span class='ocrx_word' id='word_1_277' title='bbox 648 3657 886 3713; x_wconf 86' lang='lat' dir='ltr'><strong>humana</strong></span> <span class='ocrx_word' id='word_1_278' title='bbox 911 3654 1171 3729; x_wconf 86' lang='lat' dir='ltr'><strong>fragilitas</strong></span> <span class='ocrx_word' id='word_1_279' title='bbox 1200 3654 1489 3725; x_wconf 79' lang='lat' dir='ltr'><strong>proclivior</strong></span> <span class='ocrx_word' id='word_1_280' title='bbox 1525 3664 1607 3709; x_wconf 89' lang='lat' dir='ltr'><strong>est</strong></span> <span class='ocrx_word' id='word_1_281' title='bbox 1632 3654 1699 3709; x_wconf 87' lang='lat' dir='ltr'><strong>ad</strong></span> 
     </span>
    </p>
   </div>
   <div class='ocr_carea' id='block_1_40' title="bbox 169 3744 1699 3817">
    <p class='ocr_par' dir='ltr' id='par_1_40' title="bbox 169 3744 1699 3817">
     <span class='ocr_line' id='line_1_40' title="bbox 169 3744 1699 3817; baseline 0.001 -20"><span class='ocrx_word' id='word_1_282' title='bbox 169 3752 327 3805; x_wconf 76' lang='lat' dir='ltr'><strong>contra</strong></span> <span class='ocrx_word' id='word_1_283' title='bbox 354 3745 615 3814; x_wconf 82' lang='lat' dir='ltr'><strong>justitiam</strong></span> <span class='ocrx_word' id='word_1_284' title='bbox 644 3747 737 3780; x_wconf 70' lang='grc'><strong>⁸⁸⁸⁸</strong></span> <span class='ocrx_word' id='word_1_285' title='bbox 782 3745 1083 3802; x_wconf 81' lang='lat' dir='ltr'><strong>faciendam</strong></span> <span class='ocrx_word' id='word_1_286' title='bbox 1119 3762 1281 3817; x_wconf 86' lang='lat' dir='ltr'><strong>quam</strong></span> <span class='ocrx_word' id='word_1_287' title='bbox 1326 3747 1394 3801; x_wconf 90' lang='lat' dir='ltr'><strong>ad</strong></span> <span class='ocrx_word' id='word_1_288' title='bbox 1430 3744 1699 3812; x_wconf 85' lang='lat' dir='ltr'><strong>justitiam</strong></span> 
     </span>
    </p>
   </div>
   <div class='ocr_carea' id='block_1_41' title="bbox 171 3834 1702 3907">
    <p class='ocr_par' dir='ltr' id='par_1_41' title="bbox 171 3834 1702 3907">
     <span class='ocr_line' id='line_1_41' title="bbox 171 3834 1702 3907; baseline 0.001 -21"><span class='ocrx_word' id='word_1_289' title='bbox 171 3838 521 3904; x_wconf 70' lang='lat' dir='ltr'><strong>exequendum,</strong></span> <span class='ocrx_word' id='word_1_290' title='bbox 560 3846 614 3893; x_wconf 93' lang='lat' dir='ltr'><strong>et</strong></span> <span class='ocrx_word' id='word_1_291' title='bbox 645 3837 890 3892; x_wconf 85' lang='lat' dir='ltr'><strong>diabolus</strong></span> <span class='ocrx_word' id='word_1_292' title='bbox 938 3851 1150 3907; x_wconf 86' lang='lat' dir='ltr'><strong>semper</strong></span> <span class='ocrx_word' id='word_1_293' title='bbox 1175 3846 1380 3901; x_wconf 87' lang='lat' dir='ltr'><strong>certat,</strong></span> <span class='ocrx_word' id='word_1_294' title='bbox 1411 3844 1471 3890; x_wconf 91' lang='lat' dir='ltr'><strong>ut</strong></span> <span class='ocrx_word' id='word_1_295' title='bbox 1496 3834 1702 3905; x_wconf 80' lang='lat' dir='ltr'><strong>fragili—</strong></span> 
     </span>
    </p>
   </div>
   <div class='ocr_carea' id='block_1_42' title="bbox 175 3924 1702 3997">
    <p class='ocr_par' dir='ltr' id='par_1_42' title="bbox 175 3924 1702 3997">
     <span class='ocr_line' id='line_1_42' title="bbox 175 3924 1702 3997; baseline 0.002 -22"><span class='ocrx_word' id='word_1_296' title='bbox 175 3924 249 3977; x_wconf 79' lang='lat' dir='ltr'><strong>tati</strong></span> <span class='ocrx_word' id='word_1_297' title='bbox 273 3925 505 3987; x_wconf 67' lang='lat' dir='ltr'><strong>humana:</strong></span> <span class='ocrx_word' id='word_1_298' title='bbox 517 3928 697 3991; x_wconf 77' lang='lat' dir='ltr'><strong>oculos</strong></span> <span class='ocrx_word' id='word_1_299' title='bbox 719 3928 914 3983; x_wconf 82' lang='lat' dir='ltr'><strong>mentis</strong></span> <span class='ocrx_word' id='word_1_300' title='bbox 936 3927 1165 3990; x_wconf 85' lang='lat' dir='ltr'><strong>claudat,</strong></span> <span class='ocrx_word' id='word_1_301' title='bbox 1201 3943 1268 3981; x_wconf 90' lang='lat' dir='ltr'><strong>ne</strong></span> <span class='ocrx_word' id='word_1_302' title='bbox 1290 3927 1702 3997; x_wconf 81' lang='lat' dir='ltr'><strong>castigationem</strong></span> 
     </span>
    </p>
   </div>
   <div class='ocr_carea' id='block_1_43' title="bbox 176 4009 1703 4090">
    <p class='ocr_par' dir='ltr' id='par_1_43' title="bbox 176 4009 1703 4090">
     <span class='ocr_line' id='line_1_43' title="bbox 176 4009 1703 4090; baseline 0.001 -21"><span class='ocrx_word' id='word_1_303' title='bbox 176 4009 249 4069; x_wconf 78' lang='lat' dir='ltr'><strong>Dei</strong></span> <span class='ocrx_word' id='word_1_304' title='bbox 267 4015 429 4072; x_wconf 80' lang='lat' dir='ltr'><strong>videat</strong></span> <span class='ocrx_word' id='word_1_305' title='bbox 449 4027 505 4073; x_wconf 92' lang='lat' dir='ltr'><strong>et</strong></span> <span class='ocrx_word' id='word_1_306' title='bbox 533 4018 870 4090; x_wconf 82' lang='lat' dir='ltr'><strong>semetipsam</strong></span> <span class='ocrx_word' id='word_1_307' title='bbox 900 4017 989 4049; x_wconf 80' lang='grc'>¹⁰²¹</span> <span class='ocrx_word' id='word_1_308' title='bbox 1015 4016 1297 4083; x_wconf 87' lang='lat' dir='ltr'><strong>emendet;</strong></span> <span class='ocrx_word' id='word_1_309' title='bbox 1346 4016 1487 4070; x_wconf 90' lang='lat' dir='ltr'><strong>sicut</strong></span> <span class='ocrx_word' id='word_1_310' title='bbox 1509 4016 1577 4070; x_wconf 93' lang='lat' dir='ltr'><strong>ad</strong></span> <span class='ocrx_word' id='word_1_311' title='bbox 1604 4032 1703 4071; x_wconf 92' lang='lat' dir='ltr'><strong>nos</strong></span> 
     </span>
    </p>
   </div>
   <div class='ocr_carea' id='block_1_44' title="bbox 179 4104 1705 4179">
    <p class='ocr_par' dir='ltr' id='par_1_44' title="bbox 179 4104 1705 4179">
     <span class='ocr_line' id='line_1_44' title="bbox 179 4104 1705 4179; baseline 0.002 -26"><span class='ocrx_word' id='word_1_312' title='bbox 179 4114 444 4167; x_wconf 82' lang='lat' dir='ltr'><strong>perventum</strong></span> <span class='ocrx_word' id='word_1_313' title='bbox 472 4114 575 4173; x_wconf 88' lang='lat' dir='ltr'><strong>est,</strong></span> <span class='ocrx_word' id='word_1_314' title='bbox 633 4108 773 4177; x_wconf 85' lang='lat' dir='ltr'><strong>quod</strong></span> <span class='ocrx_word' id='word_1_315' title='bbox 794 4106 886 4139; x_wconf 73' lang='grc'>⁸⁸³⁸</span> <span class='ocrx_word' id='word_1_316' title='bbox 926 4105 1143 4179; x_wconf 86' lang='lat' dir='ltr'><strong>quidam</strong></span> <span class='ocrx_word' id='word_1_317' title='bbox 1195 4105 1338 4160; x_wconf 91' lang='lat' dir='ltr'><strong>leves</strong></span> <span class='ocrx_word' id='word_1_318' title='bbox 1366 4104 1611 4159; x_wconf 89' lang='lat' dir='ltr'><strong>homines</strong></span> <span class='ocrx_word' id='word_1_319' title='bbox 1637 4104 1705 4157; x_wconf 85' lang='lat' dir='ltr'><strong>de</strong></span> 
     </span>
    </p>
   </div>
   <div class='ocr_carea' id='block_1_45' title="bbox 181 4186 1701 4268">
    <p class='ocr_par' dir='ltr' id='par_1_45' title="bbox 181 4186 1701 4268">
     <span class='ocr_line' id='line_1_45' title="bbox 181 4186 1701 4268; baseline 0.005 -27"><span class='ocrx_word' id='word_1_320' title='bbox 181 4190 272 4245; x_wconf 79' lang='lat' dir='ltr'><strong>istis</strong></span> <span class='ocrx_word' id='word_1_321' title='bbox 297 4186 624 4253; x_wconf 72' lang='lat' dir='ltr'><strong>comitatibus</strong></span> <span class='ocrx_word' id='word_1_322' title='bbox 668 4198 756 4268; x_wconf 89' lang='lat' dir='ltr'><strong>qui</strong></span> <span class='ocrx_word' id='word_1_323' title='bbox 796 4196 1057 4251; x_wconf 83' lang='lat' dir='ltr'><strong>devastati</strong></span> <span class='ocrx_word' id='word_1_324' title='bbox 1096 4203 1222 4251; x_wconf 90' lang='lat' dir='ltr'><strong>sunt</strong></span> <span class='ocrx_word' id='word_1_325' title='bbox 1258 4211 1289 4249; x_wconf 86' lang='lat' dir='ltr'><strong>a</strong></span> <span class='ocrx_word' id='word_1_326' title='bbox 1336 4193 1701 4259; x_wconf 86' lang='lat' dir='ltr'><strong>Nortmannis,</strong></span> 
     </span>
    </p>
   </div>
   <div class='ocr_carea' id='block_1_46' title="bbox 180 4277 1704 4357">
    <p class='ocr_par' dir='ltr' id='par_1_46' title="bbox 180 4277 1704 4357">
     <span class='ocr_line' id='line_1_46' title="bbox 180 4277 1704 4357; baseline 0.001 -21"><span class='ocrx_word' id='word_1_327' title='bbox 180 4277 221 4331; x_wconf 84' lang='lat' dir='ltr'><strong>iu</strong></span> <span class='ocrx_word' id='word_1_328' title='bbox 244 4283 413 4351; x_wconf 84' lang='lat' dir='ltr'><strong>quibus</strong></span> <span class='ocrx_word' id='word_1_329' title='bbox 446 4302 533 4342; x_wconf 90' lang='lat' dir='ltr'><strong>res</strong></span> <span class='ocrx_word' id='word_1_330' title='bbox 555 4296 610 4340; x_wconf 92' lang='lat' dir='ltr'><strong>et</strong></span> <span class='ocrx_word' id='word_1_331' title='bbox 638 4287 897 4357; x_wconf 85' lang='lat' dir='ltr'><strong>mancipia</strong></span> <span class='ocrx_word' id='word_1_332' title='bbox 930 4294 985 4341; x_wconf 90' lang='lat' dir='ltr'><strong>et</strong></span> <span class='ocrx_word' id='word_1_333' title='bbox 1008 4286 1195 4341; x_wconf 82' lang='lat' dir='ltr'><strong>domos</strong></span> <span class='ocrx_word' id='word_1_334' title='bbox 1220 4284 1547 4350; x_wconf 89' lang='lat' dir='ltr'><strong>habuerunt,</strong></span> <span class='ocrx_word' id='word_1_335' title='bbox 1577 4286 1704 4354; x_wconf 86' lang='lat' dir='ltr'><strong>quia</strong></span> 
     </span>
    </p>
   </div>
   <div class='ocr_carea' id='block_1_47' title="bbox 1799 490 3380 571">
    <p class='ocr_par' dir='ltr' id='par_1_47' title="bbox 1799 490 3380 571">
     <span class='ocr_line' id='line_1_47' title="bbox 1799 490 3380 571; baseline 0.01 -31"><span class='ocrx_word' id='word_1_336' title='bbox 1799 490 2044 545; x_wconf 86' lang='lat' dir='ltr'><strong>mannire</strong></span> <span class='ocrx_word' id='word_1_337' title='bbox 2052 491 2264 559; x_wconf 73' lang='lat' dir='ltr'><strong>iubeat.</strong></span> <span class='ocrx_word' id='word_1_338' title='bbox 2311 493 2381 549; x_wconf 80' lang='lat' dir='ltr'><strong>Et</strong></span> <span class='ocrx_word' id='word_1_339' title='bbox 2402 496 2658 564; x_wconf 65' lang='lat' dir='ltr'><strong>quouhm</strong></span> <span class='ocrx_word' id='word_1_340' title='bbox 2694 497 2778 551; x_wconf 75' lang='lat' dir='ltr'><strong>lex</strong></span> <span class='ocrx_word' id='word_1_341' title='bbox 2798 514 3062 554; x_wconf 82' lang='lat' dir='ltr'><strong>consensu</strong></span> <span class='ocrx_word' id='word_1_342' title='bbox 3092 502 3268 571; x_wconf 89' lang='lat' dir='ltr'><strong>populi</strong></span> <span class='ocrx_word' id='word_1_343' title='bbox 3320 506 3380 557; x_wconf 87' lang='lat' dir='ltr'><strong>tlt</strong></span> 
     </span>
    </p>
   </div>
   <div class='ocr_carea' id='block_1_48' title="bbox 1799 581 3377 657">
    <p class='ocr_par' dir='ltr' id='par_1_48' title="bbox 1799 581 3377 657">
     <span class='ocr_line' id='line_1_48' title="bbox 1799 581 3377 657; baseline 0.01 -26"><span class='ocrx_word' id='word_1_344' title='bbox 1799 587 1857 632; x_wconf 90' lang='lat' dir='ltr'><strong>et</strong></span> <span class='ocrx_word' id='word_1_345' title='bbox 1893 581 2278 638; x_wconf 85' lang='lat' dir='ltr'><strong>constitutione</strong></span> <span class='ocrx_word' id='word_1_346' title='bbox 2319 586 2495 653; x_wconf 85' lang='lat' dir='ltr'><strong>regis,</strong></span> <span class='ocrx_word' id='word_1_347' title='bbox 2545 586 2739 641; x_wconf 84' lang='lat' dir='ltr'><strong>Franci</strong></span> <span class='ocrx_word' id='word_1_348' title='bbox 2770 587 2958 657; x_wconf 86' lang='lat' dir='ltr'><strong>jurare</strong></span> <span class='ocrx_word' id='word_1_349' title='bbox 3005 591 3235 645; x_wconf 89' lang='lat' dir='ltr'><strong>debeant</strong></span> <span class='ocrx_word' id='word_1_350' title='bbox 3259 592 3377 654; x_wconf 62' lang='lat' dir='ltr'><strong>m’.</strong></span> 
     </span>
    </p>
   </div>
   <div class='ocr_carea' id='block_1_49' title="bbox 1799 670 3377 744">
    <p class='ocr_par' dir='ltr' id='par_1_49' title="bbox 1799 670 3377 744">
     <span class='ocr_line' id='line_1_49' title="bbox 1799 670 3377 744; baseline 0.009 -22"><span class='ocrx_word' id='word_1_351' title='bbox 1799 670 1923 738; x_wconf 83' lang='lat' dir='ltr'><strong>quia</strong></span> <span class='ocrx_word' id='word_1_352' title='bbox 1952 674 2246 726; x_wconf 91' lang='lat' dir='ltr'><strong>secundum</strong></span> <span class='ocrx_word' id='word_1_353' title='bbox 2295 676 2502 744; x_wconf 79' lang='lat' dir='ltr'><strong>regium</strong></span> <span class='ocrx_word' id='word_1_354' title='bbox 2555 679 2870 733; x_wconf 88' lang='lat' dir='ltr'><strong>mandatum</strong></span> <span class='ocrx_word' id='word_1_355' title='bbox 2917 688 3162 734; x_wconf 88' lang='lat' dir='ltr'><strong>nostrum</strong></span> <span class='ocrx_word' id='word_1_356' title='bbox 3187 681 3281 715; x_wconf 74' lang='lat' dir='ltr'><strong>m&#39;</strong></span> <span class='ocrx_word' id='word_1_357' title='bbox 3308 685 3377 737; x_wconf 88' lang='lat' dir='ltr'><strong>ad</strong></span> 
     </span>
    </p>
   </div>
   <div class='ocr_carea' id='block_1_50' title="bbox 1791 758 3380 839">
    <p class='ocr_par' dir='ltr' id='par_1_50' title="bbox 1791 758 3380 839">
     <span class='ocr_line' id='line_1_50' title="bbox 1791 758 3380 839; baseline 0.008 -26"><span class='ocrx_word' id='word_1_358' title='bbox 1791 758 2054 829; x_wconf 79' lang='lat' dir='ltr'><strong>justitiam</strong></span> <span class='ocrx_word' id='word_1_359' title='bbox 2083 764 2405 819; x_wconf 84' lang='lat' dir='ltr'><strong>reddendam</strong></span> <span class='ocrx_word' id='word_1_360' title='bbox 2439 767 2520 821; x_wconf 88' lang='lat' dir='ltr'><strong>vel</strong></span> <span class='ocrx_word' id='word_1_361' title='bbox 2549 762 2847 822; x_wconf 80' lang='lat' dir='ltr'><strong>faciendam</strong></span> <span class='ocrx_word' id='word_1_362' title='bbox 2896 768 3103 839; x_wconf 79' lang='lat' dir='ltr'><strong>legibus</strong></span> <span class='ocrx_word' id='word_1_363' title='bbox 3128 771 3220 803; x_wconf 64' lang='grc' dir='ltr'><strong>Μ’</strong></span> <span class='ocrx_word' id='word_1_364' title='bbox 3249 772 3380 826; x_wconf 88' lang='lat' dir='ltr'><strong>ban-</strong></span> 
     </span>
    </p>
   </div>
   <div class='ocr_carea' id='block_1_51' title="bbox 1801 851 3381 929">
    <p class='ocr_par' dir='ltr' id='par_1_51' title="bbox 1801 851 3381 929">
     <span class='ocr_line' id='line_1_51' title="bbox 1801 851 3381 929; baseline 0.007 -24"><span class='ocrx_word' id='word_1_365' title='bbox 1801 851 1951 905; x_wconf 88' lang='lat' dir='ltr'><strong>nitus</strong></span> <span class='ocrx_word' id='word_1_366' title='bbox 1969 852 2050 906; x_wconf 90' lang='lat' dir='ltr'><strong>vel</strong></span> <span class='ocrx_word' id='word_1_367' title='bbox 2080 854 2352 910; x_wconf 88' lang='lat' dir='ltr'><strong>ntaunittts</strong></span> <span class='ocrx_word' id='word_1_368' title='bbox 2389 855 2527 922; x_wconf 87' lang='lat' dir='ltr'><strong>fuit;</strong></span> <span class='ocrx_word' id='word_1_369' title='bbox 2575 868 2630 913; x_wconf 91' lang='lat' dir='ltr'><strong>et</strong></span> <span class='ocrx_word' id='word_1_370' title='bbox 2659 859 2738 913; x_wconf 87' lang='lat' dir='ltr'><strong>sic</strong></span> <span class='ocrx_word' id='word_1_371' title='bbox 2786 860 2914 927; x_wconf 73' lang='lat' dir='ltr'><strong>ipsa:</strong></span> <span class='ocrx_word' id='word_1_372' title='bbox 2949 875 3035 915; x_wconf 86' lang='lat' dir='ltr'><strong>res</strong></span> <span class='ocrx_word' id='word_1_373' title='bbox 3074 861 3149 915; x_wconf 90' lang='lat' dir='ltr'><strong>illi</strong></span> <span class='ocrx_word' id='word_1_374' title='bbox 3176 860 3381 929; x_wconf 68' lang='lat' dir='ltr'><strong>“&quot;ju-</strong></span> 
     </span>
    </p>
   </div>
   <div class='ocr_carea' id='block_1_52' title="bbox 1801 940 3381 1014">
    <p class='ocr_par' dir='ltr' id='par_1_52' title="bbox 1801 940 3381 1014">
     <span class='ocr_line' id='line_1_52' title="bbox 1801 940 3381 1014; baseline 0.008 -21"><span class='ocrx_word' id='word_1_375' title='bbox 1801 940 1941 995; x_wconf 91' lang='lat' dir='ltr'><strong>dicio</strong></span> <span class='ocrx_word' id='word_1_376' title='bbox 1984 943 2345 997; x_wconf 86' lang='lat' dir='ltr'><strong>scabiniorum</strong></span> <span class='ocrx_word' id='word_1_377' title='bbox 2400 944 2452 999; x_wconf 91' lang='lat' dir='ltr'><strong>in</strong></span> <span class='ocrx_word' id='word_1_378' title='bbox 2487 946 2725 1001; x_wconf 78' lang='lat' dir='ltr'><strong>bannum</strong></span> <span class='ocrx_word' id='word_1_379' title='bbox 2764 948 3067 1014; x_wconf 78' lang='lat' dir='ltr'><strong>mittantur,</strong></span> <span class='ocrx_word' id='word_1_380' title='bbox 3115 958 3170 1006; x_wconf 86' lang='lat' dir='ltr'><strong>et</strong></span> <span class='ocrx_word' id='word_1_381' title='bbox 3206 951 3250 1004; x_wconf 90' lang='lat' dir='ltr'><strong>si</strong></span> <span class='ocrx_word' id='word_1_382' title='bbox 3285 967 3381 1006; x_wconf 84' lang='lat' dir='ltr'><strong>no-</strong></span> 
     </span>
    </p>
   </div>
   <div class='ocr_carea' id='block_1_53' title="bbox 1799 1027 3379 1106">
    <p class='ocr_par' dir='ltr' id='par_1_53' title="bbox 1799 1027 3379 1106">
     <span class='ocr_line' id='line_1_53' title="bbox 1799 1027 3379 1106; baseline 0.008 -25"><span class='ocrx_word' id='word_1_383' title='bbox 1799 1040 1954 1083; x_wconf 89' lang='lat' dir='ltr'><strong>cesse</strong></span> <span class='ocrx_word' id='word_1_384' title='bbox 1977 1027 2160 1093; x_wconf 82' lang='lat' dir='ltr'><strong>fuerit,</strong></span> <span class='ocrx_word' id='word_1_385' title='bbox 2216 1030 2329 1097; x_wconf 84' lang='lat' dir='ltr'><strong>ipse</strong></span> <span class='ocrx_word' id='word_1_386' title='bbox 2355 1031 2408 1085; x_wconf 88' lang='lat' dir='ltr'><strong>in</strong></span> <span class='ocrx_word' id='word_1_387' title='bbox 2434 1030 2757 1087; x_wconf 81' lang='lat' dir='ltr'><strong>ferbannum</strong></span> <span class='ocrx_word' id='word_1_388' title='bbox 2797 1036 3041 1090; x_wconf 87' lang='lat' dir='ltr'><strong>mittatur</strong></span> <span class='ocrx_word' id='word_1_389' title='bbox 3069 1038 3164 1106; x_wconf 88' lang='lat' dir='ltr'><strong>qui</strong></span> <span class='ocrx_word' id='word_1_390' title='bbox 3193 1037 3284 1078; x_wconf 65' lang='grc'>⁸⁸³⁸</span> <span class='ocrx_word' id='word_1_391' title='bbox 3310 1039 3379 1093; x_wconf 84' lang='lat' dir='ltr'><strong>ad</strong></span> 
     </span>
    </p>
   </div>
   <div class='ocr_carea' id='block_1_54' title="bbox 1794 1116 3381 1186">
    <p class='ocr_par' dir='ltr' id='par_1_54' title="bbox 1794 1116 3381 1186">
     <span class='ocr_line' id='line_1_54' title="bbox 1794 1116 3381 1186; baseline 0.004 -13"><span class='ocrx_word' id='word_1_392' title='bbox 1794 1116 2061 1186; x_wconf 83' lang='lat' dir='ltr'><strong>justitiam</strong></span> <span class='ocrx_word' id='word_1_393' title='bbox 2090 1120 2415 1175; x_wconf 84' lang='lat' dir='ltr'><strong>reddendam</strong></span> <span class='ocrx_word' id='word_1_394' title='bbox 2438 1121 2638 1177; x_wconf 74' lang='lat' dir='ltr'><strong>venire</strong></span> <span class='ocrx_word' id='word_1_395' title='bbox 2670 1124 2921 1179; x_wconf 79' lang='lat' dir='ltr'><strong>noluerit.</strong></span> <span class='ocrx_word' id='word_1_396' title='bbox 2965 1126 3026 1180; x_wconf 85' lang='lat' dir='ltr'><strong>Et</strong></span> <span class='ocrx_word' id='word_1_397' title='bbox 3050 1127 3263 1181; x_wconf 85' lang='lat' dir='ltr'><strong>manch</strong></span> <span class='ocrx_word' id='word_1_398' title='bbox 3289 1142 3381 1180; x_wconf 82' lang='lat' dir='ltr'><strong>eo-</strong></span> 
     </span>
    </p>
   </div>
   <div class='ocr_carea' id='block_1_55' title="bbox 1802 1209 3380 1283">
    <p class='ocr_par' dir='ltr' id='par_1_55' title="bbox 1802 1209 3380 1283">
     <span class='ocr_line' id='line_1_55' title="bbox 1802 1209 3380 1283; baseline 0.004 -20"><span class='ocrx_word' id='word_1_399' title='bbox 1802 1222 1917 1263; x_wconf 91' lang='lat' dir='ltr'><strong>mes</strong></span> <span class='ocrx_word' id='word_1_400' title='bbox 1942 1209 2033 1278; x_wconf 92' lang='lat' dir='ltr'><strong>qui</strong></span> <span class='ocrx_word' id='word_1_401' title='bbox 2065 1212 2167 1264; x_wconf 90' lang='lat' dir='ltr'><strong>hoc</strong></span> <span class='ocrx_word' id='word_1_402' title='bbox 2194 1220 2454 1266; x_wconf 80' lang='lat' dir='ltr'><strong>executus</strong></span> <span class='ocrx_word' id='word_1_403' title='bbox 2475 1210 2595 1275; x_wconf 90' lang='lat' dir='ltr'><strong>fuit,</strong></span> <span class='ocrx_word' id='word_1_404' title='bbox 2639 1214 2793 1268; x_wconf 82' lang='lat' dir='ltr'><strong>alteri</strong></span> <span class='ocrx_word' id='word_1_405' title='bbox 2824 1214 3007 1269; x_wconf 85' lang='lat' dir='ltr'><strong>comiti</strong></span> <span class='ocrx_word' id='word_1_406' title='bbox 3037 1216 3090 1269; x_wconf 92' lang='lat' dir='ltr'><strong>in</strong></span> <span class='ocrx_word' id='word_1_407' title='bbox 3112 1214 3265 1283; x_wconf 83' lang='lat' dir='ltr'><strong>cujus</strong></span> <span class='ocrx_word' id='word_1_408' title='bbox 3288 1232 3380 1270; x_wconf 86' lang='lat' dir='ltr'><strong>co-</strong></span> 
     </span>
    </p>
   </div>
   <div class='ocr_carea' id='block_1_56' title="bbox 1802 1302 3379 1374">
    <p class='ocr_par' dir='ltr' id='par_1_56' title="bbox 1802 1302 3379 1374">
     <span class='ocr_line' id='line_1_56' title="bbox 1802 1302 3379 1374; baseline 0.004 -20"><span class='ocrx_word' id='word_1_409' title='bbox 1802 1302 1994 1355; x_wconf 86' lang='lat' dir='ltr'><strong>mitatu</strong></span> <span class='ocrx_word' id='word_1_410' title='bbox 2020 1316 2108 1356; x_wconf 85' lang='lat' dir='ltr'><strong>res</strong></span> <span class='ocrx_word' id='word_1_411' title='bbox 2134 1310 2189 1357; x_wconf 87' lang='lat' dir='ltr'><strong>et</strong></span> <span class='ocrx_word' id='word_1_412' title='bbox 2215 1304 2479 1373; x_wconf 86' lang='lat' dir='ltr'><strong>mancipia</strong></span> <span class='ocrx_word' id='word_1_413' title='bbox 2506 1303 2700 1369; x_wconf 87' lang='lat' dir='ltr'><strong>habet,</strong></span> <span class='ocrx_word' id='word_1_414' title='bbox 2733 1305 2862 1374; x_wconf 86' lang='lat' dir='ltr'><strong>quid</strong></span> <span class='ocrx_word' id='word_1_415' title='bbox 2911 1305 3035 1360; x_wconf 87' lang='lat' dir='ltr'><strong>inde</strong></span> <span class='ocrx_word' id='word_1_416' title='bbox 3056 1305 3257 1360; x_wconf 88' lang='lat' dir='ltr'><strong>factum</strong></span> <span class='ocrx_word' id='word_1_417' title='bbox 3285 1307 3379 1361; x_wconf 84' lang='lat' dir='ltr'><strong>ha-</strong></span> 
     </span>
    </p>
   </div>
   <div class='ocr_carea' id='block_1_57' title="bbox 1803 1395 3380 1467">
    <p class='ocr_par' dir='ltr' id='par_1_57' title="bbox 1803 1395 3380 1467">
     <span class='ocr_line' id='line_1_57' title="bbox 1803 1395 3380 1467; baseline 0.003 -19"><span class='ocrx_word' id='word_1_418' title='bbox 1803 1395 1960 1459; x_wconf 87' lang='lat' dir='ltr'><strong>beat;</strong></span> <span class='ocrx_word' id='word_1_419' title='bbox 1994 1401 2048 1448; x_wconf 91' lang='lat' dir='ltr'><strong>et</strong></span> <span class='ocrx_word' id='word_1_420' title='bbox 2073 1408 2139 1448; x_wconf 77' lang='lat' dir='ltr'><strong>ex</strong></span> <span class='ocrx_word' id='word_1_421' title='bbox 2171 1404 2356 1449; x_wconf 90' lang='lat' dir='ltr'><strong>nostro</strong></span> <span class='ocrx_word' id='word_1_422' title='bbox 2379 1395 2540 1451; x_wconf 83' lang='lat' dir='ltr'><strong>verbo</strong></span> <span class='ocrx_word' id='word_1_423' title='bbox 2568 1395 2642 1448; x_wconf 82' lang='lat' dir='ltr'><strong>illi</strong></span> <span class='ocrx_word' id='word_1_424' title='bbox 2674 1395 2913 1461; x_wconf 83' lang='lat' dir='ltr'><strong>mandet,</strong></span> <span class='ocrx_word' id='word_1_425' title='bbox 2938 1405 2997 1451; x_wconf 90' lang='lat' dir='ltr'><strong>nt</strong></span> <span class='ocrx_word' id='word_1_426' title='bbox 3024 1410 3121 1467; x_wconf 89' lang='lat' dir='ltr'><strong>per</strong></span> <span class='ocrx_word' id='word_1_427' title='bbox 3144 1397 3230 1451; x_wconf 89' lang='lat' dir='ltr'><strong>illa</strong></span> <span class='ocrx_word' id='word_1_428' title='bbox 3258 1412 3380 1467; x_wconf 70' lang='lat' dir='ltr'><strong>quas</strong></span> 
     </span>
    </p>
   </div>
   <div class='ocr_carea' id='block_1_58' title="bbox 1804 1483 3380 1555">
    <p class='ocr_par' dir='ltr' id='par_1_58' title="bbox 1804 1483 3380 1555">
     <span class='ocr_line' id='line_1_58' title="bbox 1804 1483 3380 1555; baseline 0.003 -18"><span class='ocrx_word' id='word_1_429' title='bbox 1804 1483 1857 1538; x_wconf 92' lang='lat' dir='ltr'><strong>in</strong></span> <span class='ocrx_word' id='word_1_430' title='bbox 1882 1497 1981 1538; x_wconf 88' lang='lat' dir='ltr'><strong>suo</strong></span> <span class='ocrx_word' id='word_1_431' title='bbox 2005 1484 2262 1539; x_wconf 90' lang='lat' dir='ltr'><strong>comitatu</strong></span> <span class='ocrx_word' id='word_1_432' title='bbox 2290 1485 2466 1548; x_wconf 71' lang='lat' dir='ltr'><strong>habet,</strong></span> <span class='ocrx_word' id='word_1_433' title='bbox 2498 1484 2645 1538; x_wconf 92' lang='lat' dir='ltr'><strong>illum</strong></span> <span class='ocrx_word' id='word_1_434' title='bbox 2669 1485 2978 1555; x_wconf 85' lang='lat' dir='ltr'><strong>distringat,</strong></span> <span class='ocrx_word' id='word_1_435' title='bbox 3025 1486 3380 1555; x_wconf 77' lang='lat' dir='ltr'><strong>quatenusad</strong></span> 
     </span>
    </p>
   </div>
   <div class='ocr_carea' id='block_1_59' title="bbox 1798 1576 3381 1648">
    <p class='ocr_par' dir='ltr' id='par_1_59' title="bbox 1798 1576 3381 1648">
     <span class='ocr_line' id='line_1_59' title="bbox 1798 1576 3381 1648; baseline 0.003 -17"><span class='ocrx_word' id='word_1_436' title='bbox 1798 1576 2064 1648; x_wconf 87' lang='lat' dir='ltr'><strong>justitiam</strong></span> <span class='ocrx_word' id='word_1_437' title='bbox 2106 1578 2431 1633; x_wconf 87' lang='lat' dir='ltr'><strong>reddendam</strong></span> <span class='ocrx_word' id='word_1_438' title='bbox 2456 1579 2547 1611; x_wconf 79' lang='grc'><strong>¹⁰³²</strong></span> <span class='ocrx_word' id='word_1_439' title='bbox 2571 1578 2666 1633; x_wconf 70' lang='grc' dir='ltr'><strong>νει»</strong></span> <span class='ocrx_word' id='word_1_440' title='bbox 2693 1578 2990 1634; x_wconf 85' lang='lat' dir='ltr'><strong>faciendam</strong></span> <span class='ocrx_word' id='word_1_441' title='bbox 3020 1579 3075 1635; x_wconf 92' lang='lat' dir='ltr'><strong>in</strong></span> <span class='ocrx_word' id='word_1_442' title='bbox 3101 1594 3259 1635; x_wconf 90' lang='lat' dir='ltr'><strong>suum</strong></span> <span class='ocrx_word' id='word_1_443' title='bbox 3288 1594 3381 1636; x_wconf 87' lang='lat' dir='ltr'><strong>oo-</strong></span> 
     </span>
    </p>
   </div>
   <div class='ocr_carea' id='block_1_60' title="bbox 1805 1669 2289 1735">
    <p class='ocr_par' dir='ltr' id='par_1_60' title="bbox 1805 1669 2289 1735">
     <span class='ocr_line' id='line_1_60' title="bbox 1805 1669 2289 1735; baseline 0.006 -14"><span class='ocrx_word' id='word_1_444' title='bbox 1805 1669 2053 1723; x_wconf 77' lang='lat' dir='ltr'><strong>niitatum</strong></span> <span class='ocrx_word' id='word_1_445' title='bbox 2087 1673 2289 1735; x_wconf 74' lang='lat' dir='ltr'><strong>redeat,</strong></span> 
     </span>
    </p>
   </div>
   <div class='ocr_carea' id='block_1_61' title="bbox 1730 1730 3384 1831">
    <p class='ocr_par' dir='ltr' id='par_1_61' title="bbox 1730 1730 3384 1831">
     <span class='ocr_line' id='line_1_61' title="bbox 1730 1730 3384 1831; baseline 0 -18"><span class='ocrx_word' id='word_1_446' title='bbox 1730 1730 1771 1787; x_wconf 72' lang='grc' dir='ltr'><strong><em>Β</em></strong></span> <span class='ocrx_word' id='word_1_447' title='bbox 1871 1759 1925 1813; x_wconf 87' lang='lat'><strong>7.</strong></span> <span class='ocrx_word' id='word_1_448' title='bbox 1963 1730 2281 1813; x_wconf 76' lang='lat' dir='ltr'><strong>Audivimus</strong></span> <span class='ocrx_word' id='word_1_449' title='bbox 2313 1759 2513 1825; x_wconf 88' lang='lat' dir='ltr'><strong>etiam,</strong></span> <span class='ocrx_word' id='word_1_450' title='bbox 2556 1761 2680 1829; x_wconf 83' lang='lat' dir='ltr'><strong>quia</strong></span> <span class='ocrx_word' id='word_1_451' title='bbox 2709 1760 3011 1831; x_wconf 73' lang='lat' dir='ltr'><strong>huiusmodi</strong></span> <span class='ocrx_word' id='word_1_452' title='bbox 3042 1760 3188 1815; x_wconf 87' lang='lat' dir='ltr'><strong>leves</strong></span> <span class='ocrx_word' id='word_1_453' title='bbox 3206 1759 3384 1815; x_wconf 85' lang='lat' dir='ltr'><strong>homi-</strong></span> 
     </span>
    </p>
   </div>
   <div class='ocr_carea' id='block_1_62' title="bbox 1802 1850 3388 1921">
    <p class='ocr_par' dir='ltr' id='par_1_62' title="bbox 1802 1850 3388 1921">
     <span class='ocr_line' id='line_1_62' title="bbox 1802 1850 3388 1921; baseline 0.001 -18"><span class='ocrx_word' id='word_1_454' title='bbox 1802 1865 1899 1904; x_wconf 89' lang='lat' dir='ltr'><strong>nes</strong></span> <span class='ocrx_word' id='word_1_455' title='bbox 1928 1851 1981 1905; x_wconf 90' lang='lat' dir='ltr'><strong>in</strong></span> <span class='ocrx_word' id='word_1_456' title='bbox 2012 1850 2133 1905; x_wconf 82' lang='lat' dir='ltr'><strong>aliis</strong></span> <span class='ocrx_word' id='word_1_457' title='bbox 2165 1851 2508 1905; x_wconf 84' lang='lat' dir='ltr'><strong>comitatibus</strong></span> <span class='ocrx_word' id='word_1_458' title='bbox 2537 1853 2962 1921; x_wconf 69' lang='lat' dir='ltr'><strong>depraedationes</strong></span> <span class='ocrx_word' id='word_1_459' title='bbox 2989 1862 3045 1907; x_wconf 89' lang='lat' dir='ltr'><strong>et</strong></span> <span class='ocrx_word' id='word_1_460' title='bbox 3092 1850 3388 1919; x_wconf 84' lang='lat' dir='ltr'><strong>injustitias</strong></span> 
     </span>
    </p>
   </div>
   <div class='ocr_carea' id='block_1_63' title="bbox 1799 1940 3385 2011">
    <p class='ocr_par' dir='ltr' id='par_1_63' title="bbox 1799 1940 3385 2011">
     <span class='ocr_line' id='line_1_63' title="bbox 1799 1940 3385 2011; baseline 0 -16"><span class='ocrx_word' id='word_1_461' title='bbox 1799 1940 2022 2006; x_wconf 86' lang='lat' dir='ltr'><strong>faciant,</strong></span> <span class='ocrx_word' id='word_1_462' title='bbox 2063 1952 2120 1996; x_wconf 93' lang='lat' dir='ltr'><strong>et</strong></span> <span class='ocrx_word' id='word_1_463' title='bbox 2143 1942 2210 1995; x_wconf 86' lang='lat' dir='ltr'><strong>ad</strong></span> <span class='ocrx_word' id='word_1_464' title='bbox 2243 1941 2390 1996; x_wconf 85' lang='lat' dir='ltr'><strong>illum</strong></span> <span class='ocrx_word' id='word_1_465' title='bbox 2420 1943 2733 1997; x_wconf 87' lang='lat' dir='ltr'><strong>comitatum</strong></span> <span class='ocrx_word' id='word_1_466' title='bbox 2775 1943 2827 1997; x_wconf 92' lang='lat' dir='ltr'><strong>in</strong></span> <span class='ocrx_word' id='word_1_467' title='bbox 2867 1957 2975 2011; x_wconf 94' lang='lat' dir='ltr'><strong>quo</strong></span> <span class='ocrx_word' id='word_1_468' title='bbox 3012 1949 3385 2007; x_wconf 81' lang='lat' dir='ltr'><strong>commanent,</strong></span> 
     </span>
    </p>
   </div>
   <div class='ocr_carea' id='block_1_64' title="bbox 1766 2029 3381 2100">
    <p class='ocr_par' dir='ltr' id='par_1_64' title="bbox 1766 2029 3381 2100">
     <span class='ocr_line' id='line_1_64' title="bbox 1766 2029 3381 2100; baseline -0.003 -14"><span class='ocrx_word' id='word_1_469' title='bbox 1766 2046 1773 2051; x_wconf 89' lang='lat'>&#39;</span> <span class='ocrx_word' id='word_1_470' title='bbox 1799 2040 1854 2086; x_wconf 89' lang='lat' dir='ltr'><strong>et</strong></span> <span class='ocrx_word' id='word_1_471' title='bbox 1882 2032 1935 2086; x_wconf 92' lang='lat' dir='ltr'><strong>iu</strong></span> <span class='ocrx_word' id='word_1_472' title='bbox 1966 2047 2074 2100; x_wconf 88' lang='lat' dir='ltr'><strong>quo</strong></span> <span class='ocrx_word' id='word_1_473' title='bbox 2105 2030 2223 2084; x_wconf 88' lang='lat' dir='ltr'><strong>illas</strong></span> <span class='ocrx_word' id='word_1_474' title='bbox 2251 2031 2486 2085; x_wconf 84' lang='lat' dir='ltr'><strong>malitias</strong></span> <span class='ocrx_word' id='word_1_475' title='bbox 2534 2048 2640 2086; x_wconf 89' lang='lat' dir='ltr'><strong>non</strong></span> <span class='ocrx_word' id='word_1_476' title='bbox 2690 2032 2916 2092; x_wconf 86' lang='lat' dir='ltr'><strong>faciunt,</strong></span> <span class='ocrx_word' id='word_1_477' title='bbox 2969 2029 3130 2086; x_wconf 81' lang='lat' dir='ltr'><strong>factis</strong></span> <span class='ocrx_word' id='word_1_478' title='bbox 3158 2029 3381 2085; x_wconf 87' lang='lat' dir='ltr'><strong>malitiis</strong></span> 
     </span>
    </p>
   </div>
   <div class='ocr_carea' id='block_1_65' title="bbox 1801 2121 3381 2178">
    <p class='ocr_par' dir='ltr' id='par_1_65' title="bbox 1801 2121 3381 2178">
     <span class='ocr_line' id='line_1_65' title="bbox 1801 2121 3381 2178; baseline -0.001 -3"><span class='ocrx_word' id='word_1_479' title='bbox 1801 2122 1854 2176; x_wconf 91' lang='lat' dir='ltr'><strong>in</strong></span> <span class='ocrx_word' id='word_1_480' title='bbox 1877 2121 1996 2175; x_wconf 83' lang='lat' dir='ltr'><strong>aliis</strong></span> <span class='ocrx_word' id='word_1_481' title='bbox 2013 2121 2358 2178; x_wconf 86' lang='lat' dir='ltr'><strong>comitatibus</strong></span> <span class='ocrx_word' id='word_1_482' title='bbox 2382 2123 2683 2177; x_wconf 87' lang='lat' dir='ltr'><strong>reveniunt.</strong></span> <span class='ocrx_word' id='word_1_483' title='bbox 2713 2122 2863 2178; x_wconf 90' lang='lat' dir='ltr'><strong>Unde</strong></span> <span class='ocrx_word' id='word_1_484' title='bbox 2884 2122 3200 2177; x_wconf 85' lang='lat' dir='ltr'><strong>mandamus</strong></span> <span class='ocrx_word' id='word_1_485' title='bbox 3218 2121 3381 2175; x_wconf 69' lang='lat' dir='ltr'><strong>etm&#39;</strong></span> 
     </span>
    </p>
   </div>
   <div class='ocr_carea' id='block_1_66' title="bbox 1800 2207 3380 2279">
    <p class='ocr_par' dir='ltr' id='par_1_66' title="bbox 1800 2207 3380 2279">
     <span class='ocr_line' id='line_1_66' title="bbox 1800 2207 3380 2279; baseline -0.001 -14"><span class='ocrx_word' id='word_1_486' title='bbox 1800 2210 2095 2265; x_wconf 84' lang='lat' dir='ltr'><strong>comitibus</strong></span> <span class='ocrx_word' id='word_1_487' title='bbox 2144 2211 2342 2265; x_wconf 90' lang='lat' dir='ltr'><strong>nostris</strong></span> <span class='ocrx_word' id='word_1_488' title='bbox 2377 2226 2632 2279; x_wconf 74' lang='lat' dir='ltr'><strong>expresse</strong></span> <span class='ocrx_word' id='word_1_489' title='bbox 2685 2208 3167 2279; x_wconf 69' lang='lat' dir='ltr'><strong>pra-cipimus‘m,</strong></span> <span class='ocrx_word' id='word_1_490' title='bbox 3220 2216 3276 2261; x_wconf 91' lang='lat' dir='ltr'><strong>ut</strong></span> <span class='ocrx_word' id='word_1_491' title='bbox 3303 2207 3380 2263; x_wconf 89' lang='lat' dir='ltr'><strong>illi</strong></span> 
     </span>
    </p>
   </div>
   <div class='ocr_carea' id='block_1_67' title="bbox 1799 2300 3383 2370">
    <p class='ocr_par' dir='ltr' id='par_1_67' title="bbox 1799 2300 3383 2370">
     <span class='ocr_line' id='line_1_67' title="bbox 1799 2300 3383 2370; baseline -0.001 -14"><span class='ocrx_word' id='word_1_492' title='bbox 1799 2302 2025 2356; x_wconf 89' lang='lat' dir='ltr'><strong>comites</strong></span> <span class='ocrx_word' id='word_1_493' title='bbox 2054 2302 2105 2355; x_wconf 92' lang='lat' dir='ltr'><strong>iu</strong></span> <span class='ocrx_word' id='word_1_494' title='bbox 2134 2316 2373 2369; x_wconf 85' lang='lat' dir='ltr'><strong>quorum</strong></span> <span class='ocrx_word' id='word_1_495' title='bbox 2395 2302 2740 2356; x_wconf 86' lang='lat' dir='ltr'><strong>comitatibus</strong></span> <span class='ocrx_word' id='word_1_496' title='bbox 2791 2301 2925 2356; x_wconf 82' lang='lat' dir='ltr'><strong>tales</strong></span> <span class='ocrx_word' id='word_1_497' title='bbox 2955 2301 3198 2357; x_wconf 89' lang='lat' dir='ltr'><strong>homines</strong></span> <span class='ocrx_word' id='word_1_498' title='bbox 3220 2300 3383 2370; x_wconf 86' lang='lat' dir='ltr'><strong>justi-</strong></span> 
     </span>
    </p>
   </div>
   <div class='ocr_carea' id='block_1_68' title="bbox 1803 2388 3378 2457">
    <p class='ocr_par' dir='ltr' id='par_1_68' title="bbox 1803 2388 3378 2457">
     <span class='ocr_line' id='line_1_68' title="bbox 1803 2388 3378 2457; baseline 0 -14"><span class='ocrx_word' id='word_1_499' title='bbox 1803 2391 1906 2443; x_wconf 85' lang='lat' dir='ltr'><strong>tias</strong></span> <span class='ocrx_word' id='word_1_500' title='bbox 1936 2388 2139 2444; x_wconf 85' lang='lat' dir='ltr'><strong>faciunt</strong></span> <span class='ocrx_word' id='word_1_501' title='bbox 2162 2389 2275 2454; x_wconf 78' lang='lat'><strong>&quot;&quot;,</strong></span> <span class='ocrx_word' id='word_1_502' title='bbox 2304 2388 2409 2443; x_wconf 92' lang='lat' dir='ltr'><strong>illis</strong></span> <span class='ocrx_word' id='word_1_503' title='bbox 2440 2390 2730 2444; x_wconf 71' lang='lat' dir='ltr'><strong>comitibus</strong></span> <span class='ocrx_word' id='word_1_504' title='bbox 2755 2389 2857 2444; x_wconf 91' lang='lat' dir='ltr'><strong>hoc</strong></span> <span class='ocrx_word' id='word_1_505' title='bbox 2885 2389 3142 2443; x_wconf 88' lang='lat' dir='ltr'><strong>mandent</strong></span> <span class='ocrx_word' id='word_1_506' title='bbox 3162 2388 3217 2441; x_wconf 91' lang='lat' dir='ltr'><strong>in</strong></span> <span class='ocrx_word' id='word_1_507' title='bbox 3245 2403 3378 2457; x_wconf 84' lang='lat' dir='ltr'><strong>quo-</strong></span> 
     </span>
    </p>
   </div>
   <div class='ocr_carea' id='block_1_69' title="bbox 1800 2479 3391 2549">
    <p class='ocr_par' dir='ltr' id='par_1_69' title="bbox 1800 2479 3391 2549">
     <span class='ocr_line' id='line_1_69' title="bbox 1800 2479 3391 2549; baseline -0.001 -14"><span class='ocrx_word' id='word_1_508' title='bbox 1800 2494 1920 2535; x_wconf 89' lang='lat' dir='ltr'><strong>rum</strong></span> <span class='ocrx_word' id='word_1_509' title='bbox 1965 2480 2310 2534; x_wconf 90' lang='lat' dir='ltr'><strong>comitatibus</strong></span> <span class='ocrx_word' id='word_1_510' title='bbox 2358 2479 2621 2549; x_wconf 89' lang='lat' dir='ltr'><strong>refugium</strong></span> <span class='ocrx_word' id='word_1_511' title='bbox 2673 2480 2893 2544; x_wconf 87' lang='lat' dir='ltr'><strong>habent,</strong></span> <span class='ocrx_word' id='word_1_512' title='bbox 2944 2488 3000 2535; x_wconf 90' lang='lat' dir='ltr'><strong>et</strong></span> <span class='ocrx_word' id='word_1_513' title='bbox 3029 2495 3133 2533; x_wconf 89' lang='lat' dir='ltr'><strong>una</strong></span> <span class='ocrx_word' id='word_1_514' title='bbox 3176 2487 3391 2545; x_wconf 62' lang='lat' dir='ltr'><strong>mente,</strong></span> 
     </span>
    </p>
   </div>
   <div class='ocr_carea' id='block_1_70' title="bbox 1802 2570 3390 2643">
    <p class='ocr_par' dir='ltr' id='par_1_70' title="bbox 1802 2570 3390 2643">
     <span class='ocr_line' id='line_1_70' title="bbox 1802 2570 3390 2643; baseline -0.003 -15"><span class='ocrx_word' id='word_1_515' title='bbox 1802 2587 2018 2643; x_wconf 83' lang='lat' dir='ltr'><strong>unoque</strong></span> <span class='ocrx_word' id='word_1_516' title='bbox 2055 2587 2344 2636; x_wconf 89' lang='lat' dir='ltr'><strong>consensu,</strong></span> <span class='ocrx_word' id='word_1_517' title='bbox 2395 2580 2450 2627; x_wconf 88' lang='lat' dir='ltr'><strong>et</strong></span> <span class='ocrx_word' id='word_1_518' title='bbox 2480 2588 2587 2626; x_wconf 86' lang='lat' dir='ltr'><strong>uno</strong></span> <span class='ocrx_word' id='word_1_519' title='bbox 2615 2572 2915 2627; x_wconf 86' lang='lat' dir='ltr'><strong>certamine</strong></span> <span class='ocrx_word' id='word_1_520' title='bbox 2951 2570 3017 2625; x_wconf 89' lang='lat' dir='ltr'><strong>ad</strong></span> <span class='ocrx_word' id='word_1_521' title='bbox 3048 2571 3180 2625; x_wconf 91' lang='lat' dir='ltr'><strong>tales</strong></span> <span class='ocrx_word' id='word_1_522' title='bbox 3208 2571 3390 2625; x_wconf 80' lang='lat' dir='ltr'><strong>homi-.</strong></span> 
     </span>
    </p>
   </div>
   <div class='ocr_carea' id='block_1_71' title="bbox 1802 2663 3389 2734">
    <p class='ocr_par' dir='ltr' id='par_1_71' title="bbox 1802 2663 3389 2734">
     <span class='ocr_line' id='line_1_71' title="bbox 1802 2663 3389 2734; baseline -0.004 -12"><span class='ocrx_word' id='word_1_523' title='bbox 1802 2680 1899 2723; x_wconf 88' lang='lat' dir='ltr'><strong>nes</strong></span> <span class='ocrx_word' id='word_1_524' title='bbox 1924 2663 2456 2734; x_wconf 86' lang='lat' dir='ltr'><strong>comprelieudendos</strong></span> <span class='ocrx_word' id='word_1_525' title='bbox 2506 2678 2566 2723; x_wconf 81' lang='lat' dir='ltr'><strong>se</strong></span> <span class='ocrx_word' id='word_1_526' title='bbox 2593 2663 2821 2732; x_wconf 88' lang='lat' dir='ltr'><strong>erigant,</strong></span> <span class='ocrx_word' id='word_1_527' title='bbox 2873 2670 2927 2716; x_wconf 89' lang='lat' dir='ltr'><strong>et</strong></span> <span class='ocrx_word' id='word_1_528' title='bbox 2972 2663 3274 2726; x_wconf 80' lang='lat' dir='ltr'><strong>decertent,</strong></span> <span class='ocrx_word' id='word_1_529' title='bbox 3322 2668 3389 2716; x_wconf 74' lang='grc' dir='ltr'><strong>ιιι</strong></span> 
     </span>
    </p>
   </div>
   <div class='ocr_carea' id='block_1_72' title="bbox 1801 2750 3387 2821">
    <p class='ocr_par' dir='ltr' id='par_1_72' title="bbox 1801 2750 3387 2821">
     <span class='ocr_line' id='line_1_72' title="bbox 1801 2750 3387 2821; baseline -0.003 -10"><span class='ocrx_word' id='word_1_530' title='bbox 1801 2754 2046 2811; x_wconf 71' lang='lat' dir='ltr'><strong>ecclesia:</strong></span> <span class='ocrx_word' id='word_1_531' title='bbox 2081 2753 2174 2809; x_wconf 92' lang='lat' dir='ltr'><strong>Dei</strong></span> <span class='ocrx_word' id='word_1_532' title='bbox 2202 2760 2257 2808; x_wconf 89' lang='lat' dir='ltr'><strong>et</strong></span> <span class='ocrx_word' id='word_1_533' title='bbox 2302 2752 2532 2807; x_wconf 89' lang='lat' dir='ltr'><strong>ministri</strong></span> <span class='ocrx_word' id='word_1_534' title='bbox 2564 2750 2701 2821; x_wconf 86' lang='lat' dir='ltr'><strong>ejus,</strong></span> <span class='ocrx_word' id='word_1_535' title='bbox 2738 2762 2793 2807; x_wconf 91' lang='lat' dir='ltr'><strong>et</strong></span> <span class='ocrx_word' id='word_1_536' title='bbox 2820 2750 2960 2806; x_wconf 88' lang='lat' dir='ltr'><strong>servi</strong></span> <span class='ocrx_word' id='word_1_537' title='bbox 2993 2751 3087 2806; x_wconf 89' lang='lat' dir='ltr'><strong>Dei</strong></span> <span class='ocrx_word' id='word_1_538' title='bbox 3119 2766 3180 2806; x_wconf 86' lang='lat' dir='ltr'><strong>ac</strong></span> <span class='ocrx_word' id='word_1_539' title='bbox 3209 2765 3387 2821; x_wconf 77' lang='lat' dir='ltr'><strong>popu-</strong></span> 
     </span>
    </p>
   </div>
   <div class='ocr_carea' id='block_1_73' title="bbox 1802 2840 2921 2913">
    <p class='ocr_par' dir='ltr' id='par_1_73' title="bbox 1802 2840 2921 2913">
     <span class='ocr_line' id='line_1_73' title="bbox 1802 2840 2921 2913; baseline -0.004 -14"><span class='ocrx_word' id='word_1_540' title='bbox 1802 2843 1905 2909; x_wconf 91' lang='lat' dir='ltr'><strong>lus,</strong></span> <span class='ocrx_word' id='word_1_541' title='bbox 1936 2857 2122 2913; x_wconf 88' lang='lat' dir='ltr'><strong>pacem</strong></span> <span class='ocrx_word' id='word_1_542' title='bbox 2151 2851 2209 2897; x_wconf 89' lang='lat' dir='ltr'><strong>et</strong></span> <span class='ocrx_word' id='word_1_543' title='bbox 2236 2842 2473 2912; x_wconf 86' lang='lat' dir='ltr'><strong>quietem</strong></span> <span class='ocrx_word' id='word_1_544' title='bbox 2504 2842 2705 2896; x_wconf 91' lang='lat' dir='ltr'><strong>habere</strong></span> <span class='ocrx_word' id='word_1_545' title='bbox 2733 2840 2921 2912; x_wconf 91' lang='lat' dir='ltr'><strong>possit.</strong></span> 
     </span>
    </p>
   </div>
   <div class='ocr_carea' id='block_1_74' title="bbox 1872 2928 3393 2989">
    <p class='ocr_par' dir='ltr' id='par_1_74' title="bbox 1872 2928 3393 2989">
     <span class='ocr_line' id='line_1_74' title="bbox 1872 2928 3393 2989; baseline -0.003 0"><span class='ocrx_word' id='word_1_546' title='bbox 1872 2934 1926 2989; x_wconf 90' lang='lat'><strong>8.</strong></span> <span class='ocrx_word' id='word_1_547' title='bbox 1956 2931 2025 2988; x_wconf 91' lang='lat' dir='ltr'><strong>Ut</strong></span> <span class='ocrx_word' id='word_1_548' title='bbox 2050 2931 2259 2987; x_wconf 83' lang='lat' dir='ltr'><strong>denarii</strong></span> <span class='ocrx_word' id='word_1_549' title='bbox 2298 2946 2365 2987; x_wconf 82' lang='lat' dir='ltr'><strong>ex</strong></span> <span class='ocrx_word' id='word_1_550' title='bbox 2408 2932 2659 2987; x_wconf 89' lang='lat' dir='ltr'><strong>omnibus</strong></span> <span class='ocrx_word' id='word_1_551' title='bbox 2708 2931 2940 2986; x_wconf 90' lang='lat' dir='ltr'><strong>monetis</strong></span> <span class='ocrx_word' id='word_1_552' title='bbox 2977 2930 3111 2985; x_wconf 92' lang='lat' dir='ltr'><strong>meri</strong></span> <span class='ocrx_word' id='word_1_553' title='bbox 3154 2944 3218 2985; x_wconf 85' lang='lat' dir='ltr'><strong>ac</strong></span> <span class='ocrx_word' id='word_1_554' title='bbox 3245 2928 3393 2984; x_wconf 70' lang='lat' dir='ltr'><strong>bene</strong></span> 
     </span>
    </p>
   </div>
   <div class='ocr_carea' id='block_1_75' title="bbox 160 3022 3386 3157">
    <p class='ocr_par' dir='ltr' id='par_1_75' title="bbox 160 3022 3386 3157">
     <span class='ocr_line' id='line_1_75' title="bbox 160 3022 3386 3097; baseline 0.003 -48"><span class='ocrx_word' id='word_1_555' title='bbox 160 3022 251 3067; x_wconf 78' lang='lat' dir='ltr'><strong>qua:</strong></span> <span class='ocrx_word' id='word_1_556' title='bbox 277 3022 514 3056; x_wconf 71' lang='lat' dir='ltr'><strong>nouimus</strong></span> <span class='ocrx_word' id='word_1_557' title='bbox 538 3022 702 3055; x_wconf 82' lang='lat' dir='ltr'><strong>Itosm</strong></span> <span class='ocrx_word' id='word_1_558' title='bbox 730 3022 791 3056; x_wconf 83' lang='lat' dir='ltr'><strong>ac</strong></span> <span class='ocrx_word' id='word_1_559' title='bbox 825 3022 1036 3055; x_wconf 86' lang='lat' dir='ltr'><strong>murum</strong></span> <span class='ocrx_word' id='word_1_560' title='bbox 1079 3022 1419 3072; x_wconf 78' lang='lat' dir='ltr'><strong>murumque,</strong></span> <span class='ocrx_word' id='word_1_561' title='bbox 1463 3022 1555 3075; x_wconf 82' lang='lat' dir='ltr'><strong>qm</strong></span> <span class='ocrx_word' id='word_1_562' title='bbox 1586 3022 1703 3056; x_wconf 74' lang='lat' dir='ltr'><strong>Sllle</strong></span> <span class='ocrx_word' id='word_1_563' title='bbox 1749 3070 1771 3091; x_wconf 41' lang='grc' dir='ltr'>Ἰ</span> <span class='ocrx_word' id='word_1_564' title='bbox 1804 3034 2116 3097; x_wconf 55' lang='lat' dir='ltr'><strong>pensantes,</strong></span> <span class='ocrx_word' id='word_1_565' title='bbox 2147 3025 2285 3079; x_wconf 49' lang='lat' dir='ltr'><strong>sicut</strong></span> <span class='ocrx_word' id='word_1_566' title='bbox 2312 3022 2665 3093; x_wconf 64' lang='lat' dir='ltr'><strong>incapiwlmi</strong></span> <span class='ocrx_word' id='word_1_567' title='bbox 2689 3023 3143 3091; x_wconf 60' lang='grc' dir='ltr'><strong>ρτωαεεεεεοι-υηι</strong></span> <span class='ocrx_word' id='word_1_568' title='bbox 3170 3035 3236 3074; x_wconf 65' lang='lat' dir='ltr'><strong>ac</strong></span> <span class='ocrx_word' id='word_1_569' title='bbox 3262 3035 3386 3088; x_wconf 63' lang='lat' dir='ltr'><strong>pro.</strong></span> 
     </span>
     <span class='ocr_line' id='line_1_76' title="bbox 160 3076 3386 3157; baseline 0.001 -2"><span class='ocrx_word' id='word_1_570' title='bbox 160 3091 241 3145; x_wconf 64' lang='lat'><strong>“&quot;3</strong></span> <span class='ocrx_word' id='word_1_571' title='bbox 265 3092 560 3147; x_wconf 64' lang='grc' dir='ltr'><strong>δῘίῙιτΓθηιῘἏ</strong></span> <span class='ocrx_word' id='word_1_572' title='bbox 588 3100 641 3148; x_wconf 68' lang='grc' dir='ltr'>εί</span> <span class='ocrx_word' id='word_1_573' title='bbox 666 3091 833 3146; x_wconf 55' lang='lat' dir='ltr'><strong>nos&quot;;</strong></span> <span class='ocrx_word' id='word_1_574' title='bbox 859 3101 983 3146; x_wconf 69' lang='lat' dir='ltr'><strong>sum-</strong></span> <span class='ocrx_word' id='word_1_575' title='bbox 1001 3092 1113 3157; x_wconf 59' lang='lat'><strong>1°&quot;!</strong></span> <span class='ocrx_word' id='word_1_576' title='bbox 1145 3107 1265 3146; x_wconf 76' lang='lat' dir='ltr'><strong>cum</strong></span> <span class='ocrx_word' id='word_1_577' title='bbox 1290 3091 1625 3155; x_wconf 68' lang='lat' dir='ltr'><strong>Salvamenlo</strong></span> <span class='ocrx_word' id='word_1_578' title='bbox 1646 3100 1702 3146; x_wconf 65' lang='grc' dir='ltr'>ει</span> <span class='ocrx_word' id='word_1_579' title='bbox 1728 3076 1773 3130; x_wconf 66' lang='grc'><strong>(³⁸</strong></span> <span class='ocrx_word' id='word_1_580' title='bbox 1807 3118 2106 3157; x_wconf 73' lang='lat' dir='ltr'><strong>opnitnrnm</strong></span> <span class='ocrx_word' id='word_1_581' title='bbox 2125 3125 2426 3157; x_wconf 76' lang='lat' dir='ltr'><strong>iinclmriim</strong></span> <span class='ocrx_word' id='word_1_582' title='bbox 2451 3128 2654 3157; x_wconf 70' lang='lat' dir='ltr'><strong>rogum-</strong></span> <span class='ocrx_word' id='word_1_583' title='bbox 2684 3112 2819 3157; x_wconf 59' lang='lat' dir='ltr'><strong>llirn</strong></span> <span class='ocrx_word' id='word_1_584' title='bbox 2832 3122 3045 3157; x_wconf 74' lang='lat' dir='ltr'><strong>ntinrm-</strong></span> <span class='ocrx_word' id='word_1_585' title='bbox 3062 3110 3131 3157; x_wconf 70' lang='lat'><strong>5:!</strong></span> <span class='ocrx_word' id='word_1_586' title='bbox 3151 3107 3386 3157; x_wconf 60' lang='lat' dir='ltr'><strong>(fﬁhilﬂlo</strong></span> 
     </span>
    </p>
   </div>
   <div class='ocr_carea' id='block_1_76' title="bbox 1805 3107 3392 3188">
    <p class='ocr_par' dir='ltr' id='par_1_76' title="bbox 1805 3107 3392 3188">
     <span class='ocr_line' id='line_1_77' title="bbox 1805 3107 3392 3188; baseline -0.004 -17"><span class='ocrx_word' id='word_1_587' title='bbox 1805 3118 2106 3188; x_wconf 83' lang='lat' dir='ltr'><strong>genitorum</strong></span> <span class='ocrx_word' id='word_1_588' title='bbox 2124 3125 2427 3170; x_wconf 90' lang='lat' dir='ltr'><strong>nostrorum</strong></span> <span class='ocrx_word' id='word_1_589' title='bbox 2451 3128 2657 3184; x_wconf 89' lang='lat' dir='ltr'><strong>regum,</strong></span> <span class='ocrx_word' id='word_1_590' title='bbox 2684 3112 2819 3167; x_wconf 71' lang='lat' dir='ltr'><strong>libro</strong></span> <span class='ocrx_word' id='word_1_591' title='bbox 2832 3122 3046 3181; x_wconf 88' lang='lat' dir='ltr'><strong>quarto,</strong></span> <span class='ocrx_word' id='word_1_592' title='bbox 3062 3110 3131 3165; x_wconf 72' lang='lat'><strong>52</strong></span> <span class='ocrx_word' id='word_1_593' title='bbox 3151 3107 3392 3178; x_wconf 82' lang='lat' dir='ltr'><strong>capitulo</strong></span> 
     </span>
    </p>
   </div>
   <div class='ocr_carea' id='block_1_77' title="bbox 1804 3202 3391 3276">
    <p class='ocr_par' dir='ltr' id='par_1_77' title="bbox 1804 3202 3391 3276">
     <span class='ocr_line' id='line_1_78' title="bbox 1804 3202 3391 3276; baseline -0.007 -10"><span class='ocrx_word' id='word_1_594' title='bbox 1804 3209 2125 3271; x_wconf 90' lang='lat' dir='ltr'><strong>continetur,</strong></span> <span class='ocrx_word' id='word_1_595' title='bbox 2152 3207 2204 3262; x_wconf 91' lang='lat' dir='ltr'><strong>in</strong></span> <span class='ocrx_word' id='word_1_596' title='bbox 2227 3206 2373 3261; x_wconf 92' lang='lat' dir='ltr'><strong>omni</strong></span> <span class='ocrx_word' id='word_1_597' title='bbox 2399 3222 2565 3276; x_wconf 72' lang='lat' dir='ltr'><strong>regna</strong></span> <span class='ocrx_word' id='word_1_598' title='bbox 2580 3213 2764 3258; x_wconf 88' lang='lat' dir='ltr'><strong>nostro</strong></span> <span class='ocrx_word' id='word_1_599' title='bbox 2786 3218 2892 3257; x_wconf 89' lang='lat' dir='ltr'><strong>non</strong></span> <span class='ocrx_word' id='word_1_600' title='bbox 2913 3202 3391 3269; x_wconf 78' lang='lat' dir='ltr'><strong>reieianturusque</strong></span> 
     </span>
    </p>
   </div>
   <div class='ocr_carea' id='block_1_78' title="bbox 1804 3288 3388 3353">
    <p class='ocr_par' dir='ltr' id='par_1_78' title="bbox 1804 3288 3388 3353">
     <span class='ocr_line' id='line_1_79' title="bbox 1804 3288 3388 3353; baseline -0.006 -1"><span class='ocrx_word' id='word_1_601' title='bbox 1804 3299 1869 3353; x_wconf 87' lang='lat' dir='ltr'><strong>ad</strong></span> <span class='ocrx_word' id='word_1_602' title='bbox 1895 3297 2112 3351; x_wconf 85' lang='lat' dir='ltr'><strong>missam</strong></span> <span class='ocrx_word' id='word_1_603' title='bbox 2146 3293 2316 3349; x_wconf 85' lang='lat' dir='ltr'><strong>sancti</strong></span> <span class='ocrx_word' id='word_1_604' title='bbox 2350 3293 2586 3348; x_wconf 82' lang='lat' dir='ltr'><strong>Martini.</strong></span> <span class='ocrx_word' id='word_1_605' title='bbox 2620 3293 2683 3346; x_wconf 83' lang='lat' dir='ltr'><strong>Et</strong></span> <span class='ocrx_word' id='word_1_606' title='bbox 2712 3292 2765 3346; x_wconf 87' lang='lat' dir='ltr'><strong>in</strong></span> <span class='ocrx_word' id='word_1_607' title='bbox 2795 3291 3047 3347; x_wconf 90' lang='lat' dir='ltr'><strong>omnibus</strong></span> <span class='ocrx_word' id='word_1_608' title='bbox 3076 3288 3388 3344; x_wconf 76' lang='lat' dir='ltr'><strong>civitatibus</strong></span> 
     </span>
    </p>
   </div>
   <div class='ocr_carea' id='block_1_79' title="bbox 1804 3381 3388 3452">
    <p class='ocr_par' dir='ltr' id='par_1_79' title="bbox 1804 3381 3388 3452">
     <span class='ocr_line' id='line_1_80' title="bbox 1804 3381 3388 3452; baseline -0.005 -8"><span class='ocrx_word' id='word_1_609' title='bbox 1804 3400 1856 3444; x_wconf 89' lang='lat' dir='ltr'><strong>et</strong></span> <span class='ocrx_word' id='word_1_610' title='bbox 1886 3388 2020 3443; x_wconf 82' lang='lat' dir='ltr'><strong>vicis</strong></span> <span class='ocrx_word' id='word_1_611' title='bbox 2054 3404 2117 3442; x_wconf 90' lang='lat' dir='ltr'><strong>ac</strong></span> <span class='ocrx_word' id='word_1_612' title='bbox 2148 3386 2309 3452; x_wconf 80' lang='lat' dir='ltr'><strong>villis,</strong></span> <span class='ocrx_word' id='word_1_613' title='bbox 2346 3396 2454 3440; x_wconf 85' lang='lat' dir='ltr'><strong>tant</strong></span> <span class='ocrx_word' id='word_1_614' title='bbox 2486 3385 2687 3439; x_wconf 89' lang='lat' dir='ltr'><strong>nostris</strong></span> <span class='ocrx_word' id='word_1_615' title='bbox 2710 3381 3111 3438; x_wconf 90' lang='lat' dir='ltr'><strong>indominicatis</strong></span> <span class='ocrx_word' id='word_1_616' title='bbox 3141 3397 3303 3451; x_wconf 88' lang='lat' dir='ltr'><strong>quam</strong></span> <span class='ocrx_word' id='word_1_617' title='bbox 3331 3389 3388 3436; x_wconf 83' lang='lat' dir='ltr'><strong>et</strong></span> 
     </span>
    </p>
   </div>
   <div class='ocr_carea' id='block_1_80' title="bbox 1804 3471 3387 3548">
    <p class='ocr_par' dir='ltr' id='par_1_80' title="bbox 1804 3471 3387 3548">
     <span class='ocr_line' id='line_1_81' title="bbox 1804 3471 3387 3548; baseline -0.006 -14"><span class='ocrx_word' id='word_1_618' title='bbox 1804 3480 1856 3534; x_wconf 93' lang='lat' dir='ltr'><strong>in</strong></span> <span class='ocrx_word' id='word_1_619' title='bbox 1886 3480 1970 3534; x_wconf 91' lang='lat' dir='ltr'><strong>his</strong></span> <span class='ocrx_word' id='word_1_620' title='bbox 1999 3494 2118 3548; x_wconf 79' lang='lat' dir='ltr'><strong>qua:</strong></span> <span class='ocrx_word' id='word_1_621' title='bbox 2166 3477 2233 3531; x_wconf 80' lang='lat' dir='ltr'><strong>de</strong></span> <span class='ocrx_word' id='word_1_622' title='bbox 2272 3475 2612 3530; x_wconf 90' lang='lat' dir='ltr'><strong>immunitate</strong></span> <span class='ocrx_word' id='word_1_623' title='bbox 2649 3482 2778 3529; x_wconf 90' lang='lat' dir='ltr'><strong>sunt</strong></span> <span class='ocrx_word' id='word_1_624' title='bbox 2808 3471 2890 3527; x_wconf 90' lang='lat' dir='ltr'><strong>vel</strong></span> <span class='ocrx_word' id='word_1_625' title='bbox 2936 3471 3003 3527; x_wconf 90' lang='lat' dir='ltr'><strong>de</strong></span> <span class='ocrx_word' id='word_1_626' title='bbox 3039 3471 3387 3526; x_wconf 82' lang='lat' dir='ltr'><strong>comitatibus</strong></span> 
     </span>
    </p>
   </div>
   <div class='ocr_carea' id='block_1_81' title="bbox 1803 3560 3388 3641">
    <p class='ocr_par' dir='ltr' id='par_1_81' title="bbox 1803 3560 3388 3641">
     <span class='ocr_line' id='line_1_82' title="bbox 1803 3560 3388 3641; baseline -0.003 -16"><span class='ocrx_word' id='word_1_627' title='bbox 1803 3581 1966 3641; x_wconf 87' lang='lat' dir='ltr'><strong>atque</strong></span> <span class='ocrx_word' id='word_1_628' title='bbox 2015 3570 2292 3625; x_wconf 89' lang='lat' dir='ltr'><strong>hominum</strong></span> <span class='ocrx_word' id='word_1_629' title='bbox 2339 3560 2685 3633; x_wconf 67' lang='lat' dir='ltr'><strong>nostrorum,</strong></span> <span class='ocrx_word' id='word_1_630' title='bbox 2724 3568 2839 3622; x_wconf 85' lang='lat' dir='ltr'><strong>sive</strong></span> <span class='ocrx_word' id='word_1_631' title='bbox 2865 3564 3231 3634; x_wconf 89' lang='lat' dir='ltr'><strong>cujuscunque</strong></span> <span class='ocrx_word' id='word_1_632' title='bbox 3278 3565 3388 3620; x_wconf 88' lang='lat' dir='ltr'><strong>sint</strong></span> 
     </span>
    </p>
   </div>
   <div class='ocr_carea' id='block_1_82' title="bbox 1804 3653 3389 3731">
    <p class='ocr_par' dir='ltr' id='par_1_82' title="bbox 1804 3653 3389 3731">
     <span class='ocr_line' id='line_1_83' title="bbox 1804 3653 3389 3731; baseline -0.004 -17"><span class='ocrx_word' id='word_1_633' title='bbox 1804 3677 1901 3731; x_wconf 88' lang='lat' dir='ltr'><strong>per</strong></span> <span class='ocrx_word' id='word_1_634' title='bbox 1929 3674 2088 3714; x_wconf 89' lang='lat' dir='ltr'><strong>oume</strong></span> <span class='ocrx_word' id='word_1_635' title='bbox 2120 3673 2341 3727; x_wconf 86' lang='lat' dir='ltr'><strong>regnum</strong></span> <span class='ocrx_word' id='word_1_636' title='bbox 2394 3664 2662 3723; x_wconf 87' lang='lat' dir='ltr'><strong>nostrum,</strong></span> <span class='ocrx_word' id='word_1_637' title='bbox 2702 3673 2731 3710; x_wconf 90' lang='lat' dir='ltr'><strong>a</strong></span> <span class='ocrx_word' id='word_1_638' title='bbox 2757 3655 3032 3725; x_wconf 75' lang='lat' dir='ltr'><strong>iudicibus</strong></span> <span class='ocrx_word' id='word_1_639' title='bbox 3060 3653 3286 3719; x_wconf 89' lang='lat' dir='ltr'><strong>nostris,</strong></span> <span class='ocrx_word' id='word_1_640' title='bbox 3330 3661 3389 3708; x_wconf 82' lang='lat' dir='ltr'><strong>et</strong></span> 
     </span>
    </p>
   </div>
   <div class='ocr_carea' id='block_1_83' title="bbox 1804 3742 3386 3820">
    <p class='ocr_par' dir='ltr' id='par_1_83' title="bbox 1804 3742 3386 3820">
     <span class='ocr_line' id='line_1_84' title="bbox 1804 3742 3386 3820; baseline -0.006 -14"><span class='ocrx_word' id='word_1_641' title='bbox 1804 3753 1871 3806; x_wconf 90' lang='lat' dir='ltr'><strong>ab</strong></span> <span class='ocrx_word' id='word_1_642' title='bbox 1900 3752 1980 3806; x_wconf 88' lang='lat' dir='ltr'><strong>eis</strong></span> <span class='ocrx_word' id='word_1_643' title='bbox 2030 3764 2256 3820; x_wconf 83' lang='lat' dir='ltr'><strong>quorum</strong></span> <span class='ocrx_word' id='word_1_644' title='bbox 2300 3747 2440 3802; x_wconf 68' lang='lat' dir='ltr'><strong>villa:</strong></span> <span class='ocrx_word' id='word_1_645' title='bbox 2488 3756 2631 3807; x_wconf 89' lang='lat' dir='ltr'><strong>sunt,</strong></span> <span class='ocrx_word' id='word_1_646' title='bbox 2685 3762 2789 3800; x_wconf 89' lang='lat' dir='ltr'><strong>una</strong></span> <span class='ocrx_word' id='word_1_647' title='bbox 2844 3760 2967 3800; x_wconf 89' lang='lat' dir='ltr'><strong>cum</strong></span> <span class='ocrx_word' id='word_1_648' title='bbox 3013 3743 3276 3798; x_wconf 88' lang='lat' dir='ltr'><strong>ministris</strong></span> <span class='ocrx_word' id='word_1_649' title='bbox 3309 3742 3386 3796; x_wconf 89' lang='lat' dir='ltr'><strong>rei</strong></span> 
     </span>
    </p>
   </div>
   <div class='ocr_carea' id='block_1_84' title="bbox 1807 3833 3385 3915">
    <p class='ocr_par' dir='ltr' id='par_1_84' title="bbox 1807 3833 3385 3915">
     <span class='ocr_line' id='line_1_85' title="bbox 1807 3833 3385 3915; baseline -0.006 -18"><span class='ocrx_word' id='word_1_650' title='bbox 1807 3843 2049 3915; x_wconf 73' lang='lat' dir='ltr'><strong>publicae,</strong></span> <span class='ocrx_word' id='word_1_651' title='bbox 2104 3841 2397 3896; x_wconf 90' lang='lat' dir='ltr'><strong>secundum</strong></span> <span class='ocrx_word' id='word_1_652' title='bbox 2448 3839 2803 3909; x_wconf 86' lang='lat' dir='ltr'><strong>quantitatem</strong></span> <span class='ocrx_word' id='word_1_653' title='bbox 2860 3837 3100 3890; x_wconf 90' lang='lat' dir='ltr'><strong>locorum</strong></span> <span class='ocrx_word' id='word_1_654' title='bbox 3148 3843 3205 3889; x_wconf 89' lang='lat' dir='ltr'><strong>et</strong></span> <span class='ocrx_word' id='word_1_655' title='bbox 3231 3833 3385 3888; x_wconf 84' lang='lat' dir='ltr'><strong>villa-</strong></span> 
     </span>
    </p>
   </div>
   <div class='ocr_carea' id='block_1_85' title="bbox 1764 3919 3387 3999">
    <p class='ocr_par' dir='ltr' id='par_1_85' title="bbox 1764 3919 3387 3999">
     <span class='ocr_line' id='line_1_86' title="bbox 1764 3919 3387 3999; baseline -0.008 -10"><span class='ocrx_word' id='word_1_656' title='bbox 1764 3919 1771 3924; x_wconf 28' lang='lat'><em>.</em></span> <span class='ocrx_word' id='word_1_657' title='bbox 1807 3951 1947 3998; x_wconf 89' lang='lat' dir='ltr'><strong>rum,</strong></span> <span class='ocrx_word' id='word_1_658' title='bbox 1984 3933 2116 3987; x_wconf 84' lang='lat' dir='ltr'><strong>tanti</strong></span> <span class='ocrx_word' id='word_1_659' title='bbox 2145 3947 2209 3987; x_wconf 90' lang='lat' dir='ltr'><strong>ac</strong></span> <span class='ocrx_word' id='word_1_660' title='bbox 2237 3931 2370 3986; x_wconf 86' lang='lat' dir='ltr'><strong>tales</strong></span> <span class='ocrx_word' id='word_1_661' title='bbox 2417 3931 2483 3984; x_wconf 91' lang='lat' dir='ltr'><strong>de</strong></span> <span class='ocrx_word' id='word_1_662' title='bbox 2512 3929 2642 3999; x_wconf 87' lang='lat' dir='ltr'><strong>ipsis</strong></span> <span class='ocrx_word' id='word_1_663' title='bbox 2668 3927 2858 3982; x_wconf 88' lang='lat' dir='ltr'><strong>incolis</strong></span> <span class='ocrx_word' id='word_1_664' title='bbox 2901 3935 2957 3981; x_wconf 89' lang='lat' dir='ltr'><strong>et</strong></span> <span class='ocrx_word' id='word_1_665' title='bbox 2986 3925 3117 3981; x_wconf 92' lang='lat' dir='ltr'><strong>inibi</strong></span> <span class='ocrx_word' id='word_1_666' title='bbox 3147 3924 3239 3958; x_wconf 79' lang='grc'>²⁰³⁶</span> <span class='ocrx_word' id='word_1_667' title='bbox 3270 3940 3387 3978; x_wconf 86' lang='lat' dir='ltr'><strong>nta-</strong></span> 
     </span>
    </p>
   </div>
   <div class='ocr_carea' id='block_1_86' title="bbox 1807 4013 3382 4087">
    <p class='ocr_par' dir='ltr' id='par_1_86' title="bbox 1807 4013 3382 4087">
     <span class='ocr_line' id='line_1_87' title="bbox 1807 4013 3382 4087; baseline -0.006 -9"><span class='ocrx_word' id='word_1_668' title='bbox 1807 4023 2058 4079; x_wconf 89' lang='lat' dir='ltr'><strong>nentibus</strong></span> <span class='ocrx_word' id='word_1_669' title='bbox 2106 4023 2527 4084; x_wconf 82' lang='lat' dir='ltr'><strong>constituantur,</strong></span> <span class='ocrx_word' id='word_1_670' title='bbox 2574 4018 2663 4087; x_wconf 88' lang='lat' dir='ltr'><strong>qui</strong></span> <span class='ocrx_word' id='word_1_671' title='bbox 2702 4017 2825 4071; x_wconf 90' lang='lat' dir='ltr'><strong>inde</strong></span> <span class='ocrx_word' id='word_1_672' title='bbox 2854 4015 3245 4087; x_wconf 82' lang='lat' dir='ltr'><strong>providentiam</strong></span> <span class='ocrx_word' id='word_1_673' title='bbox 3282 4013 3382 4070; x_wconf 82' lang='lat' dir='ltr'><strong>ha-</strong></span> 
     </span>
    </p>
   </div>
   <div class='ocr_carea' id='block_1_87' title="bbox 1805 4096 3385 4180">
    <p class='ocr_par' dir='ltr' id='par_1_87' title="bbox 1805 4096 3385 4180">
     <span class='ocr_line' id='line_1_88' title="bbox 1805 4096 3385 4180; baseline -0.004 -11"><span class='ocrx_word' id='word_1_674' title='bbox 1805 4115 1993 4179; x_wconf 89' lang='lat' dir='ltr'><strong>beant,</strong></span> <span class='ocrx_word' id='word_1_675' title='bbox 2024 4128 2090 4168; x_wconf 92' lang='lat' dir='ltr'><strong>ne</strong></span> <span class='ocrx_word' id='word_1_676' title='bbox 2126 4112 2252 4168; x_wconf 90' lang='lat' dir='ltr'><strong>boni</strong></span> <span class='ocrx_word' id='word_1_677' title='bbox 2281 4111 2486 4166; x_wconf 91' lang='lat' dir='ltr'><strong>denarii</strong></span> <span class='ocrx_word' id='word_1_678' title='bbox 2520 4109 2830 4180; x_wconf 87' lang='lat' dir='ltr'><strong>rejiciantur</strong></span> <span class='ocrx_word' id='word_1_679' title='bbox 2861 4115 3050 4164; x_wconf 90' lang='lat' dir='ltr'><strong>etnon</strong></span> <span class='ocrx_word' id='word_1_680' title='bbox 3099 4096 3205 4164; x_wconf 85' lang='lat' dir='ltr'><strong>nisi</strong></span> <span class='ocrx_word' id='word_1_681' title='bbox 3248 4107 3385 4163; x_wconf 88' lang='lat' dir='ltr'><strong>meri</strong></span> 
     </span>
    </p>
   </div>
   <div class='ocr_carea' id='block_1_88' title="bbox 1807 4202 2718 4276">
    <p class='ocr_par' dir='ltr' id='par_1_88' title="bbox 1807 4202 2718 4276">
     <span class='ocr_line' id='line_1_89' title="bbox 1807 4202 2718 4276; baseline -0.009 -13"><span class='ocrx_word' id='word_1_682' title='bbox 1807 4215 1860 4263; x_wconf 90' lang='lat' dir='ltr'><strong>et</strong></span> <span class='ocrx_word' id='word_1_683' title='bbox 1887 4206 2023 4261; x_wconf 89' lang='lat' dir='ltr'><strong>bene</strong></span> <span class='ocrx_word' id='word_1_684' title='bbox 2049 4214 2340 4276; x_wconf 86' lang='lat' dir='ltr'><strong>pensantes</strong></span> <span class='ocrx_word' id='word_1_685' title='bbox 2367 4202 2718 4271; x_wconf 87' lang='lat' dir='ltr'><strong>accipiantur.</strong></span> 
     </span>
    </p>
   </div>
   <div class='ocr_carea' id='block_1_89' title="bbox 1876 4287 3384 4365">
    <p class='ocr_par' dir='ltr' id='par_1_89' title="bbox 1876 4287 3384 4365">
     <span class='ocr_line' id='line_1_90' title="bbox 1876 4287 3384 4365; baseline -0.006 -13"><span class='ocrx_word' id='word_1_686' title='bbox 1876 4298 1931 4352; x_wconf 90' lang='lat'><strong>9.</strong></span> <span class='ocrx_word' id='word_1_687' title='bbox 1965 4295 2033 4353; x_wconf 89' lang='lat' dir='ltr'><strong>Ut</strong></span> <span class='ocrx_word' id='word_1_688' title='bbox 2071 4295 2145 4350; x_wconf 89' lang='lat' dir='ltr'><strong>illi</strong></span> <span class='ocrx_word' id='word_1_689' title='bbox 2188 4294 2279 4365; x_wconf 90' lang='lat' dir='ltr'><strong>qui</strong></span> <span class='ocrx_word' id='word_1_690' title='bbox 2326 4308 2391 4348; x_wconf 78' lang='lat' dir='ltr'><strong>ex</strong></span> <span class='ocrx_word' id='word_1_691' title='bbox 2440 4292 2541 4347; x_wconf 89' lang='lat' dir='ltr'><strong>hac</strong></span> <span class='ocrx_word' id='word_1_692' title='bbox 2586 4305 2746 4347; x_wconf 87' lang='lat' dir='ltr'><strong>causa</strong></span> <span class='ocrx_word' id='word_1_693' title='bbox 2784 4288 3176 4359; x_wconf 82' lang='lat' dir='ltr'><strong>providentiam</strong></span> <span class='ocrx_word' id='word_1_694' title='bbox 3217 4287 3384 4345; x_wconf 86' lang='lat' dir='ltr'><strong>habe-</strong></span> 
     </span>
    </p>
   </div>
   <div class='ocr_carea' id='block_1_90' title="bbox 148 4374 3388 4467">
    <p class='ocr_par' dir='ltr' id='par_1_90' title="bbox 148 4374 3388 4467">
     <span class='ocr_line' id='line_1_91' title="bbox 148 4374 3388 4467; baseline -0.003 -27"><span class='ocrx_word' id='word_1_695' title='bbox 148 4420 149 4423; x_wconf 60' lang='grc' dir='ltr'><strong>η</strong></span> <span class='ocrx_word' id='word_1_696' title='bbox 184 4382 297 4425; x_wconf 67' lang='lat' dir='ltr'><strong>“nnc</strong></span> <span class='ocrx_word' id='word_1_697' title='bbox 323 4374 387 4429; x_wconf 79' lang='lat' dir='ltr'><strong>ibi</strong></span> <span class='ocrx_word' id='word_1_698' title='bbox 414 4377 675 4449; x_wconf 71' lang='lat' dir='ltr'><strong>mancipia</strong></span> <span class='ocrx_word' id='word_1_699' title='bbox 702 4386 757 4435; x_wconf 84' lang='lat' dir='ltr'><strong>et</strong></span> <span class='ocrx_word' id='word_1_700' title='bbox 779 4378 967 4440; x_wconf 75' lang='lat' dir='ltr'><strong>domos</strong></span> <span class='ocrx_word' id='word_1_701' title='bbox 989 4391 1095 4431; x_wconf 86' lang='lat' dir='ltr'><strong>non</strong></span> <span class='ocrx_word' id='word_1_702' title='bbox 1124 4376 1324 4432; x_wconf 74' lang='lat' dir='ltr'><strong>habent</strong></span> <span class='ocrx_word' id='word_1_703' title='bbox 1348 4376 1503 4447; x_wconf 77' lang='lat' dir='ltr'><strong>quasi</strong></span> <span class='ocrx_word' id='word_1_704' title='bbox 1531 4374 1704 4430; x_wconf 82' lang='lat' dir='ltr'><strong>licen-</strong></span> <span class='ocrx_word' id='word_1_705' title='bbox 1737 4387 1956 4467; x_wconf 78' lang='lat' dir='ltr'><strong>Dbnnt,</strong></span> <span class='ocrx_word' id='word_1_706' title='bbox 2015 4391 2357 4441; x_wconf 86' lang='lat' dir='ltr'><strong>sacramento</strong></span> <span class='ocrx_word' id='word_1_707' title='bbox 2394 4380 2600 4450; x_wconf 90' lang='lat' dir='ltr'><strong>jurent,</strong></span> <span class='ocrx_word' id='word_1_708' title='bbox 2662 4379 2805 4449; x_wconf 93' lang='lat' dir='ltr'><strong>quod</strong></span> <span class='ocrx_word' id='word_1_709' title='bbox 2859 4378 3003 4433; x_wconf 81' lang='lat' dir='ltr'><strong>sicut</strong></span> <span class='ocrx_word' id='word_1_710' title='bbox 3036 4378 3116 4433; x_wconf 82' lang='lat' dir='ltr'><strong>eis</strong></span> <span class='ocrx_word' id='word_1_711' title='bbox 3164 4392 3232 4432; x_wconf 80' lang='lat' dir='ltr'><strong>ex</strong></span> <span class='ocrx_word' id='word_1_712' title='bbox 3284 4377 3388 4432; x_wconf 86' lang='lat' dir='ltr'><strong>hac</strong></span> 
     </span>
    </p>
   </div>
   <div class='ocr_carea' id='block_1_91' title="bbox 186 4465 1704 4539">
    <p class='ocr_par' dir='ltr' id='par_1_91' title="bbox 186 4465 1704 4539">
     <span class='ocr_line' id='line_1_92' title="bbox 186 4465 1704 4539; baseline 0.006 -27"><span class='ocrx_word' id='word_1_713' title='bbox 186 4467 250 4514; x_wconf 83' lang='lat' dir='ltr'><strong>ter</strong></span> <span class='ocrx_word' id='word_1_714' title='bbox 276 4465 465 4533; x_wconf 76' lang='lat' dir='ltr'><strong>malum</strong></span> <span class='ocrx_word' id='word_1_715' title='bbox 487 4468 683 4524; x_wconf 90' lang='lat' dir='ltr'><strong>faciunt</strong></span> <span class='ocrx_word' id='word_1_716' title='bbox 709 4485 724 4534; x_wconf 88' lang='lat'><strong>;</strong></span> <span class='ocrx_word' id='word_1_717' title='bbox 762 4469 886 4539; x_wconf 87' lang='lat' dir='ltr'><strong>quia</strong></span> <span class='ocrx_word' id='word_1_718' title='bbox 910 4466 1029 4535; x_wconf 57' lang='grc' dir='ltr'>’θυι</span> <span class='ocrx_word' id='word_1_719' title='bbox 1052 4469 1194 4531; x_wconf 89' lang='lat' dir='ltr'><strong>sicut</strong></span> <span class='ocrx_word' id='word_1_720' title='bbox 1220 4468 1427 4534; x_wconf 90' lang='lat' dir='ltr'><strong>dicunt,</strong></span> <span class='ocrx_word' id='word_1_721' title='bbox 1472 4484 1578 4524; x_wconf 90' lang='lat' dir='ltr'><strong>non</strong></span> <span class='ocrx_word' id='word_1_722' title='bbox 1610 4469 1704 4531; x_wconf 85' lang='lat' dir='ltr'><strong>ha-</strong></span> 
     </span>
    </p>
   </div>
   <div class='ocr_carea' id='block_1_92' title="bbox 186 4548 1705 4627">
    <p class='ocr_par' dir='ltr' id='par_1_92' title="bbox 186 4548 1705 4627">
     <span class='ocr_line' id='line_1_93' title="bbox 186 4548 1705 4627; baseline 0.001 -20"><span class='ocrx_word' id='word_1_723' title='bbox 186 4548 288 4607; x_wconf 77' lang='lat' dir='ltr'><strong>bent</strong></span> <span class='ocrx_word' id='word_1_724' title='bbox 324 4558 451 4613; x_wconf 83' lang='lat' dir='ltr'><strong>unde.</strong></span> <span class='ocrx_word' id='word_1_725' title='bbox 474 4560 538 4614; x_wconf 88' lang='lat' dir='ltr'><strong>ad</strong></span> <span class='ocrx_word' id='word_1_726' title='bbox 581 4558 841 4627; x_wconf 75' lang='lat' dir='ltr'><strong>justitiam</strong></span> <span class='ocrx_word' id='word_1_727' title='bbox 895 4557 1194 4614; x_wconf 84' lang='lat' dir='ltr'><strong>faciendam</strong></span> <span class='ocrx_word' id='word_1_728' title='bbox 1219 4554 1313 4589; x_wconf 70' lang='grc'><strong>⁸⁸³⁸</strong></span> <span class='ocrx_word' id='word_1_729' title='bbox 1339 4557 1705 4611; x_wconf 87' lang='lat' dir='ltr'><strong>adducantur:</strong></span> 
     </span>
    </p>
   </div>
   <div class='ocr_carea' id='block_1_93' title="bbox 152 4642 1709 4723">
    <p class='ocr_par' dir='ltr' id='par_1_93' title="bbox 152 4642 1709 4723">
     <span class='ocr_line' id='line_1_94' title="bbox 152 4642 1709 4723; baseline 0.001 -26"><span class='ocrx_word' id='word_1_730' title='bbox 152 4692 155 4697; x_wconf 86' lang='lat'><strong>.</strong></span> <span class='ocrx_word' id='word_1_731' title='bbox 187 4647 232 4692; x_wconf 83' lang='lat' dir='ltr'><strong>et</strong></span> <span class='ocrx_word' id='word_1_732' title='bbox 244 4643 349 4709; x_wconf 86' lang='lat' dir='ltr'><strong>quia</strong></span> <span class='ocrx_word' id='word_1_733' title='bbox 369 4661 468 4709; x_wconf 80' lang='lat' dir='ltr'><strong>non</strong></span> <span class='ocrx_word' id='word_1_734' title='bbox 497 4647 691 4705; x_wconf 86' lang='lat' dir='ltr'><strong>habent</strong></span> <span class='ocrx_word' id='word_1_735' title='bbox 717 4647 903 4702; x_wconf 89' lang='lat' dir='ltr'><strong>domos</strong></span> <span class='ocrx_word' id='word_1_736' title='bbox 947 4645 1014 4707; x_wconf 80' lang='lat' dir='ltr'><strong>ad</strong></span> <span class='ocrx_word' id='word_1_737' title='bbox 1040 4661 1176 4723; x_wconf 85' lang='lat' dir='ltr'><strong>quas</strong></span> <span class='ocrx_word' id='word_1_738' title='bbox 1218 4644 1511 4700; x_wconf 88' lang='lat' dir='ltr'><strong>secundum</strong></span> <span class='ocrx_word' id='word_1_739' title='bbox 1536 4642 1709 4717; x_wconf 88' lang='lat' dir='ltr'><strong>legem</strong></span> 
     </span>
    </p>
   </div>
   <div class='ocr_carea' id='block_1_94' title="bbox 154 4737 1708 4811">
    <p class='ocr_par' dir='ltr' id='par_1_94' title="bbox 154 4737 1708 4811">
     <span class='ocr_line' id='line_1_95' title="bbox 154 4737 1708 4811; baseline 0.001 -19"><span class='ocrx_word' id='word_1_740' title='bbox 154 4786 158 4792; x_wconf 82' lang='grc'><strong>.</strong></span> <span class='ocrx_word' id='word_1_741' title='bbox 193 4737 381 4793; x_wconf 83' lang='lat' dir='ltr'><strong>inanniri</strong></span> <span class='ocrx_word' id='word_1_742' title='bbox 406 4749 459 4793; x_wconf 92' lang='lat' dir='ltr'><strong>et</strong></span> <span class='ocrx_word' id='word_1_743' title='bbox 482 4741 690 4796; x_wconf 87' lang='lat' dir='ltr'><strong>bauuiri</strong></span> <span class='ocrx_word' id='word_1_744' title='bbox 734 4742 961 4811; x_wconf 90' lang='lat' dir='ltr'><strong>possint,</strong></span> <span class='ocrx_word' id='word_1_745' title='bbox 994 4741 1180 4796; x_wconf 91' lang='lat' dir='ltr'><strong>dicunt</strong></span> <span class='ocrx_word' id='word_1_746' title='bbox 1213 4741 1355 4811; x_wconf 89' lang='lat' dir='ltr'><strong>quod</strong></span> <span class='ocrx_word' id='word_1_747' title='bbox 1384 4740 1450 4795; x_wconf 91' lang='lat' dir='ltr'><strong>de</strong></span> <span class='ocrx_word' id='word_1_748' title='bbox 1496 4741 1708 4794; x_wconf 80' lang='lat' dir='ltr'><strong>manni-</strong></span> 
     </span>
    </p>
   </div>
   <div class='ocr_carea' id='block_1_95' title="bbox 195 4814 1710 4902">
    <p class='ocr_par' dir='ltr' id='par_1_95' title="bbox 195 4814 1710 4902">
     <span class='ocr_line' id='line_1_96' title="bbox 195 4814 1710 4902; baseline 0.01 -32"><span class='ocrx_word' id='word_1_749' title='bbox 195 4818 309 4877; x_wconf 86' lang='lat' dir='ltr'><strong>tione</strong></span> <span class='ocrx_word' id='word_1_750' title='bbox 327 4828 403 4881; x_wconf 80' lang='lat' dir='ltr'><strong>vel</strong></span> <span class='ocrx_word' id='word_1_751' title='bbox 427 4814 730 4885; x_wconf 85' lang='lat' dir='ltr'><strong>batmitione</strong></span> <span class='ocrx_word' id='word_1_752' title='bbox 775 4832 983 4901; x_wconf 88' lang='lat' dir='ltr'><strong>legibus</strong></span> <span class='ocrx_word' id='word_1_753' title='bbox 1010 4830 1349 4899; x_wconf 89' lang='lat' dir='ltr'><strong>comprobari</strong></span> <span class='ocrx_word' id='word_1_754' title='bbox 1380 4839 1434 4884; x_wconf 91' lang='lat' dir='ltr'><strong>et</strong></span> <span class='ocrx_word' id='word_1_755' title='bbox 1463 4829 1710 4902; x_wconf 83' lang='lat' dir='ltr'><strong>legalitcr</strong></span> 
     </span>
    </p>
   </div>
   <div class='ocr_carea' id='block_1_96' title="bbox 192 4908 1708 4992">
    <p class='ocr_par' dir='ltr' id='par_1_96' title="bbox 192 4908 1708 4992">
     <span class='ocr_line' id='line_1_97' title="bbox 192 4908 1708 4992; baseline 0.012 -31"><span class='ocrx_word' id='word_1_756' title='bbox 192 4908 376 4974; x_wconf 72' lang='lat' dir='ltr'><strong>indicari</strong></span> <span class='ocrx_word' id='word_1_757' title='bbox 413 4935 510 4975; x_wconf 92' lang='lat' dir='ltr'><strong>non</strong></span> <span class='ocrx_word' id='word_1_758' title='bbox 538 4932 778 4991; x_wconf 89' lang='lat' dir='ltr'><strong>possunt.</strong></span> <span class='ocrx_word' id='word_1_759' title='bbox 809 4924 1006 4977; x_wconf 79' lang='lat' dir='ltr'><strong>Contra</strong></span> <span class='ocrx_word' id='word_1_760' title='bbox 1031 4937 1261 4990; x_wconf 88' lang='lat' dir='ltr'><strong>quorum</strong></span> <span class='ocrx_word' id='word_1_761' title='bbox 1289 4923 1708 4992; x_wconf 77' lang='lat' dir='ltr'><strong>malasinsidias</strong></span> 
     </span>
    </p>
   </div>
   <div class='ocr_carea' id='block_1_97' title="bbox 199 5013 1703 5082">
    <p class='ocr_par' dir='ltr' id='par_1_97' title="bbox 199 5013 1703 5082">
     <span class='ocr_line' id='line_1_98' title="bbox 199 5013 1703 5082; baseline 0.005 -17"><span class='ocrx_word' id='word_1_762' title='bbox 199 5014 414 5066; x_wconf 69' lang='grc' dir='ltr'>θυιιεεηειι</span> <span class='ocrx_word' id='word_1_763' title='bbox 448 5022 502 5072; x_wconf 87' lang='lat' dir='ltr'><strong>et</strong></span> <span class='ocrx_word' id='word_1_764' title='bbox 527 5014 750 5069; x_wconf 86' lang='lat' dir='ltr'><strong>consilio</strong></span> <span class='ocrx_word' id='word_1_765' title='bbox 780 5013 1013 5081; x_wconf 82' lang='lat' dir='ltr'><strong>fidelium</strong></span> <span class='ocrx_word' id='word_1_766' title='bbox 1046 5023 1350 5069; x_wconf 88' lang='lat' dir='ltr'><strong>nostrorum</strong></span> <span class='ocrx_word' id='word_1_767' title='bbox 1394 5017 1703 5082; x_wconf 88' lang='lat' dir='ltr'><strong>statuimus,</strong></span> 
     </span>
    </p>
   </div>
   <div class='ocr_carea' id='block_1_98' title="bbox 156 5099 1703 5175">
    <p class='ocr_par' dir='ltr' id='par_1_98' title="bbox 156 5099 1703 5175">
     <span class='ocr_line' id='line_1_99' title="bbox 156 5099 1703 5175; baseline 0.003 -20"><span class='ocrx_word' id='word_1_768' title='bbox 156 5119 163 5125; x_wconf 90' lang='lat'><strong>&#39;</strong></span> <span class='ocrx_word' id='word_1_769' title='bbox 201 5099 246 5145; x_wconf 68' lang='grc' dir='ltr'>υι</span> <span class='ocrx_word' id='word_1_770' title='bbox 262 5106 417 5156; x_wconf 76' lang='lat' dir='ltr'><strong>comes</strong></span> <span class='ocrx_word' id='word_1_771' title='bbox 451 5103 664 5161; x_wconf 73' lang='lat' dir='ltr'><strong>missum</strong></span> <span class='ocrx_word' id='word_1_772' title='bbox 687 5119 839 5163; x_wconf 88' lang='lat' dir='ltr'><strong>suum</strong></span> <span class='ocrx_word' id='word_1_773' title='bbox 884 5105 951 5160; x_wconf 88' lang='lat' dir='ltr'><strong>ad</strong></span> <span class='ocrx_word' id='word_1_774' title='bbox 977 5103 1122 5159; x_wconf 69' lang='lat' dir='ltr'><strong>illam</strong></span> <span class='ocrx_word' id='word_1_775' title='bbox 1152 5112 1351 5159; x_wconf 83' lang='lat' dir='ltr'><strong>terram</strong></span> <span class='ocrx_word' id='word_1_776' title='bbox 1385 5107 1436 5160; x_wconf 89' lang='lat' dir='ltr'><strong>in</strong></span> <span class='ocrx_word' id='word_1_777' title='bbox 1464 5122 1567 5175; x_wconf 87' lang='lat' dir='ltr'><strong>qua</strong></span> <span class='ocrx_word' id='word_1_778' title='bbox 1610 5106 1703 5159; x_wconf 82' lang='lat' dir='ltr'><strong>do-</strong></span> 
     </span>
    </p>
   </div>
   <div class='ocr_carea' id='block_1_99' title="bbox 1811 4468 3386 4543">
    <p class='ocr_par' dir='ltr' id='par_1_99' title="bbox 1811 4468 3386 4543">
     <span class='ocr_line' id='line_1_100' title="bbox 1811 4468 3386 4543; baseline -0.008 -10"><span class='ocrx_word' id='word_1_779' title='bbox 1811 4492 1975 4533; x_wconf 89' lang='lat' dir='ltr'><strong>causa</strong></span> <span class='ocrx_word' id='word_1_780' title='bbox 2004 4473 2299 4543; x_wconf 23' lang='lat' dir='ltr'><strong>iiij‘nuctum</strong></span> <span class='ocrx_word' id='word_1_781' title='bbox 2329 4471 2510 4534; x_wconf 89' lang='lat' dir='ltr'><strong>fuerit,</strong></span> <span class='ocrx_word' id='word_1_782' title='bbox 2559 4478 2822 4539; x_wconf 89' lang='lat' dir='ltr'><strong>quantum</strong></span> <span class='ocrx_word' id='word_1_783' title='bbox 2868 4468 3094 4523; x_wconf 89' lang='lat' dir='ltr'><strong>scierint</strong></span> <span class='ocrx_word' id='word_1_784' title='bbox 3121 4473 3174 4539; x_wconf 87' lang='lat' dir='ltr'><strong>e_t</strong></span> <span class='ocrx_word' id='word_1_785' title='bbox 3200 4475 3386 4536; x_wconf 76' lang='lat' dir='ltr'><strong>potue-</strong></span> 
     </span>
    </p>
   </div>
   <div class='ocr_carea' id='block_1_100' title="bbox 1812 4555 3385 4629">
    <p class='ocr_par' dir='ltr' id='par_1_100' title="bbox 1812 4555 3385 4629">
     <span class='ocr_line' id='line_1_101' title="bbox 1812 4555 3385 4629; baseline -0.007 -10"><span class='ocrx_word' id='word_1_786' title='bbox 1812 4566 1949 4629; x_wconf 76' lang='lat' dir='ltr'><strong>rint,</strong></span> <span class='ocrx_word' id='word_1_787' title='bbox 1989 4564 2215 4618; x_wconf 89' lang='lat' dir='ltr'><strong>debeant</strong></span> <span class='ocrx_word' id='word_1_788' title='bbox 2242 4560 2471 4615; x_wconf 89' lang='lat' dir='ltr'><strong>fideliter</strong></span> <span class='ocrx_word' id='word_1_789' title='bbox 2499 4559 2810 4622; x_wconf 88' lang='lat' dir='ltr'><strong>observare,</strong></span> <span class='ocrx_word' id='word_1_790' title='bbox 2841 4564 2896 4612; x_wconf 91' lang='lat' dir='ltr'><strong>et</strong></span> <span class='ocrx_word' id='word_1_791' title='bbox 2939 4556 3086 4611; x_wconf 89' lang='lat' dir='ltr'><strong>illum</strong></span> <span class='ocrx_word' id='word_1_792' title='bbox 3111 4555 3385 4610; x_wconf 88' lang='lat' dir='ltr'><strong>hominem</strong></span> 
     </span>
    </p>
   </div>
   <div class='ocr_carea' id='block_1_101' title="bbox 1810 4644 3387 4726">
    <p class='ocr_par' dir='ltr' id='par_1_101' title="bbox 1810 4644 3387 4726">
     <span class='ocr_line' id='line_1_102' title="bbox 1810 4644 3387 4726; baseline -0.004 -21"><span class='ocrx_word' id='word_1_793' title='bbox 1810 4670 1969 4726; x_wconf 88' lang='lat' dir='ltr'><strong>quem</strong></span> <span class='ocrx_word' id='word_1_794' title='bbox 1999 4652 2221 4711; x_wconf 87' lang='lat' dir='ltr'><strong>scierint</strong></span> <span class='ocrx_word' id='word_1_795' title='bbox 2249 4664 2457 4704; x_wconf 91' lang='lat' dir='ltr'><strong>merum</strong></span> <span class='ocrx_word' id='word_1_796' title='bbox 2491 4654 2546 4702; x_wconf 90' lang='lat' dir='ltr'><strong>et</strong></span> <span class='ocrx_word' id='word_1_797' title='bbox 2579 4647 2718 4702; x_wconf 87' lang='lat' dir='ltr'><strong>bene</strong></span> <span class='ocrx_word' id='word_1_798' title='bbox 2752 4654 3065 4716; x_wconf 86' lang='lat' dir='ltr'><strong>pensantem</strong></span> <span class='ocrx_word' id='word_1_799' title='bbox 3105 4644 3387 4699; x_wconf 88' lang='lat' dir='ltr'><strong>denarium</strong></span> 
     </span>
    </p>
   </div>
   <div class='ocr_carea' id='block_1_102' title="bbox 1810 4733 3391 4805">
    <p class='ocr_par' dir='ltr' id='par_1_102' title="bbox 1810 4733 3391 4805">
     <span class='ocr_line' id='line_1_103' title="bbox 1810 4733 3391 4805; baseline -0.006 -7"><span class='ocrx_word' id='word_1_800' title='bbox 1810 4742 2035 4805; x_wconf 90' lang='lat' dir='ltr'><strong>reicere,</strong></span> <span class='ocrx_word' id='word_1_801' title='bbox 2064 4757 2168 4796; x_wconf 90' lang='lat' dir='ltr'><strong>non</strong></span> <span class='ocrx_word' id='word_1_802' title='bbox 2212 4741 2446 4796; x_wconf 88' lang='lat' dir='ltr'><strong>debeant</strong></span> <span class='ocrx_word' id='word_1_803' title='bbox 2487 4738 2700 4802; x_wconf 88' lang='lat' dir='ltr'><strong>celare,</strong></span> <span class='ocrx_word' id='word_1_804' title='bbox 2743 4736 2836 4791; x_wconf 86' lang='lat' dir='ltr'><strong>sed</strong></span> <span class='ocrx_word' id='word_1_805' title='bbox 2887 4734 3152 4790; x_wconf 87' lang='lat' dir='ltr'><strong>ministris</strong></span> <span class='ocrx_word' id='word_1_806' title='bbox 3182 4733 3259 4788; x_wconf 88' lang='lat' dir='ltr'><strong>rei</strong></span> <span class='ocrx_word' id='word_1_807' title='bbox 3293 4749 3391 4803; x_wconf 86' lang='lat' dir='ltr'><strong>pu-</strong></span> 
     </span>
    </p>
   </div>
   <div class='ocr_carea' id='block_1_103' title="bbox 1812 4826 3392 4894">
    <p class='ocr_par' dir='ltr' id='par_1_103' title="bbox 1812 4826 3392 4894">
     <span class='ocr_line' id='line_1_104' title="bbox 1812 4826 3392 4894; baseline -0.008 -4"><span class='ocrx_word' id='word_1_808' title='bbox 1812 4834 1964 4890; x_wconf 60' lang='lat' dir='ltr'><strong>blica:</strong></span> <span class='ocrx_word' id='word_1_809' title='bbox 2008 4832 2132 4888; x_wconf 85' lang='lat' dir='ltr'><strong>eum</strong></span> <span class='ocrx_word' id='word_1_810' title='bbox 2179 4832 2410 4887; x_wconf 89' lang='lat' dir='ltr'><strong>debeant</strong></span> <span class='ocrx_word' id='word_1_811' title='bbox 2461 4841 2650 4885; x_wconf 89' lang='lat' dir='ltr'><strong>notum</strong></span> <span class='ocrx_word' id='word_1_812' title='bbox 2698 4829 2895 4889; x_wconf 84' lang='lat' dir='ltr'><strong>facere.</strong></span> <span class='ocrx_word' id='word_1_813' title='bbox 2948 4826 3025 4881; x_wconf 92' lang='lat' dir='ltr'><strong>De</strong></span> <span class='ocrx_word' id='word_1_814' title='bbox 3072 4840 3180 4894; x_wconf 91' lang='lat' dir='ltr'><strong>quo</strong></span> <span class='ocrx_word' id='word_1_815' title='bbox 3207 4835 3392 4879; x_wconf 85' lang='lat' dir='ltr'><strong>sacra-</strong></span> 
     </span>
    </p>
   </div>
   <div class='ocr_carea' id='block_1_104' title="bbox 1814 4913 3397 4992">
    <p class='ocr_par' dir='ltr' id='par_1_104' title="bbox 1814 4913 3397 4992">
     <span class='ocr_line' id='line_1_105' title="bbox 1814 4913 3397 4992; baseline -0.007 -14"><span class='ocrx_word' id='word_1_816' title='bbox 1814 4932 1995 4981; x_wconf 86' lang='lat' dir='ltr'><strong>mento</strong></span> <span class='ocrx_word' id='word_1_817' title='bbox 2016 4923 2324 4992; x_wconf 83' lang='lat' dir='ltr'><strong>quicunque</strong></span> <span class='ocrx_word' id='word_1_818' title='bbox 2348 4921 2729 4990; x_wconf 87' lang='lat' dir='ltr'><strong>comprobatus</strong></span> <span class='ocrx_word' id='word_1_819' title='bbox 2769 4918 2931 4974; x_wconf 89' lang='lat' dir='ltr'><strong>fuerit</strong></span> <span class='ocrx_word' id='word_1_820' title='bbox 2973 4913 3309 4985; x_wconf 88' lang='lat' dir='ltr'><strong>perjuratus,</strong></span> <span class='ocrx_word' id='word_1_821' title='bbox 3340 4921 3397 4967; x_wconf 89' lang='lat' dir='ltr'><strong>ct</strong></span> 
     </span>
    </p>
   </div>
   <div class='ocr_carea' id='block_1_105' title="bbox 1813 5006 3395 5083">
    <p class='ocr_par' dir='ltr' id='par_1_105' title="bbox 1813 5006 3395 5083">
     <span class='ocr_line' id='line_1_106' title="bbox 1813 5006 3395 5083; baseline -0.006 -15"><span class='ocrx_word' id='word_1_822' title='bbox 1813 5013 2103 5075; x_wconf 86' lang='lat' dir='ltr'><strong>secundum</strong></span> <span class='ocrx_word' id='word_1_823' title='bbox 2149 5011 2323 5081; x_wconf 83' lang='lat' dir='ltr'><strong>legem</strong></span> <span class='ocrx_word' id='word_1_824' title='bbox 2370 5012 2699 5066; x_wconf 89' lang='lat' dir='ltr'><strong>mundanam</strong></span> <span class='ocrx_word' id='word_1_825' title='bbox 2730 5018 2788 5083; x_wconf 84' lang='lat' dir='ltr'><strong>ut</strong></span> <span class='ocrx_word' id='word_1_826' title='bbox 2828 5010 3077 5080; x_wconf 86' lang='lat' dir='ltr'><strong>perjurus</strong></span> <span class='ocrx_word' id='word_1_827' title='bbox 3105 5006 3395 5073; x_wconf 87' lang='lat' dir='ltr'><strong>puniatur,</strong></span> 
     </span>
    </p>
   </div>
   <div class='ocr_carea' id='block_1_106' title="bbox 1814 5093 3403 5169">
    <p class='ocr_par' dir='ltr' id='par_1_106' title="bbox 1814 5093 3403 5169">
     <span class='ocr_line' id='line_1_107' title="bbox 1814 5093 3403 5169; baseline -0.004 -12"><span class='ocrx_word' id='word_1_828' title='bbox 1814 5103 1954 5157; x_wconf 86' lang='lat' dir='ltr'><strong>sicut</strong></span> <span class='ocrx_word' id='word_1_829' title='bbox 1978 5101 2032 5154; x_wconf 91' lang='lat' dir='ltr'><strong>in</strong></span> <span class='ocrx_word' id='word_1_830' title='bbox 2054 5099 2343 5169; x_wconf 82' lang='lat' dir='ltr'><strong>capitulari</strong></span> <span class='ocrx_word' id='word_1_831' title='bbox 2374 5101 2718 5160; x_wconf 81' lang='lat' dir='ltr'><strong>decessurum</strong></span> <span class='ocrx_word' id='word_1_832' title='bbox 2763 5116 2827 5162; x_wconf 84' lang='lat' dir='ltr'><strong>ac</strong></span> <span class='ocrx_word' id='word_1_833' title='bbox 2857 5093 3277 5169; x_wconf 83' lang='lat' dir='ltr'><strong>progenitorum</strong></span> <span class='ocrx_word' id='word_1_834' title='bbox 3307 5112 3403 5153; x_wconf 85' lang='lat' dir='ltr'><strong>no-</strong></span> 
     </span>
    </p>
   </div>
   <div class='ocr_carea' id='block_1_107' title="bbox 1378 5188 2054 5250">
    <p class='ocr_par' dir='ltr' id='par_1_107' title="bbox 1378 5188 2054 5250">
     <span class='ocr_line' id='line_1_108' title="bbox 1378 5188 2054 5250; baseline -0.009 -2"><span class='ocrx_word' id='word_1_835' title='bbox 1378 5191 1611 5250; x_wconf 67' lang='lat' dir='ltr'><strong>VARIAS</strong></span> <span class='ocrx_word' id='word_1_836' title='bbox 1652 5188 2054 5248; x_wconf 81' lang='lat' dir='ltr'><strong>LECTIONES.</strong></span> 
     </span>
    </p>
   </div>
   <div class='ocr_carea' id='block_1_108' title="bbox 257 5300 1283 5340">
    <p class='ocr_par' dir='ltr' id='par_1_108' title="bbox 257 5300 1283 5340">
     <span class='ocr_line' id='line_1_109' title="bbox 257 5300 1283 5340; baseline 0.011 -11"><span class='ocrx_word' id='word_1_837' title='bbox 257 5300 330 5333; x_wconf 71' lang='lat' dir='ltr'><strong>m0</strong></span> <span class='ocrx_word' id='word_1_838' title='bbox 355 5307 530 5340; x_wconf 65' lang='grc' dir='ltr'><strong>..ωηςο</strong></span> <span class='ocrx_word' id='word_1_839' title='bbox 558 5310 590 5340; x_wconf 75' lang='lat' dir='ltr'><strong>&#39;x</strong></span> <span class='ocrx_word' id='word_1_840' title='bbox 690 5312 778 5340; x_wconf 75' lang='grc' dir='ltr'>ιοιο</span> <span class='ocrx_word' id='word_1_841' title='bbox 802 5311 864 5340; x_wconf 67' lang='grc' dir='ltr'><strong>...ι</strong></span> <span class='ocrx_word' id='word_1_842' title='bbox 896 5309 1220 5340; x_wconf 73' lang='grc' dir='ltr'><strong>ε..ι..,.ι;ι.ε..ηι</strong></span> <span class='ocrx_word' id='word_1_843' title='bbox 1250 5309 1283 5340; x_wconf 65' lang='grc' dir='ltr'><strong>’ξ</strong></span> 
     </span>
    </p>
   </div>
   <div class='ocr_carea' id='block_1_109' title="bbox 1382 5308 1902 5340">
    <p class='ocr_par' dir='ltr' id='par_1_109' title="bbox 1382 5308 1902 5340">
     <span class='ocr_line' id='line_1_110' title="bbox 1382 5308 1902 5340; baseline 0 0"><span class='ocrx_word' id='word_1_844' title='bbox 1382 5312 1468 5340; x_wconf 72' lang='lat' dir='ltr'><strong>HI“</strong></span> <span class='ocrx_word' id='word_1_845' title='bbox 1496 5310 1845 5340; x_wconf 62' lang='lat' dir='ltr'><strong>nn-nnlinonun</strong></span> <span class='ocrx_word' id='word_1_846' title='bbox 1869 5308 1902 5340; x_wconf 63' lang='grc' dir='ltr'><strong>’ζ</strong></span> 
     </span>
    </p>
   </div>
   <div class='ocr_carea' id='block_1_110' title="bbox 2001 5302 2359 5340">
    <p class='ocr_par' dir='ltr' id='par_1_110' title="bbox 2001 5302 2359 5340">
     <span class='ocr_line' id='line_1_111' title="bbox 2001 5302 2359 5340; baseline 0 0"><span class='ocrx_word' id='word_1_847' title='bbox 2001 5302 2092 5335; x_wconf 66' lang='grc' dir='ltr'><strong>ίοῗί</strong></span> <span class='ocrx_word' id='word_1_848' title='bbox 2134 5303 2277 5340; x_wconf 64' lang='lat' dir='ltr'><strong>donat</strong></span> <span class='ocrx_word' id='word_1_849' title='bbox 2326 5306 2359 5340; x_wconf 63' lang='grc' dir='ltr'>κ</span> 
     </span>
    </p>
   </div>
   <div class='ocr_carea' id='block_1_111' title="bbox 2461 5291 3481 5340">
    <p class='ocr_par' dir='ltr' id='par_1_111' title="bbox 2461 5291 3481 5340">
     <span class='ocr_line' id='line_1_112' title="bbox 2461 5291 3481 5340; baseline 0.003 -3"><span class='ocrx_word' id='word_1_850' title='bbox 2461 5304 2553 5337; x_wconf 70' lang='grc'><strong>101³</strong></span> <span class='ocrx_word' id='word_1_851' title='bbox 2582 5303 2606 5340; x_wconf 86' lang='lat' dir='ltr'><strong>t‘</strong></span> <span class='ocrx_word' id='word_1_852' title='bbox 2650 5319 2714 5340; x_wconf 81' lang='lat' dir='ltr'><strong>nn</strong></span> <span class='ocrx_word' id='word_1_853' title='bbox 2743 5300 2884 5340; x_wconf 77' lang='lat' dir='ltr'><strong>man</strong></span> <span class='ocrx_word' id='word_1_854' title='bbox 2921 5312 3026 5340; x_wconf 82' lang='lat' dir='ltr'><strong>nml</strong></span> <span class='ocrx_word' id='word_1_855' title='bbox 3068 5294 3314 5340; x_wconf 68' lang='lat' dir='ltr'><strong>habeam</strong></span> <span class='ocrx_word' id='word_1_856' title='bbox 3347 5300 3397 5340; x_wconf 61' lang='grc' dir='ltr'><strong>Ξ.</strong></span> <span class='ocrx_word' id='word_1_857' title='bbox 3474 5291 3481 5299; x_wconf 49' lang='grc'><strong>’</strong></span> 
     </span>
    </p>
   </div>
  </div>
