3874 5340
550 342 664 419 ros

1296 336 1587 393 APPEND.
1616 334 1707 390 AD
1743 330 1918 388 SJEC.
1960 330 2027 383 Χ.
2069 358 2137 368 -
2172 325 2599 382 ΜΟΝΒΜΕΝΤΑ
2642 280 3115 379 ῡιῐιιόδιΑτιεΑ.

3675 320 3755 376 τοι

548 466 786 512 urorum
815 454 1124 511 continetur
1173 451 1226 506 in
1272 452 1377 507 fine
1402 446 1621 518 capituli
1652 442 1843 501 decimi
1873 457 1937 498 ex
1969 440 2127 494 tertio
2156 436 2202 493 Α
2302 433 2389 487 η.
2420 431 2491 488 Ut
2526 432 2581 487 iu
2612 430 2872 501 proximis
2914 427 3167 518 Kalendis
3193 424 3316 518 Julii
3352 441 3454 497 per
3490 427 3620 518 hanc
3654 431 3757 486 duo-
3840 468 3841 501 ξ

548 548 712 610 ωτι-ο⁹
741 555 796 602 ει
821 545 1113 602 secundum
1143 543 1315 614 ιεμιη
1340 515 1764 599 οεοιέείεειίοειη
1794 537 1883 569 ιοιτ
1905 535 2132 607 publica
2234 523 2496 582 decimam
2525 521 2873 576 indietionem
2910 517 3107 617 haheat
3143 518 3196 572 in
3216 515 3548 617 -Silvanectis
3576 517 3756 575 civitate

551 636 882 706 parnitcntire
904 636 1206 703 subigatur.

2230 614 2599 684 unusquisque
2621 627 2804 668 comes
2832 610 2887 665 in
2914 609 3070 679 cujus
3092 609 3348 665 comitatu
3377 618 3641 664 monetam
3665 625 3757 667 esse

623 746 712 800 ao.
736 743 806 800 υι
833 745 903 799 ab
951 693 1066 812 ips;
1121 743 1285 798 missa
1340 741 1513 798 sancti
1562 741 1777 796 Martini
1829 755 1927 810 per
1971 752 2132 793 omne
2224 693 3761 812 ⁵¹ἴῖ⁵⁸⁵Ἰ¹¹¹¹⁸τῒίθῗῗίῗῖηἶίῗᾚ.ῗ¹ῗῗ¹ἷ¹.ῗ¹¹.¹ἷ¹ἱῖ¹ἔῖ¹ἶξ¹ἒῗῗῖῗ’ΞἾῬῨ

2232 796 2390 852 nibus
2416 795 2507 865 qui
2541 794 2592 848 in
2623 791 2738 861 ejus
2767 793 3022 849 comitatu
3046 805 3133 845 res
3160 795 3217 845 et
3232 787 3506 858 mancipia
3527 787 3610 843 vel
3629 789 3759 845 bene.
3840 784 3841 847 ξ

2234 884 2355 939 licia
2405 883 2754 947 babeant,et
2794 896 2948 936 suum
2996 878 3352 945 monetarium
3394 891 3520 932 cum
3548 878 3666 948 ipsis
3689 878 3757 934 hac
3840 910 3841 948 ;

552 849 776 904 regnum
807 841 1075 897 nostrum,
1133 845 1239 886 non
1268 832 1373 888 nisi
1423 831 1581 887 istius
1606 839 1801 886 nostrae.
1838 844 1989 885 nova:
2018 844 2145 884 mo-

548 933 687 978 ιιι-ιω
717 924 851 979 meri
878 931 933 978 et
962 924 1100 978 bene
1126 918 1418 992 pensantes
1447 923 1652 979 denarii
1683 923 2035 994 accipiantur.
2068 922 2134 976 Et

550 1014 880 1082 quicumque
929 1012 999 1067 ab
1034 1013 1124 1068 illa
1156 1014 1244 1069 die
1273 1014 1437 1069 alium
1491 1013 1775 1068 denarium
1822 1012 2143 1082 negotiandi;

548 1114 714 1157 causa
749 1102 1067 1173 protulerit,
1112 1118 1143 1157 a
1185 1104 1383 1159 comite
1428 1111 1483 1157 et
1523 1116 1553 1156 a
1582 1101 1676 1135 ⁸⁸³⁸
1714 1102 1979 1157 ministris
2015 1101 2133 1171 ejus

552 1192 833 1248 auferatur
859 1194 951 1226 ⁸⁸⁸⁸
987 1194 1055 1249 ab
1075 1209 1142 1249 eo
1165 1210 1180 1261 ;
1235 1194 1378 1249 sicut
1401 1194 1453 1248 in
1482 1193 1618 1248 libro
1644 1192 2015 1262 Capitnlorutn
2041 1206 2128 1246 se-

524 1283 745 1351 ‘cundo,
771 1284 979 1339 decimo
1003 1295 1195 1340 octavo
1223 1283 1479 1354 capitulo,
1515 1283 1845 1339 continetur.

627 1373 715 1428 ll.
747 1372 814 1429 Ut
842 1372 896 1427 in
944 1373 1182 1429 denariis
1226 1389 1377 1429 novre
1418 1382 1620 1429 nostra:
1657 1382 1887 1430 monetae
1928 1389 1999 1429 ex-
2025 1387 2130 1429 una

552 1471 707 1532 parte
733 1477 928 1518 nomen
956 1472 1200 1518 nostrum
1238 1463 1503 1520 habeatur
1529 1465 1582 1519 in
1607 1481 1738 1535 gyro
1778 1474 1832 1519 et
1872 1464 1924 1519 in
1955 1466 2143 1521 medio

551 1554 723 1612 nostri
769 1556 1003 1612 nominis
1032 1571 1467 1628 monogramma,
1507 1573 1576 1612 ex
1622 1558 1793 1612 altera
1824 1573 1952 1614 vero
1974 1567 2130 1628 parte

551 1661 751 1702 nomen
776 1646 1012 1701 civitatis
1039 1654 1096 1701 et
1122 1646 1174 1702 in
1199 1647 1377 1703 medio
1404 1662 1544 1703 crux
1568 1647 1851 1703 habeatur.

552 1856 812 1914 strorum,
860 1850 1003 1905 sicut
1044 1850 1098 1905 in
1129 1851 1343 1907 illorum
1373 1852 1626 1921 capitulis
1672 1853 1962 1917 invenitur,
1992 1867 2127 1908 con-

2230 974 2358 1029 beat
2371 973 2492 1038 ¹⁰⁸²;
2513 980 2780 1041 quatenus
2795 970 2866 1024 ibi
2888 968 3157 1040 accipiant
3169 982 3268 1038 per
3283 982 3479 1022 manus
3492 981 3609 1022 suas
3621 965 3677 1021 de
3694 983 3758 1022 ca-
3840 965 3841 1041 1

2232 1080 2378 1122 mera
2395 1072 2576 1123 nostra
2594 1064 2661 1118 ad
2675 1077 2810 1133 opus
2827 1060 3247 1131 uniuscujusque
3260 1056 3548 1113 monetarii
3567 1057 3628 1114 de
3644 1073 3758 1114 mero

2232 1164 2456 1226 argento
2482 1169 2608 1208 cum
2646 1168 2809 1224 pensa
2837 1150 3004 1205 libras
3032 1149 3289 1219 quinque,
3324 1155 3388 1203 ut
3424 1147 3614 1203 habeat
3650 1148 3758 1203 unde

2231 1244 2442 1300 initium
2473 1241 2777 1298 utonetandi
2823 1240 2992 1312 possit
3042 1239 3313 1308 incipere;
3349 1244 3408 1292 et
3457 1251 3666 1307 pensam
3693 1253 3758 1291 ar-

2230 1333 2374 1402 genti
2419 1348 2580 1404 quam
2635 1347 2713 1387 ex.
2754 1344 2971 1386 camera
3017 1336 3205 1381 nostra
3264 1325 3539 1395 acceperit
3565 1325 3666 1390 “'3,
3687 1340 3759 1396 per

2231 1436 2424 1476 manus
2469 1436 2669 1474 eorum.
2707 1434 2805 1489 per
2850 1432 2986 1487 quas
3022 1414 3115 1447 ³⁸³⁸⁸
3144 1413 3272 1469 illud
3314 1413 3546 1482 accepit,
3580 1413 3757 1468 sabbato

2232 1516 2360 1563 ante
2388 1506 2596 1563 initium
2627 1505 3053 1577 quadragesimae
3079 1501 3456 1558 in~.monetatis
3493 1503 3702 1558 denariis
3716 1504 3755 1557 in
3840 1501 3841 1567 ξ

2231 1597 2453 1669 pnefato
2483 1597 2681 1653 loco—et
2713 1596 2805 1629 ¹⁰⁸⁸
2825 1611 2946 1651 cum
2978 1594 3089 1665 ipsa
3119 1609 3287 1664 pensa
3318 1593 3415 1628 ¹⁶⁸⁶
3437 1609 3557 1648 cum
3580 1608 3670 1663 qua
3688 1609 3753 1647 ar-

2231 1697 2449 1760 gentum
2471 1698 2780 1758 acceperat,
2796 1686 3168 1756 unusquisque
3194 1684 3530 1741 monetarius
3545 1685 3595 1740 in
3610 1693 3754 1741 nostra
3840 1724 3841 1741 ξ

620 1756 709 1811 l2.
752 1757 1050 1828 Sequentes
1071 1760 1511 1816 consuetudinem
1534 1762 1988 1830 praidccessorum
2032 1776 2145 1816 no.
2160 1783 2207 1843 Β
2234 1756 2452 1835 ξδηιεη
2490 1756 2711 1832 reddat.

2303 1870 2387 1924 15.
2419 1867 2486 1924 Ut
2513 1867 2687 1922 nullus
2716 1882 2883 1923 more
2913 1865 3073 1922 solito
3101 1880 3215 1936 pro
3240 1863 3349 1920 ullo
3380 1863 3532 1921 lucro
3555 1864 3631 1923 vel
3659 1880 3753 1919 ava-

550 1944 856 2010 stituimus,
908 1954 968 1999 ut
1014 1945 1067 1998 in
1096 1945 1242 2000 nullo
1275 1945 1394 2000 loco
1439 1946 1546 2001 alio
1568 1946 1661 1977 ⁸⁸⁸⁸
1709 1946 1761 2000 in
1787 1945 1934 2000 omni
1964 1960 2132 2016 regno

2232 1961 2355 2016 ritia
2385 1961 2487 2015 hoc
2535 1958 2725 2015 leviter
2751 1958 3017 2027 accipiat;
3065 1956 3160 2011 sed
3193 1970 3387 2011 omnes
3437 1955 3504 2010 ab
3543 1954 3657 2025 ipsis
3679 1953 3755 2006 Ea-

552 2041 737 2087 nostro
779 2043 993 2088 moneta
1029 2033 1140 2098 fiat,
1192 2034 1296 2088 nisi
1350 2034 1403 2088 in
1453 2034 1655 2105 palatio
1697 2043 1917 2100 nostro,
1974 2044 2029 2090 et
2075 2034 2137 2090 in.

552 2121 885 2188 Quentovico
915 2122 1003 2155 ¹⁰⁵¹
1034 2139 1099 2179 ac
1148 2124 1447 2195 Rotomago
1474 2125 1590 2191 ηδ’,
1639 2141 1758 2196 quze
1808 2134 2021 2181 moneta
2063 2127 2139 2181 ad

551 2210 941 2278 Quentovicum
968 2228 1035 2267 ex
1059 2213 1275 2282 antiqua
1304 2216 1691 2271 consuetudine
1718 2216 1969 2285 pertinet,
1994 2226 2048 2271 et
2076 2216 2128 2271 in

558 2299 761 2363 llemis,
802 2310 856 2355 et
885 2301 939 2355 in
989 2300 1248 2364 Senonis,
1299 2311 1355 2356 et
1398 2302 1450 2356 in
1479 2303 1724 2367 Parisio,
1772 2313 1827 2358 et
1878 2305 1931 2359 in
1957 2304 2131 2359 Aure-

549 2390 728 2457 lianis,
761 2399 817 2446 et
846 2390 899 2446 in
925 2391 1204 2448 Cavilluno
1228 2391 1353 2461 l’”,
1395 2403 1449 2450 et
1481 2394 1534 2449 in
1564 2394 1803 2463 Metullo,
1834 2405 1890 2452 et
1916 2396 1969 2450 in
1998 2395 2145 2451 Nar-

550 2479 692 2536 bona
717 2480 833 2537 ¹⁶⁸⁶.

622 2590 709 2646 15.
741 2592 813 2649 Ut
857 2592 913 2649 bi
940 2593 995 2649 in
1024 2611 1253 2666 quorum
1303 2605 1573 2667 potestate
1624 2598 1881 2669 deinceps
1918 2608 2141 2656 moneta

549 2688 931 2758 permanserit,
989 2689 1137 2744 omni
1194 2690 1368 2760 gratia
1419 2702 1475 2747 et
1523 2691 1817 2761 cupiditate
1864 2707 1959 2746 seu
1983 2692 2134 2747 lucro

547 2778 847 2848 postposito
877 2777 1066 2837 fideles
1097 2783 1429 2840 monetarios
1457 2784 1697 2856 eligant,
1730 2786 1871 2841 sicut
1921 2785 2017 2841 Dei
2041 2787 2141 2859 ηιξ

548 2874 603 2920 et
634 2876 871 2922 nostram
905 2871 1134 2942 gratiam
1175 2873 1361 2928 volunt
1390 2875 1608 2931 habere.
1660 2875 1728 2930 Et
1758 2877 1858 2946 ipsi
1887 2885 2133 2932 moneta-

550 2957 616 3011 rii
648 2958 831 3028 jurent
864 2961 1006 3030 quod
1063 2962 1237 3030 ipsum
1275 2963 1657 3029 ministerium,
1706 2975 1965 3035 quantum
1997 2971 2135 3025 scie-

552 3046 662 3100 rint
695 3055 749 3103 et
774 3050 1072 3119 potuerint,
1102 3050 1330 3109 ﬁdeliter
1359 3053 1577 3109 faciant.
1626 3055 1694 3111 Et
1719 3057 1943 3113 mixtura
1968 3060 2125 3115 dena-

2230 2050 2402 2105 lendis
2449 2049 2574 2105 Julii
2629 2056 2911 2119 argentum
2953 2061 3109 2101 suum
3139 2046 3189 2099 in
3221 2044 3531 2101 constitutis
3573 2044 3752 2098 monetis

2229 2139 2590 2197 concambiari
2620 2137 2843 2204 faciant,
2868 2138 3103 2193 scientes
3125 2137 3252 2208 quia
3282 2136 3634 2208 posgmissam
3657 2150 3751 2189 sau-
3840 2186 3841 2191 η

2229 2230 2299 2285 cti
2331 2227 2545 2283 Martini
2594 2227 2724 2282 nulli
2756 2209 2851 2282 alii
2903 2225 3109 2282 denarii
3163 2225 3218 2281 in
3273 2241 3444 2297 regno
3492 2235 3656 2280 nostro
3674 2224 3748 2277 nisi
3840 2218 3841 2245 ³

2230 2321 2387 2376 istius
2426 2336 2576 2375 novre
2605 2329 2801 2375 nostra:
2842 2328 3070 2374 monetae
3108 2317 3467 2388 recipientur,
3492 2326 3545 2373 et
3570 2317 3631 2372 ab
3659 2317 3751 2387 ipsis
3840 2360 3841 2373 ς

2232 2410 2488 2467 Kalendis
2522 2409 2649 2465 Julii
2700 2410 2800 2480 ipsi
2847 2410 2969 2465 novi
3019 2409 3228 2465 denarii
3257 2410 3326 2465 ah
3356 2409 3602 2464 omnibus
3642 2408 3748 2462 acci-

2231 2503 2469 2573 piantur.
2514 2501 2578 2555 Et
2602 2499 2931 2570 quicumque
2958 2498 3097 2555 liber
3124 2499 3286 2555 homo
3334 2498 3434 2532 ⁸⁸⁸⁷
3471 2498 3537 2553 ab
3571 2496 3666 2567 ipso
3687 2496 3748 2550 die

2234 2593 2516 2649 denarium
2568 2607 2779 2647 merum
2834 2607 2987 2646 novre
3023 2599 3225 2647 nostra:
3271 2597 3507 2646 monetae
3540 2589 3588 2643 in
3629 2601 3750 2656 regno

2236 2694 2421 2739 nostro
2463 2682 2742 2753 rejecerit,
2780 2682 2921 2738 sicut
2950 2682 3000 2737 in
3040 2680 3261 2753 praefato
3291 2681 3434 2737 libro
3473 2690 3525 2736 et
3568 2676 3749 2748 capitulo

2238 2776 2383 2846 regio
2415 2775 2741 2839 continetur,
2789 2775 3027 2829 bannum
3064 2782 3330 2837 nostrum,
3374 2773 3431 2828 id
3478 2781 3558 2828 est
3600 2768 3749 2831 solidos

2234 2864 2536 2938 sexaginta.
2564 2872 2869 2941 componat.
2901 2863 2959 2927 Si
3000 2879 3127 2928 vero
3155 2874 3295 2927 servi
3338 2868 3665 2927 ecclesiastici
3685 2876 3746 2919 aut

2237 2961 2492 3015 comitum
2544 2971 2637 3015 aut
2695 2962 3050 3017 vassallornm
3109 2972 3423 3017 nostrorum
3475 2962 3569 3015 hoc
3614 2956 3751 3011 facere

2238 3052 2700 3122 prmsumpserint,
2731 3052 2857 3121 quia
2888 3052 2941 3106 in
2982 3052 3208 3122 praefato
3238 3050 3520 3120 capitulari
3558 3044 3747 3102 contine-

550 3136 688 3192 rium
725 3147 779 3194 et
817 3139 995 3196 minus
1022 3158 1185 3211 quam
1239 3144 1399 3199 debet
1430 3149 1750 3214 pensantem
1796 3164 1902 3204 non
1938 3166 2128 3208 mone-

2236 3149 2321 3195 tur
2350 3149 2407 3194 ttt
2430 3142 2713 3211 sexaginta
2743 3141 2940 3196 ictibus
2969 3139 3258 3210 vapulent,
3284 3149 3338 3194 et
3384 3141 3493 3194 hac
3525 3134 3749 3192 occasione

553 3235 782 3283 tentnec
803 3230 1174 3284 monetarim‘
1188 3234 1550 3289 consentiant.
1578 3236 1641 3290 Et
1669 3237 1786 3293 sine
1808 3238 1912 3293 nlla
1946 3241 2132 3298 fraude

549 3325 604 3369 et
618 3316 821 3387 absque
844 3318 984 3373 malo
1006 3321 1218 3390 ingenio
1251 3334 1439 3378 contra
1462 3341 1554 3380 eos
1577 3343 1804 3397 quorum
1850 3339 2129 3402 argentum

551 3407 618 3461 ad
660 3410 993 3480 purgandum
1024 3413 1368 3485 acceperint,
1422 3415 1597 3485 ipsum
1638 3428 1918 3490 argentum
1948 3436 2133 3478 exme-

552 3508 693 3562 rent.
725 3509 779 3555 et
802 3500 1117 3557 sinefraude
1132 3512 1238 3557 tam
1269 3505 1502 3574 inpensa
1524 3522 1684 3577 quam
1719 3509 1771 3563 in
1815 3513 2133 3583 purgatione

551 3587 804 3644 denarios
819 3593 1215 3649 concambient.
1248 3595 1446 3651 Contra
1487 3598 1629 3667 quod
1647 3586 2043 3659 sacramentum
2084 3605 2131 3661 si

550 3681 773 3750 quilibet
787 3684 977 3741 fecisse
991 3696 1265 3757 reputatus
1288 3690 1378 3722 ¹⁰⁵⁷
1393 3690 1577 3756 fuerit,
1599 3691 1804 3763 judicio
1820 3694 1913 3750 Dei
1926 3710 1985 3750 se
2001 3712 2132 3751 exa-

552 3772 719 3828 minet
749 3774 841 3809 m'
866 3794 879 3829 :
909 3785 961 3832 et
990 3779 1130 3833 sicut
1181 3790 1367 3835 contra
1403 3783 1503 3837 hoc
1538 3781 1728 3839 fecisse
1754 3788 2132 3855 comprobatus

508 3937 515 3945 δ
551 3862 732 3929 fuerit,
753 3896 824 3908 --
848 3867 972 3937 quia
1000 3885 1105 3924 non
1131 3869 1388 3939 majorem
1414 3872 1655 3930 fraudem
1686 3875 1810 3930 facit
1832 3878 1876 3931 si
1900 3868 2128 3933 mixtum

550 3954 827 4012 denarium
860 3968 916 4013 et
944 3960 1119 4016 minus
1141 3978 1300 4031 quam
1322 3964 1514 4018 debeat
1539 3976 1853 4035 pensantem
1889 3978 2131 4024 moneta-

550 4046 689 4119 Vrit
718 4046 831 4112 “m,
862 4063 1023 4115 quam
1051 4050 1094 4104 si
1150 4051 1203 4104 in
1247 4052 1567 4121 purgatione
1594 4061 1649 4107 et
1686 4055 2002 4110 concambio
2042 4072 2131 4109 ar-

552 4134 693 4203 genti
725 4151 825 4204 per
862 4138 1060 4192 malum
1101 4140 1372 4208 ingenium
1425 4142 1667 4196 fraudem
1700 4144 1767 4199 dc
1797 4146 2128 4213 argento‘m

552 4225 630 4277 rei
661 4225 905 4292 publicae.
957 4228 1124 4299 etfm
1156 4230 1222 4282 de
1248 4239 1471 4301 argento
1508 4247 1686 4286 rcrmn
1738 4233 2130 4290 ecclesiastica-

554 4330 695 4381 rum,
727 4325 779 4368 et
808 4317 875 4370 de
907 4316 1158 4372 facultate
1182 4335 1473 4392 pauperum
1496 4321 1704 4397 fecerit,
1728 4356 1799 4365 —
1826 4327 1964 4381 sicut
1995 4344 2126 4382 con—

550 4407 795 4471 stitutum
833 4410 1002 4465 estde
1047 4409 1196 4466 falsis
1223 4415 1534 4468 monetariis
1562 4416 1614 4469 in
1648 4414 1784 4472 libro
1816 4434 1868 4470 tv
1904 4417 2126 4487 Capitu-

550 4497 747 4562 lorum,
777 4498 846 4553 33
875 4500 1127 4569 capitulo,
1160 4518 1373 4557 manmn
1427 4506 1634 4573 perdat,
1674 4515 1805 4560 etut
1832 4508 2127 4579 sacrilegus

508 4604 612 4659 μέλε
643 4604 935 4659 pauperum
981 4593 1237 4660 spoliator
1282 4595 1504 4665 publica)
1550 4598 1880 4667 poenitentiae
1923 4598 2126 4669 judicio

553 4680 841 4750 episcopali
871 4683 1185 4739 subiciatur.
1242 4684 1299 4739 In
1345 4687 1449 4740 illis
1479 4698 1657 4741 autem
1718 4690 2025 4759 regionibus
2072 4692 2125 4746 in

550 4771 742 4838 quibus
772 4774 1061 4826 secundum
1089 4773 1258 4843 legem
1287 4774 1577 4830 Romanam
1599 4778 1799 4844 judicia
1833 4781 2128 4835 terminan-

552 4871 658 4924 tur,
686 4862 839 4932 juxta
866 4864 1035 4936 ipsam
1058 4866 1228 4938 legem
1264 4866 1547 4940 culpabilis
1571 4870 1858 4942 judicetur.

2233 3233 2508 3289 indiscreti
2553 3233 2801 3289 homines
2836 3233 2931 3266 ¹⁰⁸⁸
2978 3232 3197 3288 modum
3237 3233 3291 3287 in
3336 3230 3604 3302 disciplina
3629 3225 3745 3280 facie-

2230 3324 2384 3391 bant,
2424 3325 2803 3381 constituimus
2857 3339 2981 3380 cum
3033 3323 3268 3380 ﬁdelium
3323 3331 3617 3378 nostrorum
3653 3329 3741 3370 ron-

2232 3432 2395 3473 sensu
2430 3426 2593 3488 atque
2629 3417 2861 3473 consilio
2893 3416 3010 3485 “",
3036 3425 3095 3471 ut
3133 3427 3591 3487 quorumcumque
3613 3405 3741 3465 coloni

2232 3516 2287 3562 et
2320 3507 2460 3562 servi
2510 3522 2611 3577 pro
2648 3508 2751 3563 hoc
2782 3506 3015 3563 convicti
3065 3504 3289 3572 fuerint,
3335 3520 3445 3560 non
3470 3517 3581 3559 cum
3606 3510 3747 3570 grosso

2231 3595 2396 3661 fuste,
2439 3597 2535 3652 sed
2564 3598 2691 3653 nudi
2719 3613 2842 3653 cum
2876 3598 3043 3670 virgis
3070 3597 3356 3667 vapulem;
3407 3604 3463 3650 et
3489 3594 3539 3648 in
3564 3585 3747 3647 civitatis

2231 3689 2333 3744 bus
2382 3689 2473 3721 ¹⁰⁶⁶
2523 3697 2689 3759 atque
2739 3689 2876 3744 vicis
2898 3702 2992 3744 seu
3045 3687 3188 3743 villis
3243 3685 3482 3757 episcopi
3529 3697 3610 3753 per
3650 3690 3745 3733 suos

2231 3780 2510 3837 ministros
2568 3780 2657 3813 ⁸⁸η
2711 3780 2794 3835 vel
2856 3781 3203 3852 presbyteros
3258 3774 3627 3849 providentiam
3665 3781 3738 3819 una

2231 3887 2354 3927 cum
2385 3872 2463 3926 rei
2495 3871 2722 3942 publica:
2760 3870 3025 3924 ministris
3060 3868 3351 3939 accipiant,
3383 3881 3450 3920 ne
3490 3872 3541 3919 et
3583 3860 3627 3914 in
3667 3855 3737 3909 hac

2231 3980 2389 4022 causa
2445 3966 2636 4019 modus
2681 3962 2978 4033 disciplinae
3026 3959 3470 4030 transgrediatur,
3496 3952 3578 4011 sed
3608 3947 3738 4004 taliter

2232 4055 2321 4108 fiat
2345 4053 2579 4124 qualiter
2604 4062 2657 4107 et
2680 4052 2926 4107 homines
2951 4050 3307 4121 castigentur,
3334 4056 3391 4103 et
3416 4044 3554 4117 quasi
3579 4039 3652 4071 "“
3668 4045 3745 4105 μω

2232 4143 2533 4215 intentione
2578 4141 2664 4196 vel
2711 4141 2999 4196 occasione
3049 4138 3421 4209 castigationis
3463 4127 3731 4199 disciplina!n

2229 4235 2492 4291 facientes
2537 4235 2629 4266 ¹⁰⁵³
2661 4241 2943 4305 peccatum
2977 4248 3082 4287 non
3127 4232 3433 4297 incurrant,
3459 4236 3509 4282 et
3548 4215 3733 4286 disciP'l‘

2228 4342 2352 4380 nam
2400 4326 2728 4380 sustinentes
2760 4324 2814 4377 in
2866 4337 3091 4392 corpore
3133 4336 3235 4376 suo
3263 4321 3356 4353 ““
3384 4316 3636 4374 debilium
3657 4319 3741 4360 ηοτι

2234 4415 2382 4471 fiant.
2416 4416 2568 4483 Quod
2615 4416 2658 4470 si
2690 4414 2813 4484 quis
2858 4415 2960 4468 hoc
2990 4412 3302 4467 mandatum
3333 4419 3562 4464 nostrum
3599 4408 3732 4455 trans-

2231 4522 2453 4577 gressus
2500 4506 2700 4571 fuerit,
2748 4503 2999 4560 nobisab
3024 4488 3291 4572 episcopis
3322 4499 3607 4555 nuntietur;
3638 4500 3730 4555 (ιαπ-

2236 4606 2388 4651 tenus
2439 4595 2619 4650 taliter
2663 4594 2997 4664 castigetur,
3055 4604 3124 4645 ne
3185 4590 3441 4658 deinceps
3485 4578 3735 4664 mandatum

2232 4697 2473 4743 nostrum
2506 4661 2832 4757 quemquam
2865 4682 3096 4738 delectet
3143 4688 3504 4735 contemnere.
3530 4671 3587 4726 Et
3607 4665 3644 4722 si
3665 4661 3731 4716 ὼε

2232 4780 2411 4833 minus
2450 4778 2535 4832 vel
2567 4779 2826 4847 magister
2860 4774 2952 4806 ¹⁰⁶⁸
2983 4771 3209 4843 quilibet
3242 4770 3334 4803 ¹⁸⁶⁸
3378 4775 3469 4823 aut
3506 4761 3739 4817 advoca!”

2235 4872 2421 4925 taliutn
2471 4870 2774 4934 hominum,
2804 4882 2898 4923 eos
2923 4864 3010 4920 vel
3052 4862 3237 4922 comiti
3267 4861 3361 4917 vel
3401 4858 3552 4915 misso
3592 4853 3737 4906 11051")

1823 5032 1907 5088 VA
1918 5030 2057 5087 11le
2093 5028 2494 5087 LECTIONES.

624 5148 715 5182 “"
738 5157 978 5203 sanctam
999 5150 1053 5203 3.
1130 5150 1222 5182 ¹⁰³⁸
1248 5150 1385 5204 deest
1413 5150 1467 5203 3.
1544 5150 1636 5183 m’
1666 5166 1717 5203 a.
1745 5167 1955 5208 merces
1982 5153 2051 5205 ab
2074 5166 2156 5205 eo.
2187 5151 2243 5204 3.
2275 5148 2470 5216 reliqua
2494 5145 2679 5215 capitis
2704 5143 2910 5216 desunt.
2973 5142 3143 5216 ‘_“°_a.
3165 5141 3207 5196 Ι.
3228 5140 3284 5196 5.
3362 5139 3450 5216 ’.⁸³³
3474 5120 3731 5216 quanlgiiﬁ‘

552 5228 847 5287 eortstanler
890 5217 943 5271 5.
1010 5218 1112 5287 4°“
1164 5230 1475 5287 rotomaguo
1528 5221 1582 5274 3.

550 5285 767 5340 lectione
813 5287 953 5340 Ann.
978 5282 1501 5340 Gnelferbulano'rum
1522 5300 1567 5340 et
1606 5288 2034 5340 Nazarianornm
2061 5308 2113 5340 α.
2152 5288 2273 5340 756.
2306 5289 2327 5340 f
2346 5286 2465 5340 Μοη
2511 5284 2695 5340 Germ.
2729 5282 2828 5330 SS-
2877 5282 2893 5328 Ι
2944 5299 2970 5304 “

2275 5190 2411 5292 Νίξῗδ
2440 5190 2663 5292 "arii'una
2717 5213 2936 5292 δίῃ-ρεξτε
2974 5212 3126 5292 lectio
3168 5190 3644 5266 scntentinm‘mml
3664 5190 3729 5243 ‘9‘

3026 5281 3090 5292 ΑΛ
