3960 6320
257 290 342 346 τοι
1226 285 1650 343 ηΑΝροιιωι
1695 287 1800 342 “Et

1905 292 1934 344 tl
1973 292 2458 350 LAPITIJLARIA.

3389 314 3493 370 706

254 406 310 458 ad
347 401 682 473 disciplinam
713 399 1085 456 sustinendam
1112 400 1504 456 contradiscrit
1535 401 1616 454 vel
1647 403 1808 457 misso
1839 413 1885 467 Α
1915 405 2139 460 reddere
2194 388 2458 474 noluerit,
2509 409 2561 464 in
2613 410 2788 483 prima
2833 417 3264 478 contradictione
3303 425 3492 481 solidi,

251 496 622 564 nostrojussus
647 504 976 565 prasentare
1023 492 1278 556 noluerit,
1321 493 1636 562 praedictum
1680 495 1812 548 ban-

247 602 359 645 nnm
403 589 686 659 sexaginta
724 587 1020 642 solidorum
1052 595 1363 655 componat,
1414 587 1553 641 sicut
1584 587 1636 640 in
1675 603 1811 656 pra:-

243 681 377 739 dicto
413 679 698 751 capitulari
733 680 986 734 habetur.

301 773 387 826 l6.
429 771 500 828 Ut
547 771 593 825 si
623 769 819 840 aliquis
854 771 1015 822 homo
1047 783 1074 822 a
1117 768 1208 800 ¹⁰⁶τ
1249 769 1510 838 proximis
1553 767 1810 822 Kalendis

233 856 354 918 Julii
389 869 455 918 de
473 866 578 917 hac
604 877 738 916 nova
773 870 958 915 nostra
1001 869 1215 915 moneta
1249 861 1478 914 mixtum
1507 860 1587 913 vel
1633 861 1809 914 tninns

225 960 388 1015 quam
431 952 625 1008 debeat
663 959 980 1022 pensantem
1017 951 1299 1004 denarium
1331 951 1621 1013 invenerit,
1675 966 1807 1005 con-

221 1045 459 1112 stringat
497 1057 620 1097 eum
652 1043 742 1112 qui
786 1043 960 1112 ipsum
1006 1043 1286 1097 denarium
1318 1044 1385 1097 ad
1426 1044 1806 1114 negotiandum

224 1134 473 1206 protulit,
505 1142 560 1188 et
591 1135 705 1202 ipse
749 1132 912 1198 dicat,
948 1148 976 1186 a
1009 1148 1114 1202 quo
1162 1147 1285 1187 eum
1341 1133 1581 1200 accepit;
1628 1142 1678 1186 et
1729 1134 1807 1187 sic

223 1227 280 1278 de
317 1239 487 1277 manu
515 1224 581 1278 ad
607 1238 823 1276 manum
851 1223 1050 1288 veniat,
1095 1239 1266 1292 usque
1295 1223 1422 1276 dum
1461 1222 1527 1276 ad
1558 1223 1809 1277 falsitatis

221 1323 502 1368 auctorem
536 1314 907 1382 perveniatur.
936 1313 1002 1367 Et
1029 1314 1283 1368 inventus
1320 1314 1470 1366 mixti
1515 1314 1595 1367 vel
1630 1315 1808 1368 minus

221 1421 386 1472 quam
437 1404 641 1458 debeat
680 1404 967 1473 .pcnsantis
1012 1404 1216 1456 denarii
1250 1413 1575 1468 monetator,
1613 1405 1663 1458 in
1718 1405 1805 1458 illa

221 1505 368 1549 terra
397 1493 455 1547 in
483 1477 806 1564 quajudicia
839 1495 1130 1548 secundum
1163 1494 1332 1565 legem
1362 1494 1660 1548 Romanam
1694 1506 1801 1550 ter-

221 1588 524 1650 minantur,
542 1585 838 1640 secundum
861 1585 1030 1654 ipsam
1055 1585 1222 1656 legem
1242 1585 1544 1656 judicetur;
1573 1587 1696 1640 etin
1718 1586 1804 1640 illa

223 1689 368 1732 terra
402 1677 455 1731 in
489 1692 595 1746 qua
621 1677 821 1746 judicia
850 1677 1140 1730 secundum
1167 1677 1336 1745 legem
1367 1677 1664 1732 Romanam
1698 1695 1802 1733 non

1911 495 2216 562 quindecim
2247 498 2528 568 cnlpabilis
2564 499 2858 568 judicetur.
2889 504 2944 559 Si
2991 508 3056 561 ad
3086 512 3375 567 secundam
3409 515 3492 568 in-

1909 586 2252 654 quisitionem
2296 604 2418 642 cum
2454 592 2679 646 reddere
2724 595 2997 662 noluerit,
3039 599 3258 669 triginta
3300 604 3486 659 solidis

1909 673 2193 742 eulpahilis
2213 675 2504 743 judicetur.
2540 681 2594 735 Si
2625 699 2722 737 nec
2751 684 2816 738 ad
2845 688 3056 741 tertiam
3081 690 3485 759 inquisitionem

1909 768 2218 822 consentire
2250 770 2498 834 voluerit,
2524 774 2786 844 quidquid
2816 793 2946 832 reus
2994 781 3175 836 damni
3209 783 3368 851 fecit,
3410 797 3490 840 to-

1910 860 2021 906 tum
2065 855 2152 910 ille
2181 858 2270 925 qui
2321 875 2444 928 cum
2480 861 2615 914 infra
2669 865 3063 922 immunitatem
3115 872 3340 937 retinet,
3383 889 3485 929 nec

1910 943 2135 999 reddere
2157 947 2286 1011 vult,
2315 949 2525 1006 solvere
2554 963 2798 1023 cogatur,
2834 967 2884 1011 et
2917 958 3028 1028 ipse
3051 975 3234 1016 comes
3262 965 3486 1018 veniens

1908 1033 2180 1090 licentiam
2211 1039 2411 1095 habeat
2436 1043 2608 1112 ipsum
2636 1047 2907 1103 hominem
2935 1051 3488 1111 infraimmnnitatcnt

1908 1130 2224 1194 quaerendi,
2291 1131 2614 1203 ubicumque
2650 1153 2772 1191 eum
2834 1141 3076 1198 invenire
3127 1147 3382 1213 potuerit.
3430 1147 3488 1201 Si

1908 1228 2087 1272 autem
2130 1221 2181 1273 in
2225 1222 2400 1292 prima
2432 1224 2781 1294 inquisitione
2808 1231 2991 1285 comiti
3027 1247 3344 1302 rcsponsmn
3372 1237 3490 1290 fue-

1903 1309 2013 1374 rit,
2063 1313 2204 1379 qnod
2261 1327 2387 1368 rcus
2429 1315 2565 1369 infra
2626 1318 3022 1376 immunitatem
3087 1325 3306 1394 quidem
3355 1327 3489 1382 fuis-

1907 1409 2009 1462 set,
2061 1402 2156 1454 sed
2207 1401 2330 1471 fuga
2383 1404 2563 1472 lapsus
2600 1407 2691 1472 sit,
2719 1409 2869 1478 juret
2915 1413 3057 1481 qttod
3096 1415 3208 1484 ipse
3247 1432 3371 1471 eum
3419 1420 3486 1472 ad

1896 1485 2164 1553 justitiam
2199 1492 2488 1560 cujuslibet
2525 1495 2912 1554 disfacicndam
2963 1502 3146 1572 fugere
3176 1521 3282 1559 non
3327 1507 3489 1563 fecis-

1907 1591 2008 1646 set,
2031 1591 2085 1635 et
2115 1583 2186 1636 sit
2218 1584 2269 1638 ei
2291 1585 2349 1638 in
2386 1587 2487 1640 hoc
2513 1588 2871 1644 satisfactum.
2906 1593 2962 1647 Si
2996 1611 3121 1649 vero
3170 1595 3396 1652 intranti
3427 1599 3482 1653 in

1910 1673 2078 1740 ipsam
2110 1675 2525 1743 immunitatem,
2567 1680 2649 1733 vel
2696 1683 2748 1734 in
2792 1683 3080 1751 cujuslibet
3112 1687 3347 1744 hominis
3387 1707 3484 1761 po-

217 1770 546 1840 judicantur,
597 1768 949 1831 monetarius,
987 1769 1128 1822 sicut
1158 1783 1319 1838 supra
1353 1770 1590 1824 diximus
1615 1811 1630 1834 ,
1677 1770 1798 1825 falsi
1836 1760 1874 1816 Β
1907 1771 2155 1818 leslateln
2207 1766 2293 1820 vel
2342 1769 2729 1836 proprietatem
2755 1812 2769 1837 ,
2810 1775 2994 1830 comiti
3047 1777 3273 1834 collecta
3326 1760 3486 1835 manu

222 1859 432 1912 denarii
475 1873 697 1911 manum
729 1859 1006 1912 dexteram
1057 1858 1266 1926 perdat,
1316 1859 1460 1912 sicut
1506 1860 1560 1913 in
1608 1871 1806 1930 quarto

221 1949 364 2003 libro
391 1949 762 2018 Capitulorum
793 1951 1120 2017 continetur,
1153 1953 1328 2021 capite
1367 1952 1455 2006 55.
1485 1953 1548 2008 Et
1573 1955 1662 2023 qui
1704 1955 1806 2010 hoc

222 2041 578 2106 consenserit,
603 2041 646 2094 si
671 2040 808 2094 liber
829 2050 930 2103 est,
956 2041 1024 2096 60
1046 2041 1244 2097 solidos
1267 2054 1587 2114 componat;
1623 2046 1665 2098 si
1691 2061 1807 2099 scr-

219 2147 320 2186 vns
348 2131 429 2186 vel
457 2132 700 2196 colonus,
735 2134 909 2186 nudus
939 2148 1070 2186 cum
1105 2135 1274 2204 virgis
1303 2136 1515 2204 vapulet
1549 2137 1661 2190 ¹⁰⁶¹⁸.

231 2239 268 2262 -ιο
292 2223 382 2277 l7.
418 2222 484 2278 Ut
513 2223 799 2294 diligenter
843 2223 1072 2278 comites
1099 2233 1150 2278 ct
1183 2225 1414 2279 ministri
1471 2227 1545 2280 rei
1579 2227 1805 2296 publica:

221 2331 319 2386 per
364 2315 452 2346 ¹⁰⁶⁹
483 2329 609 2370 suos
659 2315 948 2369 comitatus
990 2331 1055 2370 ac
1108 2318 1407 2372 ministeria
1463 2319 1802 2387 provideant,

223 2419 290 2458 ne
311 2403 367 2457 in
388 2403 562 2474 aliquo
594 2404 711 2459 loco
748 2393 960 2459 occulta
982 2405 1063 2458 vel
1083 2402 1422 2460 fraudulenta
1448 2417 1664 2463 moneta
1689 2409 1802 2464 fieri

224 2496 411 2563 possit.
445 2495 510 2549 Et
540 2495 584 2549 si
622 2495 867 2549 inventus
899 2510 963 2549 ac
993 2497 1374 2566 comprobatus
1419 2499 1645 2568 quilibet
1691 2499 1804 2554 fue-

223 2587 293 2639 rit
330 2587 419 2618 ³⁰⁷⁶
455 2586 851 2640 fraudulentam
899 2599 1168 2640 monetam
1191 2591 1509 2656 percutiens
1541 2590 1654 2653 “’7‘,
1696 2591 1802 2644 sic-

221 2684 281 2728 ut
330 2675 677 2730 constitutum
711 2683 794 2729 est
829 2675 896 2729 de
937 2674 1072 2729 falso
1115 2677 1436 2741 monetario,
1469 2693 1534 2731 ex
1578 2677 1802 2747 przefato

223 2767 500 2835 capitulari
532 2767 990 2837 prmdeccssorum
1025 2777 1355 2832 nostrorum,
1385 2784 1581 2821 manus
1613 2769 1660 2823 ei
1688 2785 1802 2823 am-

220 2869 438 2926 putetur
482 2860 598 2911 "7‘.
646 2859 710 2912 Et
759 2858 848 2928 qui
900 2859 1002 2912 hoc
1045 2858 1398 2920 consenserit,
1435 2859 1479 2912 si
1515 2859 1650 2913 liber
1693 2869 1797 2920 est,

219 2953 495 3021 sexaginta
527 2950 725 3006 solidos
768 2957 1092 3019 componat;
1123 2949 1167 3004 si
1209 2964 1400 3004 servus
1431 2949 1512 3005 vel
1555 2951 1796 3016 colonus,

219 3045 392 3100 nudus
420 3059 542 3100 cum
569 3043 736 3114 virgis
761 3043 996 3112 vapulet.

1908 1853 2131 1922 quilibet
2170 1858 2424 1912 resistere
2452 1863 2768 1928 tentaverit,
2799 1880 2982 1921 comes
3031 1869 3133 1924 hoc
3181 1871 3248 1924 ad
3300 1889 3481 1944 regem

1907 1945 1989 1998 vel
2017 1945 2310 2014 principem
2348 1947 2576 2014 deferat,
2619 1961 2672 2006 ct
2709 1953 2778 2006 ibi
2815 1955 3105 2022 judicetur.
3139 1959 3204 2014 Et
3227 1961 3367 2016 sicut
3397 1963 3485 2016 ille

1907 2035 2082 2103 qui‘in
2114 2036 2452 2093 immunitate
2478 2039 2735 2094 damnum
2779 2042 2910 2098 fecit
2933 2085 2948 2110 ,
2995 2049 3270 2103 sexcentis
3300 2051 3487 2105 solidis

1906 2126 2153 2194 componi
2189 2127 2367 2192 debet,
2399 2129 2472 2182 ita
2520 2131 2612 2199 qui
2659 2133 2842 2187 comiti
2879 2134 3106 2190 collecta
3160 2154 3320 2193 manu
3355 2143 3488 2195 resi-

1905 2225 2050 2269 stere
2081 2220 2518 2288 pra-sumpserit,
2545 2224 2818 2278 sexcentis
2847 2225 3035 2282 solidis
3083 2228 3369 2298 culpabilis
3397 2230 3488 2300 ju-

1905 2307 2133 2361 dicetur.
2169 2327 2186 2358 ι

1978 2399 2062 2452 l9.
2111 2398 2178 2453 Ut
2203 2401 2391 2457 melius
2423 2412 2478 2456 et
2520 2405 2861 2462 commodius
2892 2407 3006 2464 lucc
3055 2411 3389 2480 providentia
3420 2412 3488 2468 de

1903 2489 2058 2544 bonis
2099 2491 2338 2546 denariis
2391 2509 2496 2548 non
2549 2497 2834 2552 reiciendis
2881 2507 2934 2554 et
2962 2501 3028 2553 de
3076 2513 3306 2556 monetre
3337 2501 3487 2557 falsa:

1901 2581 2140 2638 denariis
2167 2585 2428 2638 custodiri
2476 2587 2674 2656 possit,
2713 2590 2976 2654 volumus,
3011 2601 3068 2646 ut
3116 2594 3486 2665 unusquisque

1901 2689 2086 2728 comes
2121 2675 2186 2730 de
2233 2678 2490 2732 comitatu
2535 2696 2634 2734 suo
2673 2682 2857 2737 omnia
2903 2695 3147 2741 mercata
3194 2688 3486 2746 inbreviari

1902 2763 2087 2829 faciat,
2131 2775 2185 2820 et
2209 2768 2344 2822 sciat
2377 2770 2533 2826 nobis
2560 2772 2759 2838 dicere,
2795 2789 2916 2844 qua:
2958 2785 3196 2832 mercata
3243 2785 3486 2849 tempore

1901 2859 1985 2912 avi
2015 2861 2180 2914 nostri
2205 2860 2444 2927 fuerunt,
2467 2875 2521 2918 et
2544 2881 2664 2935 qua:
2689 2875 2930 2938 tempore
2953 2869 3135 2924 domui
3156 2879 3210 2924 et
3225 2871 3487 2941 genitoris

1900 2949 2070 3003 nostri
2130 2964 2250 3005 esse
2297 2965 2602 3022 creperum,
2653 2957 2736 3011 vel
2794 2971 2914 3027 qua":
2960 2959 3109 3014 illius
3158 2963 3485 3018 auctoritate

1894 3039 2194 3094 constituta
2246 3040 2490 3110 fuerunt,
2521 3044 2604 3099 vel
2645 3061 2767 3115 qua:
2816 3048 2933 3104 sine
2979 3051 3296 3106 auctoritate
3341 3051 3484 3108 illius

289 3134 372 3189 l8.
412 3133 477 3188 Et
507 3135 552 3188 si
601 3108 764 3188 falsus
807 3108 1158 3200 monetarius,
1195 3142 1287 3188 aut
1320 3132 1412 3165 ""
1439 3133 1504 3190 dc
1533 3133 1636 3190 illis
1666 3133 1797 3190 locis
1824 3108 1869 3171 δ
1900 3129 2041 3184 facta
2091 3128 2331 3197 fuerunt,
2364 3132 2447 3186 vel
2499 3148 2619 3203 quae
2670 3142 2913 3204 tempore
2962 3146 3148 3193 nostro
3194 3141 3484 3196 convenire

221 3224 270 3278 in
311 3226 505 3294 quibus
534 3233 804 3278 monetam
857 3223 971 3277 ﬁeri
1007 3223 1290 3292 jussimus,
1325 3234 1418 3278 aut
1445 3225 1653 3280 occulte
1681 3241 1799 3280 Ino-

219 3327 398 3372 netam
450 3316 791 3388 percutiens,
840 3323 934 3369 aut
986 3316 1266 3370 denarium
1318 3315 1513 3369 falsum
1555 3316 1621 3370 de
1663 3331 1800 3371 nova

215 3418 431 3465 moneta
457 3411 526 3465 ad
550 3409 928 3482 negotiandum
957 3406 1260 3477 proferens,
1290 3417 1350 3460 ut
1388 3406 1481 3437 ’⁸⁷³
1502 3407 1799 3478 constringi

212 3509 264 3552 et
295 3499 477 3569 puniri
521 3514 628 3553 non
657 3498 825 3567 possit
852 3498 965 3562 ⁸⁸⁷⁸,
1007 3498 1150 3550 sicut
1197 3505 1281 3550 cst
1331 3498 1709 3561 constitutum,
1745 3498 1800 3551 in

209 3592 402 3646 fiscum
435 3601 685 3646 nostrum
720 3591 802 3646 vel
846 3591 896 3644 in
942 3605 1344 3660 quamcumque
1377 3590 1799 3657 immunitatem,

205 3690 302 3735 aut
368 3679 602 3750 alicujus
659 3680 894 3750 potentis
968 3689 1292 3750 potestatem
1351 3679 1433 3732 vel
1502 3680 1802 3750 proprieta-

203 3784 317 3827 tem
381 3772 519 3838 “7‘,
574 3770 915 3840 confugerit,
971 3772 1014 3826 si
1076 3773 1130 3825 in
1195 3781 1439 3826 nostrum
1497 3772 1802 3843 confugerit

203 3866 403 3921 fiscum
433 3906 448 3930 ,
499 3864 810 3934 requiratur
848 3879 878 3918 a
935 3865 1187 3918 ministro
1237 3873 1442 3919 nostro.
1493 3865 1560 3919 Et
1613 3865 1656 3918 si
1713 3864 1800 3920 ille

201 3975 329 4014 cum
403 3957 708 4012 defenderit
756 3965 851 4009 aut
917 3955 1315 4020 occultaverit,
1374 3955 1653 4009 nuntietur
1705 3972 1801 4011 no-

201 4052 319 4115 bis,
363 4059 631 4121 quatenus
679 4049 751 4101 ita
803 4047 893 4080 ¹⁰⁷⁷
948 4048 999 4100 in
1043 4061 1108 4101 co
1158 4045 1454 4101 secundum
1502 4047 1799 4118 capitulare

205 4143 418 4213 regium
471 4141 816 4206 vindicetur,
866 4154 932 4193 ne
984 4139 1120 4193 ullus
1173 4139 1310 4194 alius
1364 4155 1600 4208 unquam
1645 4140 1797 4194 falsi-

205 4242 376 4286 tatem
438 4239 622 4285 nostra
675 4230 999 4284 auctoritate
1058 4228 1140 4281 vel
1195 4238 1468 4298 potestate
1523 4231 1798 4285 consenti-

208 4339 264 4378 τε
301 4323 398 4355 ⁸⁸⁷⁸
447 4330 542 4376 aut
584 4321 870 4376 defendere
921 4321 1136 4375 audeat.
1172 4320 1228 4374 Si
1274 4329 1454 4374 autem
1499 4321 1550 4376 in
1603 4323 1796 4376 immu-

1901 3231 2203 3292 coeperunt,
2237 3223 2319 3278 vel
2355 3238 2474 3294 qua:
2499 3225 2553 3280 iu
2603 3225 2843 3297 antiquis
2883 3226 3016 3284 locis
3058 3241 3397 3299 permanent,
3429 3243 3486 3288 et

1902 3314 1947 3369 si
1977 3324 2185 3371 mutata
2228 3325 2386 3381 sunt,
2437 3315 2591 3386 cujus
2633 3319 2956 3376 auctoritate
3002 3331 3206 3377 nmtata
3241 3322 3481 3379 fuerunt.

1903 3405 1969 3461 Et
2019 3409 2193 3478 ipsum
2242 3407 2463 3463 brevem
2519 3403 2889 3481 unusquisque
2938 3428 3122 3468 comes
3172 3415 3240 3469 ad
3291 3400 3480 3486 proxi-

1904 3513 2050 3551 mum
2087 3498 2338 3569 placitutn
2381 3510 2623 3555 nostrum
2674 3504 2828 3558 nobis
2871 3506 3142 3576 adportet,
3184 3515 3242 3561 ιιι
3293 3509 3483 3562 decer-

1904 3602 2032 3641 nere
2087 3589 2387 3658 possimus,
2445 3604 2709 3660 quatenus
2765 3595 3074 3648 necessaria
3131 3605 3188 3650 et
3231 3597 3382 3652 utilia
3428 3607 3484 3650 ct

1901 3695 2021 3750 qua:
2071 3696 2166 3750 per
2219 3683 2597 3737 auctoritatem
2652 3694 2780 3739 sunt
2828 3697 3121 3753 maneant,
3179 3705 3298 3760 qua:
3355 3706 3483 3745 vero

1901 3770 2193 3840 superflua,
2248 3772 2660 3837 interdicantur,
2703 3775 2785 3828 vel
2836 3777 2970 3833 locis
3019 3766 3132 3834 suis
3186 3783 3481 3836 restituan-

1904 3869 2009 3914 tur.
2058 3861 2123 3914 Et
2181 3873 2420 3918 mercata
2469 3864 2554 3918 die
2593 3864 2872 3921 Dominico
2931 3869 2982 3922 in
3035 3870 3180 3923 nullo
3221 3871 3340 3926 loco
3385 3874 3482 3926 ha-

1898 3952 2150 4015 beantur,
2189 3953 2328 4007 sicut
2357 3953 2410 4008 in
2455 3956 2631 4026 primo
2661 3956 2798 4012 libro
2821 3957 3215 4030 Capitulornm,
3249 3963 3482 4034 capitulo

1904 4044 2004 4097 156
2037 4044 2150 4107 ¹⁰’⁹,
2194 4045 2442 4100 habetur.

1969 4132 2058 4186 20.
2095 4133 2162 4188 Ut
2204 4149 2389 4189 comes
2431 4144 2487 4190 ct
2533 4136 2610 4191 rei
2653 4137 2882 4208 publica:
2923 4139 3156 4195 ministri
3199 4157 3263 4196 ac
3309 4145 3480 4200 ceteri

1900 4225 2084 4281 fideles
2120 4226 2292 4280 nostri
2347 4228 2687 4296 provideant,
2731 4240 3002 4299 quatenus
3039 4231 3220 4301 justus
3267 4235 3480 4292 modius

1898 4330 2194 4385 mquusque
2248 4318 2516 4371 sextarius
2554 4321 2851 4374 secundum
2901 4335 3112 4376 sacram
3152 4324 3475 4394 scripturam

208 4415 439 4468 nitatem
482 4411 567 4466 vel
614 4420 933 4480 potestatem
982 4421 1074 4464 aut
1122 4412 1512 4480 proprietatem
1567 4412 1795 4481 alicujus
1822 4449 1875 4508 Β
1901 4416 1955 4461 et
1981 4407 2213 4476 capitula
2255 4409 2715 4476 pnedecessorum
2743 4421 3051 4467 nostrorum
3085 4414 3138 4468 in
3168 4415 3479 4471 civitatibus

207 4505 447 4576 potentis
473 4501 804 4571 confugerit,
836 4501 1131 4556 secundum
1165 4501 1308 4568 quod
1342 4501 1394 4555 in
1443 4503 1604 4556 tertio
1655 4503 1792 4558 libro

209 4599 558 4671 Capitularis,
578 4598 650 4652 9.6
673 4595 924 4667 capitulo,
944 4595 1277 4658 continetur,
1297 4596 1360 4648 de
1381 4611 1445 4649 eo
1471 4595 1558 4664 qui
1590 4595 1791 4649 furtum

216 4704 308 4748 aut
355 4690 707 4747 homicidium
758 4688 840 4743 vel
892 4688 1168 4758 quodlibet
1216 4687 1422 4741 crimen
1472 4687 1603 4741 loris
1641 4703 1792 4742 com-

216 4788 437 4841 mittens
482 4781 621 4836 infra
673 4780 1068 4834 immunitatem
1120 4777 1336 4849 fugerit,
1389 4779 1512 4833 inde
1565 4780 1686 4842 fiat;
1743 4778 1792 4832 id

215 4887 320 4940 est,
356 4891 373 4925 t
423 4871 640 4926 mandet
685 4883 866 4924 comes
902 4867 985 4922 vel
1023 4868 1246 4938 publica:
1278 4869 1353 4922 rei
1404 4869 1647 4923 minister
1675 4868 1791 4937 epi-

215 4981 375 5036 scopo
405 4962 491 5019 vel
521 4961 722 5026 abbati,
753 4961 838 5014 vel
881 4960 955 5015 illi
995 4959 1320 5030 quicumque
1350 4961 1524 5015 locum
1552 4962 1789 5032 episcopi

215 5059 296 5113 vel
325 5055 537 5110 abbatis
577 5053 662 5107 vel
699 5050 988 5106 abbatissa:
1026 5052 1279 5115 tenuerit,
1310 5052 1392 5106 vel
1424 5056 1660 5122 potentis
1690 5055 1786 5110 ho.

216 5151 375 5206 minis
395 5149 449 5203 in
490 5146 643 5216 cuius
671 5151 991 5215 potestatem
1035 5143 1118 5196 vel
1166 5145 1552 5214 proprietatem
1601 5147 1792 5201 confu-

217 5242 371 5316 gerit,
399 5249 458 5294 ut
480 5238 670 5295 reddat
695 5236 745 5291 ei
783 5250 955 5290 reum.
985 5233 1042 5289 Si
1068 5234 1157 5291 ille
1177 5236 1570 5291 contradixerit
1591 5247 1644 5292 et
1666 5256 1790 5294 eum

1898 4512 1954 4555 et
1977 4502 2027 4555 in
2046 4501 2178 4556 vicis
2200 4502 2326 4556 etin
2351 4501 2490 4556 villis
2519 4502 2584 4555 ad
2615 4503 2954 4558 vendendum
2971 4513 3026 4558 et
3045 4509 3330 4561 emendmn
3363 4508 3479 4571 fiat,

1897 4598 1952 4644 et
1997 4605 2305 4644 mensuram
2361 4591 2656 4646 secundum
2708 4593 2984 4656 antiquam
3032 4597 3478 4650 consuetudinem

1897 4682 1964 4736 de
1997 4682 2196 4750 palatio
2244 4691 2433 4736 nostro
2474 4683 2761 4752 accipiant,
2792 4693 2846 4737 et
2885 4699 2990 4738 non
3035 4700 3132 4754 pro
3183 4687 3283 4740 hac
3312 4703 3474 4742 occa-

1896 4774 2048 4829 sione
2079 4790 2108 4828 a
2139 4773 2463 4827 mansuariis
2494 4774 2575 4827 vel
2622 4775 2689 4828 ab
2735 4775 2819 4829 his
2868 4776 2959 4846 qui
3001 4791 3222 4831 censum
3257 4777 3474 4840 debent,

1899 4866 2073 4935 major
2102 4866 2331 4930 modius,
2383 4865 2484 4919 nisi
2519 4866 2658 4920 sicut
2687 4867 3022 4922 consuetudo
3051 4867 3172 4931 fuit,
3203 4869 3472 4940 exigatur.

1899 4961 1964 5014 Et
1989 4959 2086 5030 ipsi
2121 4959 2369 5014 homines
2396 4959 2484 5028 qui
2513 4974 2610 5028 per
2634 4959 2787 5015 villas
2825 4961 2890 5014 de
2931 4961 3167 5015 denariis
3190 4964 3476 5032 providen-

1899 5052 2026 5104 tiam
2046 5051 2211 5121 jnrati
2238 5049 2646 5119 habebunt,ipsi
2667 5051 2828 5104 etiam
2851 5051 2916 5106 de
2941 5066 3210 5114 mensura,
3243 5069 3308 5107 ne
3324 5054 3476 5107 adul-

1898 5154 2123 5208 teretur,
2141 5143 2476 5214 provideant,
2494 5143 2634 5198 sicut
2655 5145 2705 5198 in
2734 5145 2867 5199 libro
2895 5145 3054 5201 tertio
3075 5145 3470 5214 Capitulornm,

1900 5233 2136 5306 capitulo
2165 5234 2254 5301 90,
2279 5233 2609 5290 continetur.
2642 5234 2709 5290 Et
2747 5235 2792 5290 si
2836 5236 2958 5305 quis
3003 5243 3285 5305 reputatus
3315 5235 3478 5292 fuerit

1476 5355 1562 5410 VA
1575 5355 1714 5410 RLE
1760 5355 2142 5412 LECTIONES

286 5462 374 5494 ι⁶⁶⁷
397 5459 537 5514 deest
565 5456 619 5509 5.
697 5453 789 5486 ⁸⁸⁸⁸
815 5452 1055 5509 czedatur
1075 5453 1129 5507 5.
1158 5453 1254 5508 5b.
1333 5452 1422 5484 ¹⁰⁶⁹
1447 5453 1586 5506 deest
1614 5452 1668 5506 5.

215 5534 308 5567 ὀτι
327 5533 460 5584 deest
483 5530 537 5584 5.
616 5526 708 5558 ³⁸⁷⁸
736 5525 876 5578 deest
910 5526 964 5578 5ο

214 5617 401 5660 sonare
423 5601 478 5655 5.

1746 5452 1836 5486 ¹⁰⁷⁰
1867 5452 1905 5507 f.
1935 5468 1989 5522 q.
2014 5453 2067 5508 5.

1045 5525 1136 5557 ⁸⁸⁷·
1158 5530 1335 5593 potest
1361 5538 1426 5578 eo
1450 5522 1675 5593 quodin
1707 5522 1836 5579 fisco
1860 5535 2044 5578 nostro
2071 5523 2124 5577 5.

557 5597 649 5629 “"
675 5597 727 5651 in
754 5594 1034 5650 διν-νιστιάο
1057 5592 1246 5667 legitur
1269 5593 1404 5658 145;
1427 5592 1698 5662 (agendum
1724 5611 1838 5649 vero
1861 5605 1935 5650 est
1960 5593 2079 5649 l59.
2111 5592 2198 5646 ΒΑ
2211 5593 2267 5648 L.

2853 5449 2946 5480 ¹⁶⁷⁹
2971 5446 3281 5504 abscidatur
3307 5446 3359 5500 5.
3384 5446 3479 5503 5b.

2147 5437 2233 5482 ¹⁶⁷¹
2263 5451 2297 5504 f.
2333 5468 2406 5506 nt.
2432 5468 2484 5522 p.
2511 5452 2696 5506 desim!
2720 5451 2773 5504 5.

2818 5520 2910 5553 ιοττ
2932 5520 3072 5574 deest
3102 5519 3155 5572 5.
3236 5517 3328 5549 ⁸⁸⁷⁸
3351 5533 3482 5573 cono

2203 5522 2296 5595 ‘1’"
2320 5540 2371 5576 v.
2399 5521 2449 5595 ιι.
2479 5524 2661 5578 desum
2686 5521 2738 5576 5.
