3874 5340
552 221 660 280 707

1303 221 1595 278 APPEND.
1639 222 1727 276 Αι)
1758 219 1929 276 διες.
1963 204 2037 272 ix.
2076 247 2146 257 -
2183 215 2615 274 ΜοχωιιίκτΑ
2653 217 3140 286 praeeuntes.
3692 227 3774 285 tot

550 356 857 399 mensuram
912 317 1267 409 adulterasse,
1312 347 1367 391 et
1418 351 1541 391 cum
1593 334 1783 406 majori
1830 332 2008 388 modio
2049 330 2130 385 vel
2160 345 2207 405 Α
2237 332 2431 393 betur,
2478 339 2535 385 et
2561 339 2748 400 postea
2773 332 2842 386 ab
2870 331 3124 402 episeopo
3146 331 3415 404 publicam
3440 336 3774 406 penitentiam

549 434 790 490 sextario
819 448 1092 489 annonam
1120 435 1201 489 vel
1245 436 1427 489 viuum
1460 434 1762 503 accepisse,
1791 442 1848 486 et
1872 445 1995 486 cum
2025 428 2130 484 mi-

549 528 671 582 nori
719 542 972 583 mensura
1014 526 1327 581 venundare
1352 566 1369 590 ,
1425 525 1469 581 si
1512 525 1649 580 liber
1678 525 1841 579 homo
1868 530 1982 585 est,
2040 529 2135 576 aut

549 615 847 672 secundum
895 631 1047 672 suam
1096 616 1269 686 legem
1320 630 1381 670 se
1443 615 1569 670 inde
1622 620 1965 668 sacramento
2020 611 2136 665 ido-

549 722 712 761 neum
763 703 968 768 reddat,
1006 714 1100 759 aut
1142 705 1187 760 si
1228 706 1332 775 hoc
1362 704 1558 760 fecisse
1604 704 1695 735 ¹⁰⁸⁰
1726 701 1809 757 vel
1858 700 1973 755 fieri
2016 699 2134 768 jus-

549 798 688 852 sisse
721 805 816 850 aut
846 795 1193 851 consensisse
1214 796 1598 864 comprobatus
1621 792 1810 857 fuerit,
1837 791 1942 845 hoc
1989 789 2134 845 unde

548 898 857 940 mensuram
907 872 1272 949 adulteravit,
1330 884 1382 938 id
1425 891 1509 937 est
1539 883 1724 936 vinum
1765 889 1824 935 et
1872 893 2128 942 annona,

547 990 578 1027 a
629 973 895 1029 ministris
935 975 1019 1028 rei
1067 975 1307 1043 publica:
1364 973 1587 1027 tollatur
1637 972 1706 1027 ab
1762 986 1864 1037 eo;
1914 969 2134 1037 insuper

545 1072 603 1118 et
639 1064 874 1119 bannum
907 1071 1177 1125 nostrum,
1209 1062 1261 1116 id
1291 1070 1374 1117 est
1404 1062 1604 1116 solidos
1632 1060 1943 1131 sexaginta,
1987 1073 2135 1112 com-

546 1161 730 1223 ponat.
784 1150 840 1207 Si
892 1161 1073 1206 autem
1112 1142 1335 1207 colonus
1378 1151 1458 1206 vel
1513 1167 1703 1206 servus
1742 1152 1867 1205 inde
1918 1157 2135 1219 reputa-

548 1256 639 1300 tus
678 1244 864 1310 fuerit,
916 1255 1011 1298 aut
1034 1244 1244 1313 judicio
1266 1243 1359 1299 Dei
1388 1258 1446 1298 se
1482 1245 1606 1298 inde
1643 1243 1941 1306 examinet,
1968 1249 2054 1294 aut
2086 1239 2130 1294 si

548 1337 675 1392 inde
707 1337 989 1391 convictus
1012 1336 1198 1400 fuerit,
1232 1337 1354 1399 hoc,
1401 1345 1460 1389 ut
1507 1352 1669 1407 supra
1700 1335 1957 1398 diximus,
1990 1333 2130 1387 unde

546 1447 857 1486 mensuram
890 1430 1234 1492 adulteravit,
1256 1430 1465 1499 perdat,
1481 1430 1698 1499 insuper
1718 1437 1773 1482 et
1799 1428 1964 1498 virgis
1988 1425 2132 1479 nudo

549 1536 779 1591 corpore
814 1520 904 1553 ²⁰⁸⁸
947 1519 1182 1589 vapulet.
1228 1519 1297 1572 Et
1327 1518 1441 1572 sive
1469 1519 1604 1572 liber
1634 1519 1747 1572 sive
1778 1516 2005 1570 colonus
2047 1514 2131 1569 vel

546 1627 735 1667 servus
761 1612 825 1666 de
848 1611 950 1665 hoc
973 1611 1251 1665 convictus
1272 1609 1458 1674 fuerit,
1478 1617 1599 1676 post
1625 1607 1848 1679 legalem
1874 1606 2131 1660 emenda—

2230 423 2305 481 .de
2322 421 2570 492 periurio
2599 424 2884 493 accipiant.
3783 484 3786 495 ,

2230 569 2241 575 _
2302 513 2394 568 21.
2440 514 2508 569 Ut
2537 515 2662 584 quia
2689 530 2786 584 per
2806 524 2916 570 tres
2932 513 3046 585 jam
3066 530 3237 572 annos
3271 517 3516 573 bannum
3549 533 3643 590 pro
3664 523 3773 594 reje-

2234 602 2416 658 ctione
2441 604 2707 658 bonorum
2735 604 3080 673 denariorum
3096 606 3545 675 perdonavimus,
3572 610 3775 669 volumus

2234 702 2296 748 ut
2325 694 2486 749 modo
2506 734 2521 758 ,
2580 695 2878 750 secundum
2909 696 3290 753 discretionem
3315 713 3485 767 quam
3518 699 3683 757 missis
3703 720 3776 758 no-

2233 784 2362 840 stris
2390 786 2907 852 commendavimus,
2953 788 3304 844 rewadiatum
3340 790 3702 859 persolvatur,
3735 806 3778 850 et

2234 876 2326 929 ubi
2363 877 2716 932 rewadiatum
2766 892 2873 933 non
2908 886 3023 943 est,
3076 879 3410 936 rewadietur
3443 889 3503 936 et
3528 882 3771 940 solvatur:

2234 976 2499 1037 quatenus
2547 976 2603 1023 et
2631 983 2696 1022 ex
2728 969 2831 1023 hoc
2870 977 2927 1023 et
2954 983 3021 1024 ex
3061 969 3344 1041 disciplina
3398 974 3683 1028 constituta
3720 977 3774 1031 ita

2234 1058 2547 1128 constricti,
2578 1057 2833 1127 deinceps
2858 1067 3075 1115 cessent
3113 1060 3370 1117 denarios
3396 1062 3569 1117 bonos
3589 1064 3772 1120 reicere.

2236 1148 2303 1202 Et
2364 1150 2617 1218 quoniam
2686 1151 3038 1217 audivimus,
3099 1153 3391 1213 occasione
3446 1164 3658 1224 accepta
3701 1172 3774 1226 pro

2235 1241 2529 1296 rewadiato
2552 1240 2730 1295 banno
2744 1244 3000 1311 quosdam
3016 1242 3135 1312 plus
3156 1259 3184 1297 a
3203 1244 3532 1313 pauperibus
3548 1247 3774 1315 accepisse

2234 1344 2394 1397 quam
2421 1330 2637 1384 bannus
2665 1331 2836 1397 levet,
2885 1332 2986 1387 boe
3013 1349 3042 1387 a
3074 1333 3255 1388 missis
3291 1334 3499 1388 nostris
3536 1334 3775 1405 diligenter

2235 1420 2436 1490 requiri
2466 1421 2735 1475 volumus.
2774 1422 2839 1475 Et
2863 1423 3190 1493 quicumque
3225 1423 3349 1493 plus
3379 1425 3451 1479 ab
3481 1426 3560 1480 eis
3591 1441 3772 1496 accepe-

2236 1510 2347 1565 rint
2369 1511 2460 1543 ¹⁰⁸⁷
2491 1526 2650 1581 quam
2677 1511 2972 1581 iussimus,
2999 1523 3263 1581 cogantur
3282 1514 3390 1568 illis
3419 1515 3709 1579 restituere,
3730 1526 3772 1570 et

2239 1603 2360 1657 illos
2406 1603 2612 1673 absque
2660 1604 2772 1657 ulla
2826 1605 3177 1660 excusatione
3220 1603 3285 1658 ad
3328 1606 3661 1675 prmseutiam
3701 1622 3772 1659 no-

547 1704 745 1757 tionem
770 1698 1348 1769 episcopalejndicimn
1372 1687 1794 1766 suscipiat,quia
1821 1705 2010 1750 contra
2029 1695 2134 1750 tale
2167 1687 2209 1745 Β
2240 1700 2409 1745 atram
2439 1692 2589 1746 missi
2614 1692 2785 1746 nostri
2809 1692 3109 1759 adducant;
3158 1703 3429 1763 quatenus
3453 1709 3550 1765 per
3575 1703 3768 1748 nostram

544 1793 895 1849 interdictum
934 1790 1143 1845 Domini
1183 1789 1345 1854 fecit,
1395 1788 1627 1844 dicentis
1659 1802 1674 1841 :
1708 1787 1813 1853 Qui
1849 1785 2128 1856 pecuniam

544 1902 695 1937 suam
744 1902 847 1939 non
886 1885 1032 1938 dedit
1054 1884 1128 1938 ad
1154 1899 1404 1949 usuram;
1455 1881 1597 1936 unde
1643 1896 1867 1951 regnum
1900 1879 1994 1934 Dei
2027 1878 2129 1933 sibi

543 1974 772 2041 clausit,
816 1984 872 2030 et
918 1974 1187 2029 infertmm
1237 1974 1338 2028 sibi
1387 1972 1619 2043 aperuit.
1652 1971 1804 2038 Quod
1851 1980 2130 2041 peccatum

546 2066 689 2119 inter
719 2067 808 2120 illa
849 2066 1155 2121 criminalia
1203 2072 1425 2135 peccata
1447 2072 1797 2132 computatur
1838 2062 1905 2116 de
1934 2060 2131 2129 quibus

545 2154 676 2207 dicit
707 2154 1019 2222 Apostolus,
1065 2154 1207 2222 quod
1237 2153 1329 2222 qui
1357 2168 1420 2206 ea
1450 2152 1673 2217 fecerit,
1702 2167 1822 2207 cum
1855 2149 2133 2217 bujusmo—

544 2247 596 2299 di
623 2262 722 2301 nec
748 2246 927 2299 cibum
962 2260 1178 2299 sumere
1215 2244 1514 2298 christiano
1539 2243 1694 2307 licet;
1751 2252 1807 2295 et
1837 2242 1959 2311 inde
1987 2240 2130 2294 sacri

544 2333 747 2388 Neroni
788 2349 1023 2389 canones
1071 2333 1301 2388 clericos
1343 2332 1543 2403 gradus
1570 2330 1797 2401 perdere
1820 2329 2032 2399 jubent.
2068 2327 2134 2381 Et

544 2425 613 2478 de
636 2424 724 2478 tali
754 2440 916 2480 causa
942 2424 1085 2477 unde
1107 2423 1380 2478 sccularcs
1402 2422 1651 2477 homines
1677 2422 1842 2475 vitam
1873 2419 2129 2489 perdunt,

550 2514 674 2567 inde
705 2512 887 2568 clerici
921 2512 1350 2567 ecclesiasticum
1379 2511 1606 2583 gradmn
1638 2511 1914 2565 amittunt.
1975 2508 2133 2564 Mini-

545 2602 644 2657 stri
684 2612 863 2657 autem
893 2603 966 2657 rei
1016 2602 1242 2672 publicae
1269 2618 1328 2657 se
1356 2612 1513 2656 caute
1546 2603 1888 2666 custodiant,
1938 2617 2008 2655 ne
2035 2616 2139 2672 pro,

549 2691 655 2748 hac
688 2694 976 2749 occasione
1016 2692 1164 2746 ducti
1198 2692 1491 2762 cupiditate
1536 2707 1637 2763 per
1678 2693 1894 2762 aliquod
1926 2698 2130 2746 malum

544 2786 818 2857 ingeniuut
855 2802 885 2840 a
913 2784 1098 2839 liberis
1119 2785 1456 2847 hominibus,
1494 2784 1575 2838 vel
1605 2784 1843 2852 colonis,
1890 2799 1983 2839 seu
2016 2799 2139 2857 ser-_

542 2878 663 2942 vis,
696 2894 791 2932 sua
830 2878 1028 2947 injuste
1060 2877 1284 2942 tollant;
1317 2877 1442 2945 quia
1475 2878 1519 2930 si
1554 2876 1677 2931 inde
1708 2877 1772 2930 ad
1806 2892 1905 2932 nos
1928 2878 2134 2931 clamor

543 2969 791 3033 venerit,
820 2978 875 3023 et
902 2968 1026 3023 inde
1057 2968 1291 3023 convicti
1321 2966 1558 3033 fuerint,
1586 2969 1666 3022 sic
1707 2967 2023 3036 iniustitiam
2053 2968 2126 3022 is-

2235 1780 2624 1851 barmiscaram
2666 1780 2759 1812 ¹⁹³⁸
2802 1780 2877 1835 ita
2922 1782 3286 1853 castigentur,
3343 1796 3415 1837 ne
3457 1782 3667 1837 ulterius
3701 1784 3769 1837 tali

2232 1868 2485 1924 conludio
2517 1870 2610 1909 “8’
2638 1885 2734 1925 eos
2764 1869 2993 1926 delectet
3017 1872 3327 1942 opprimere
3359 1886 3635 1942 pauperes.

2242 2030 2245 2033 _
2303 1960 2393 2014 22.
2437 1958 2507 2016 Ut
2533 1975 2564 2015 a
2594 1962 2803 2016 colonis
2831 1961 2923 2031 qui
2947 1977 3059 2031 Jam
3093 1978 3191 2031 pro
3234 1963 3532 2032 rejectione
3552 1963 3766 2017 bonorum

2235 2051 2581 2106 denariorum
2612 2051 2863 2122 ﬂagellati
2893 2052 2975 2105 vel
3011 2052 3316 2123 ﬂagellandi
3352 2051 3447 2083 ¹⁰⁹⁰
3476 2061 3627 2119 sunt,
3658 2052 3765 2107 nulla

2235 2142 2339 2194 alia
2366 2142 2580 2197 exactio
2618 2141 2956 2210 requiratur;
3004 2150 3059 2195 et
3087 2142 3131 2215 si
3160 2142 3229 2196 ab
3271 2138 3455 2211 aliquo
3482 2156 3653 2196 eorum
3690 2142 3764 2194 ali-

2233 2234 2360 2302 quid
2393 2234 2518 2288 iude
2557 2242 2837 2301 acceptum
2879 2232 3016 2297 fuit,
3059 2248 3088 2285 a
3128 2233 3307 2288 missis
3355 2233 3554 2288 nostris
3591 2242 3766 2302 cogatur

2235 2328 2463 2382 restitui.
2502 2328 2569 2381 Et
2608 2329 2697 2397 qui
2747 2328 3008 2383 beneﬁcia
3050 2328 3135 2382 vel
3178 2328 3365 2383 alodes
3403 2329 3495 2362 ¹⁶⁹²
3536 2329 3585 2384 in
3604 2329 3764 2383 duobus

2233 2419 2317 2473 vel
2350 2421 2522 2475 tribus
2556 2430 2650 2473 aut
2689 2428 2923 2488 quatuor
2972 2420 3319 2476 comitatibus
3350 2422 3575 2484 habent,
3611 2428 3659 2473 et
3684 2435 3761 2474 non

2235 2509 2437 2564 habent
2463 2511 2516 2564 in
2548 2524 2874 2579 unoquoque
2894 2511 3150 2565 comitatu
3179 2510 3320 2567 unde
3341 2511 3555 2581 plenum
3576 2511 3759 2565 bannum

2234 2600 2452 2653 valeant
2475 2599 2687 2653 solvere
2719 2600 2812 2630 ¹⁰⁹²
2831 2639 2846 2664 ,
2878 2598 2961 2654 vel
2990 2600 3080 2669 qui
3108 2599 3162 2654 in
3188 2614 3296 2653 uno
3321 2609 3531 2654 tantum
3558 2598 3760 2654 comitatu

2235 2690 2444 2745 alodem
2479 2689 2564 2746 vel
2600 2691 2860 2745 beneﬁcia
2902 2690 3136 2754 habent,
3177 2700 3231 2744 et
3252 2704 3359 2744 non
3389 2698 3588 2744 tantum
3617 2688 3674 2743 ibi
3694 2689 3760 2742 ha-

2234 2782 2365 2834 bent
2400 2781 2542 2835 unde
2587 2782 2806 2852 plenum
2836 2783 3074 2839 bannum
3114 2784 3330 2840 valeant
3380 2785 3599 2849 solvere,
3625 2781 3761 2837 missis

2235 2872 2437 2926 nostris
2474 2873 2577 2928 hoc
2598 2883 2785 2929 notum
2826 2874 3028 2932 faciant
3051 2916 3066 2943 ,
3107 2878 3289 2932 ethoc
3312 2877 3383 2931 ab
3411 2876 3601 2932 eisdem
3623 2874 3759 2929 missis

2236 2963 2437 3019 nostris
2458 2964 2746 3033 diligenter
2780 2967 3143 3032 inbrevietur,
3173 2976 3228 3022 et
3256 2968 3418 3023 nobis
3450 2966 3757 3029 renuntietur,

549 3069 656 3111 tam
687 3055 998 3120 cxsolvent,
1048 3058 1191 3111 sicut
1216 3056 1292 3111 illi
1319 3057 1411 3127 qui
1446 3056 1498 3111 in
1543 3072 1641 3110 suo
1679 3057 1985 3111 ministerio
2016 3065 2128 3110 tor-
2158 3031 2203 3092 δ
2241 3065 2299 3108 ιιι
2328 3064 2515 3109 nostra
2544 3056 2871 3113 discretione
2896 3059 3289 3125 decernamus,
3321 3060 3553 3130 qualiter
3574 3067 3623 3112 et
3637 3056 3758 3112 casti-

549 3159 661 3202 tum
706 3147 929 3203 faciant.
981 3148 1036 3201 In
1084 3148 1189 3203 illis
1243 3157 1427 3203 autem
1479 3148 1787 3219 regionibus
1835 3148 1888 3201 iu
1939 3147 2135 3217 quibus

549 3238 845 3293 secundum
869 3237 1039 3308 legem
1070 3235 1367 3292 Romanam
1386 3239 1699 3309 judicantur
1718 3237 1919 3307 judicia
1941 3279 1955 3303 ,
1980 3240 2134 3309 juxta

550 3331 721 3400 ipsam
760 3327 932 3399 legem
984 3329 1383 3384 committentes
1432 3330 1556 3382 talia
1597 3327 1949 3398 iudicentur;
2009 3329 2134 3399 quia

550 3434 713 3489 super
741 3418 884 3472 illam
912 3418 1081 3489 legem
1113 3415 1193 3472 vel
1238 3426 1426 3471 coiitra
1470 3418 1641 3488 ipsam
1683 3419 1853 3489 legem
1906 3435 2008 3473 nec
2035 3436 2134 3473 an-

553 3520 855 3566 tecessores
885 3510 1051 3565 nostri
1084 3510 1461 3580 quodcumque
1489 3510 1779 3579 capitulum
1805 3521 2134 3577 statuerunt,

552 3615 655 3655 nec
685 3614 784 3654 nos
814 3600 1015 3670 aliquid
1045 3602 1443 3656 constituimus.
1476 3602 1740 3657 Similiter
1769 3619 1866 3673 per
1889 3604 2135 3659 civitates

555 3698 611 3744 et
650 3690 801 3745 vicos
827 3700 988 3760 atque
1017 3707 1113 3761 per
1142 3703 1375 3745 mercata
1407 3689 1638 3746 ministri
1666 3692 1741 3746 rei
1765 3693 1991 3762 publicm
2018 3709 2137 3764 pro-

552 3778 805 3843 videant,
841 3796 908 3833 ne
954 3779 1027 3833 illi
1061 3780 1151 3849 qui
1182 3796 1377 3850 panem
1410 3791 1622 3835 coctum
1670 3791 1763 3835 aut
1790 3797 2009 3837 carnem
2042 3800 2138 3853 per

552 3877 871 3943 deueratas,
911 3887 1002 3931 aut
1028 3878 1209 3931 viumn
1242 3892 1335 3949 per
1362 3879 1629 3941 scxtaria,
1678 3878 1949 3944 vendunt,
1988 3882 2140 3933 adul-

556 3979 735 4024 terarc
774 3978 830 4024 et
877 3969 1119 4024 minuere
1173 3970 1399 4039 possint.
1449 3970 1553 4024 Sed
1590 3980 1822 4040 quantos
1851 3986 2139 4026 mensura-

554 4062 690 4117 biles
719 4076 883 4133 panes
928 4062 980 4115 in
1019 4077 1346 4130 unaquaque
1394 4063 1616 4119 civitate.
1659 4065 1727 4119 de
1769 4064 1917 4134 justo
1961 4066 2141 4121 modio

554 4151 792 4221 episcopi
830 4151 913 4204 vel
944 4152 1156 4206 abbatis
1186 4152 1276 4185 ¹⁰κ’
1312 4168 1404 4206 seu
1441 4155 1656 4209 comitis
1682 4155 1774 4187 ¹⁰⁸³
1805 4156 2140 4210 ministeria-

556 4244 637 4297 les
673 4244 768 4275 ¹⁰⁸δ
796 4257 826 4297 a
866 4244 1158 4313 pistoribus
1183 4243 1296 4299 suis
1320 4244 1587 4314 recipiunt
1609 4284 1625 4311 ,
1657 4254 1835 4301 tantos
1861 4262 2142 4302 mensura-

2238 3147 2386 3217 gatio
2414 3162 2482 3203 ex
2508 3150 2900 3219 compositione
2925 3149 3050 3215 fiat,
3082 3160 3138 3207 et
3168 3151 3418 3206 homines
3441 3150 3570 3206 ultra
3598 3160 3757 3203 mense

2239 3253 2356 3291 ram
2386 3249 2441 3292 ct
2468 3238 2706 3293 indebitc
2743 3256 2846 3294 non
2885 3251 3183 3311 graventur
3217 3260 3230 3295 :
3272 3242 3436 3311 quia,
3475 3242 3601 3296 sicut
3619 3242 3755 3293 sancta

2242 3329 2524 3401 Scriptura
2572 3331 2724 3396 dicit,
2774 3348 2880 3386 non
2935 3334 3058 3387 inde
3101 3334 3430 3403 requirimus
3472 3333 3656 3393 datum,
3690 3326 3753 3380 sed

2240 3420 2512 3490 fructum,
2568 3424 2619 3478 id
2664 3433 2742 3479 est
2790 3440 2893 3479 non
2946 3424 3444 3494 inderequirimus
3485 3422 3754 3478 inhonestum

2240 3514 2450 3570 lucrum
2469 3556 2484 3579 ,
2535 3518 2627 3571 sel
2655 3517 2807 3587 regni
2836 3532 2900 3570 ex
2951 3517 3309 3588 castigatione
3338 3516 3636 3586 profectum.
3658 3509 3754 3563 Tur-

2239 3620 2306 3674 pe
2340 3606 2432 3638 ¹⁰⁹³
2459 3607 2543 3662 vel
2588 3607 2934 3662 inhonestum
2978 3617 3064 3662 est
3104 3608 3343 3669 lucrum,
3394 3615 3454 3660 ut
3495 3601 3755 3674 Augustini“

2240 3697 2494 3766 exponit,
2548 3713 2646 3767 per
2673 3697 2854 3752 varias
2897 3698 3388 3752 circumventiones
3415 3705 3469 3752 et
3506 3692 3751 3751 occasiones

2241 3788 2484 3843 lucrandi
2532 3805 2694 3845 causa
2744 3790 3027 3844 inhoneste
3056 3804 3144 3844 res
3170 3789 3443 3860 quaslibet
3483 3781 3748 3858 congregari.

2242 3879 2309 3932 Et
2335 3894 2441 3933 non
2475 3879 2650 3933 solum
2676 3879 2728 3933 in
2759 3878 3201 3949 pauperior-ibus,
3249 3880 3343 3934 sed
3386 3880 3542 3934 etiam
3568 3877 3614 3929 in
3640 3868 3750 3923 ditio-

2241 3969 2422 4035 ribus,
2452 3970 2800 4025 considerare
2822 3970 3068 4025 volumus
3111 3968 3493 4025 discretionem
3524 3978 3657 4038 quam
3685 3957 3749 4011 de

2240 4076 2490 4116 cessorcs
2532 4063 2699 4117 nostri
2746 4076 2900 4132 reges
2948 4062 3000 4115 in
3043 4069 3239 4131 quarto
3285 4061 3423 4117 libro
3457 4053 3748 4129 Capitulorum

2243 4163 2576 4222 posuerunt,
2624 4154 2862 4225 capitulo
2902 4153 2968 4209 57
2999 4155 3094 4196 ³ου*
3120 4156 3509 4212 decernentes:
3538 4149 3593 4204 Ut
3614 4147 3663 4200 de
3682 4145 3746 4197 de-

2243 4245 2347 4297 bito
2364 4285 2379 4308 ,
2406 4244 2647 4315 inquiunt
2665 4287 2679 4310 ,
2707 4245 2845 4315 quod
2872 4249 2941 4298 ad
2975 4263 3104 4316 opus
3131 4257 3365 4300 nostrum
3395 4246 3542 4316 luerit
3563 4235 3748 4296 remedia-

557 4334 694 4389 biles
719 4349 886 4404 panes
915 4336 980 4389 de
1009 4351 1165 4405 atque
1203 4336 1382 4390 modio
1411 4353 1441 4391 a
1474 4337 1770 4408 pistoribus
1818 4340 1909 4409 qui
1946 4356 2137 4411 panem
2169 4377 2219 4436 υ
2244 4346 2385 4402 tum,
2437 4336 2561 4391 talis
2608 4339 2958 4391 consideratio
3000 4338 3131 4405 ﬁat,
3192 4347 3248 4391 ut
3294 4338 3337 4392 is
3383 4340 3473 4408 qui
3517 4335 3748 4405 ignorant"

558 4422 799 4479 vendunt
819 4464 835 4490 ,
879 4423 994 4478 fieri
1026 4423 1226 4479 faciant
1254 4443 1267 4479 :
1295 4441 1429 4495 quos
1451 4428 1493 4481 si
1524 4428 1727 4483 inventi
1761 4429 1962 4485 fuerint
1988 4433 2139 4487 adul-

561 4526 739 4572 terare
763 4516 845 4571 vel
896 4517 1197 4582 minorare,
1241 4527 1301 4571 ut
1331 4534 1492 4589 supra
1536 4519 1801 4587 diximus,
1846 4525 2139 4578 secundum

561 4623 717 4662 suum
755 4608 971 4663 modmn
1004 4608 1296 4680 culpabiles
1327 4610 1657 4680 judicentur.
1685 4612 1940 4669 llomines
1976 4615 2138 4669 etiam

560 4700 653 4770 qui
682 4700 1072 4769 providentiam
1111 4716 1272 4771 super
1299 4703 1401 4758 hoc
1432 4702 1522 4735 ¹⁰⁸⁸
1553 4703 1754 4759 habere
1783 4705 2050 4761 debebunt
2074 4723 2141 4762 ne

564 4807 768 4847 manca:
804 4807 1073 4847 mensurae
1128 4793 1292 4858 fiant,
1356 4794 1398 4848 si
1441 4794 1538 4827 ³⁸⁸⁸
1586 4798 1651 4853 de
1711 4797 1950 4867 perjurio
1995 4802 2139 4869 quod

556 4880 914 4949 iuraverunt,
965 4881 1092 4952 quia
1139 4882 1243 4937 hoc
1297 4885 1605 4941 consentire
1644 4902 1749 4941 non
1796 4888 2143 4955 debuissent,

565 4972 751 5028 revicti
791 4971 1021 5037 fuerint,
1048 4976 1341 5028 secundum
1369 4974 1539 5046 legem
1569 4977 2063 5046 puniantnrhsicut
2093 4982 2146 5035 in

566 5064 673 5117 line
704 5061 925 5133 capituli
960 5061 1154 5118 decimi
1187 5078 1255 5117 cx
1298 5064 1435 5120 libro
1463 5067 1622 5122 tertio
1648 5068 2015 5138 Capitulorum
2047 5071 2146 5126 ba-

2244 4430 2506 4499 peccavit,
2543 4446 2645 4483 non
2682 4440 2849 4484 totum
2890 4432 3175 4485 secundum
3209 4432 3370 4500 legent
3408 4436 3669 4498 componere
3691 4432 3750 4469 τοο

2244 4532 2433 4589 gatur,
2461 4522 2551 4575 sed
2577 4522 2738 4591 juxta
2767 4522 2907 4592 quod
2931 4523 3177 4591 possibile
3213 4523 3378 4576 visum
3408 4521 3571 4593 fuerit.
3598 4514 3644 4568 Ir
3668 4519 3746 4562 κη

2243 4612 2333 4680 qui
2357 4621 2561 4665 tantum
2585 4611 2728 4665 mala
2758 4610 3021 4665 voluntate
3048 4613 3277 4680 peccavit
3298 4652 3312 4678 ,
3349 4621 3505 4666 totam
3525 4605 3630 4676 legis
3649 4610 3749 4652 colt-

2247 4705 2556 4775 positionem
2580 4715 2801 4779 cogatur
2836 4704 3119 4759 exsolvere.

2268 4852 2271 4855 .
2321 4795 2411 4849 ‘25.
2455 4795 2520 4852 Ut
2554 4796 2733 4849 mullus
2754 4796 3006 4865 deinceps
3031 4796 3082 4849 in
3129 4810 3295 4867 regno
3327 4804 3504 4851 nostro
3526 4788 3743 4845 mixturam

2252 4888 2364 4943 auri
2399 4888 2478 4942 vel
2512 4886 2719 4956 argenti
2756 4887 2822 4941 ad
2845 4887 3183 4941 vendendum
3200 4866 3389 4942 facere
3414 4884 3492 4938 vel
3516 4866 3746 4935 consentire

2251 4990 2544 5051 przesumat
2567 4998 2580 5033 :
2625 4989 2679 5032 et
2705 4978 2885 5033 nullus
2913 4994 2942 5032 a
2978 4979 3149 5045 missa,
3172 4978 3343 5034 sancti
3371 4969 3603 5042 Remigii.
3633 4961 3671 5017 id
3688 4962 3745 5010 ⁸⁵⁸

2250 5090 2280 5128 a
2317 5074 2578 5144 proximis
2609 5071 2864 5127 Kalendis
2891 5070 3172 5139 Octobris,
3216 5086 3407 5127 aurum
3433 5067 3511 5124 vel
3532 5060 3744 5135 ᾳτεθιιίιιυι

1817 5227 2051 5285 VARUS
2088 5224 2489 5288 LECTIONES.
