3874 5340
62 218 137 270 τω
1004 182 1455 254 ’rnaseontzu
1493 174 1732 243 nectit
1770 174 2249 239 CthTb’L-tn-tit.

511 312 592 368 vel
633 309 917 366 emendum
964 306 1060 350 "0'
1102 305 1204 360 nisi
1242 301 1582 374 purificatam
1614 302 1659 363 Α
1688 294 1919 348 vendere
1959 302 2279 360 praesumat,
2305 301 2358 345 et
2384 291 2437 344 in
2468 290 2655 345 eodem
2683 290 2820 344 libro
2848 289 3082 359 capitulo
3107 289 3139 341 6
3170 290 3263 340 dc-

61 332 109 385 ;d
144 317 463 379 vendendum

58 416 276 492 proferat.
296 409 361 463 Et
385 407 428 461 si
453 406 575 474 quis
600 411 721 472 post
746 394 1299 470 prasfatasKalcndas
1338 392 1586 445 inventus

58 477 191 561 inerit
212 511 390 555 aurum
415 493 499 548 vel
539 499 815 561 argetttum
839 529 854 547 .
899 486 982 541 vel
1016 485 1394 555 quodcumque
1424 477 1590 533 fabri-

65 595 223 649 ciuium
261 603 324 643 ex
365 598 501 640 auro
541 582 620 637 vel
668 589 893 651 argento
916 576 1009 619 ¹⁹²⁶
1043 575 1304 635 mixtum,
1352 570 1416 624 ad
1459 585 1589 623 ven-

66 683 255 740 dandum
285 676 365 731 vel
392 673 684 729 emendum
727 670 816 704 “"
848 677 1101 737 portare,
1149 679 1179 717 a
1219 659 1482 717 ministris
1511 656 1588 711 rei

67 772 249 846 publica:
272 769 448 837 ipsum
493 762 636 834 quod
686 756 983 830 portaverit
1032 754 1102 809 ab
1145 767 1210 807 eo
1245 751 1592 846 tollatur,

70 834 155 930 ipse
193 834 695 928 per'fldejussores,
751 849 795 903 si
840 860 934 901 res
981 852 1036 897 et
1083 838 1349 908 mancipia
1399 837 1451 891 in
1499 834 1590 888 illo

70 948 279 1006 comitatu
310 957 417 1005 non
462 938 659 1002 habet,
710 937 777 991 ad
823 930 1165 1005 prtescntiam
1197 936 1435 982 nostram
1466 938 1588 979 eum

73 1042 158 1108 ipso
177 1048 294 1089 auro
314 1032 392 1088 vel
422 1039 649 1100 argento
676 1027 1016 1104 adducatur,
1042 1029 1103 1074 ut
1143 1034 1243 1074 nos
1290 1016 1413 1071 inde
1445 1028 1593 1069 com-

73 1106 331 1180 mandemus
358 1118 596 1189 qualiter
630 1113 912 1185 culpabilis
931 1110 1221 1179 jndicetnr.
1259 1106 1315 1160 Si
1348 1119 1475 1158 vero
1504 1117 1591 1158 res

74 1226 114 1271 et
134 1210 368 1285 mancipia
406 1207 494 1262 vel
523 1205 719 1261 mobile
738 1244 753 1268 ,
782 1218 878 1273 per
907 1216 1026 1272 qua:
1066 1195 1311 1266 distringi
1354 1192 1595 1263 legaliter

77 1305 236 1377 possit,
264 1284 315 1356 in
344 1300 462 1371 ipso
494 1297 755 1353 comitatu
786 1290 1066 1355 habuerit,
1104 1287 1396 1343 secundum
1421 1284 1592 1355 legem

79 1373 124 1447 ad
148 1398 359 1446 nostram
393 1386 741 1459 praesentiam
770 1382 958 1437 venire
982 1380 1252 1450 jubeatur.
1286 1374 1352 1428 Et
1379 1373 1423 1427 si
1447 1373 1597 1441 quis-

80 1499 200 1555 quam
227 1482 470 1536 inventus
518 1474 685 1532 fuerit
719 1489 874 1535 suum
921 1484 1111 1525 aurum
1152 1467 1235 1520 vel
1280 1473 1594 1534 argentum,

81 1574 507 1641 vclquodcumqne
554 1565 897 1622 fabricinium
933 1578 997 1616 ex
1037 1573 1171 1614 auro
1213 1556 1296 1611 vel
1339 1563 1597 1625 argento,

3149 180 3254 232 ’ἵῑο

1689 388 1895 457 signata
1939 394 2066 438 sunt
2091 384 2202 439 loca
2244 382 2391 450 regni
2425 395 2595 450 usque
2639 380 2706 434 ad
2750 396 2869 449 qua:
2902 379 3262 448 negotiatores

1689 474 1912 529 brnnias
1942 479 1998 525 et
2021 486 2170 525 arma
2203 471 2271 524 ad
2293 468 2702 523 venundamlum
2720 476 2936 537 portare
2958 477 3005 519 et
3026 465 3260 519 vendere

1688 557 1951 617 debeant,
1980 555 2121 623 quod
2148 556 2191 609 si
2237 552 2436 607 inventi
2471 550 2671 605 fuerint
2701 549 2837 604 ultra
2868 557 3146 618 portantes
3172 557 3268 602 aut

1688 646 2092 703 venundantes.
2130 652 2189 697 nt
2215 643 2392 696 omnis
2435 640 2733 696 substantia
2770 655 2956 694 eorum
2987 638 3266 692 auferatur

1689 736 1756 788 ab
1783 734 1895 797 eis,
1944 722 2165 788 dimidia
2207 732 2423 802 quidem
2455 745 2581 799 pars
2626 729 2869 799 partibus
2902 728 3122 798 palatii,
3160 728 3264 782 alia

1686 840 1818 880 vero
1840 810 2271 879 medietasinter
2306 821 2499 876 missos
2524 821 2698 888 regios
2719 830 2774 873 et
2816 819 3149 873 inventorem
3177 818 3264 870 di-

1684 919 1934 996 vidatur;
1970 904 2096 985 quia
2126 900 2360 983 peccatis
2407 910 2605 965 nostris
2629 909 2969 981 exigentibus
2996 909 3049 962 in
3078 917 3264 962 nostra

1687 1008 1887 1063 vicinia
1919 1004 2237 1061 Nortmanni
2281 1002 2568 1057 deveniunt
2599 1002 2725 1063 “°",
2786 1009 2841 1054 et
2884 999 3018 1055 eisa
3070 999 3271 1052 nostris

1692 1099 1901 1154 lirunia:
1930 1105 1985 1151 et
2034 1110 2184 1150 arma
2236 1102 2397 1163 atque
2440 1090 2632 1146 caballi
2681 1100 2773 1145 aut
2802 1090 2893 1122 ““
2922 1104 3017 1158 pro
3063 1076 3271 1142 redem-

1692 1189 1881 1259 ptione
1902 1187 2122 1251 dantur,
2150 1192 2240 1238 aut
2263 1183 2526 1254 propretii
2550 1181 2840 1250 cupiditate
2861 1179 3266 1242 venundantur;

1686 1296 1815 1336 cum
1846 1293 1942 1349 pro
1962 1277 2337 1346 redemptione
2380 1274 2538 1328 unius
2575 1272 2810 1327 hominis
2837 1271 2937 1324 ista
2965 1266 3268 1331 donantur,

1694 1371 1777 1443 vel
1808 1384 1904 1439 pro
1920 1382 2098 1439 pauco
2128 1365 2299 1436 pretio
2330 1363 2738 1425 venundantur,
2769 1348 2987 1430 per‘hoc
3009 1359 3269 1412 auxilium

1698 1460 1801 1513 illis
1829 1468 2016 1511 contra
2047 1471 2146 1509 nos
2174 1454 2472 1523 prsestitutn
2498 1440 2590 1487 ¹¹⁶⁸
2615 1460 2667 1506 et
2711 1448 2863 1518 regni
2892 1447 3059 1501 nostri
3098 1447 3275 1498 niaxi-

1698 1566 1842 1604 mum
1883 1548 1946 1603 fit
1992 1534 2402 1607 detrimentum,
2450 1551 2504 1597 et
2550 1542 2728 1596 multa!
2773 1540 3014 1595 ecclesia:
3056 1538 3144 1569 ¹¹¹⁰
3177 1537 3270 1592 Dei

82 1672 245 1734 portare
266 1661 327 1715 ad
356 1659 571 1713 fabrum
609 1666 669 1711 ut
706 1662 991 1725 purgetur,
1038 1649 1361 1720 provideant
1387 1645 1462 1700 rei
1482 1660 1590 1713 pu-
1625 1639 1668 1697 Β
1698 1640 2065 1703 destruantur,
2090 1632 2144 1691 et
2169 1633 2544 1705 quamplurimi
2568 1630 2843 1687 christiani
2868 1629 3269 1701 deprzedantur,

83 1732 194 1808 lilica:
238 1748 491 1808 ministri.
550 1762 616 1802 ne
662 1747 763 1801 hac
804 1732 898 1775 ’⁸⁵⁵³
925 1741 1210 1797 occasione
1244 1738 1311 1791 ali
1350 1750 1416 1791 eo
1451 1734 1596 1804 quod

85 1855 197 1895 suum
227 1837 377 1892 fuerit
404 1835 613 1889 tollant.
639 1832 791 1900 Quod
818 1831 862 1886 si
894 1829 1147 1888 fecerint,
1180 1834 1234 1882 et
1262 1824 1326 1878 ad
1350 1839 1449 1877 nos
1472 1822 1597 1875 inde

87 1930 339 1985 reclamatio
362 1928 607 1990 venerit,
643 1926 784 1979 sicut
804 1924 892 1978 ille
932 1922 1021 1992 qui
1055 1928 1252 1974 tortum
1292 1917 1345 1971 in
1375 1929 1473 1969 suo
1501 1928 1598 1968 co-

88 2022 231 2075 mitatu
255 2020 331 2073 vel
355 2017 666 2072 ministerio
694 2014 915 2075 fecerit,
962 2013 1015 2066 in
1043 2018 1227 2065 nostra
1255 2006 1337 2061 vel
1363 2004 1598 2059 fidelium

89 2118 331 2163 nostrorum
378 2107 665 2178 praesentia
712 2102 997 2173 culpabilis
1034 2098 1384 2170 jndicabitur.
1427 2094 1602 2148 Faber

88 2216 178 2254 vero
196 2199 270 2270 qui
295 2207 409 2267 post
447 2196 706 2267 praefatas
740 2194 1008 2249 Kalendas
1031 2189 1411 2259 comprobatus
1442 2185 1601 2239 fuerit

88 2306 223 2345 annua
253 2290 327 2344 vel
366 2299 654 2358 argentum
696 2287 764 2340 ad
804 2283 1143 2339 vendendum
1189 2278 1272 2334 vel
1314 2277 1600 2332 emendum

89 2379 353 2431 adulterassc
372 2377 455 2430 vel
484 2375 810 2430 Inisculasse
840 2373 928 2406 ¹⁰⁹⁹
950 2412 966 2436 ,
1002 2373 1056 2426 in
1087 2371 1191 2425 illis
1215 2366 1523 2437 regionibus
1548 2364 1600 2417 in

91 2468 232 2536 quibus
248 2467 435 2535 judicia
479 2466 782 2521 secundum
824 2464 996 2533 legem
1032 2462 1328 2516 Romanam
1356 2457 1448 2489 ¹¹⁰⁰
1493 2466 1601 2509 ter-

95 2560 305 2613 minantur
326 2597 342 2621 ,
376 2558 532 2627 juxta
568 2556 709 2609 illam
740 2555 910 2627 legem
939 2553 1195 2623 puniatur
1223 2566 1238 2614 ;
1272 2550 1327 2602 in
1356 2546 1474 2601 aliis
1504 2561 1603 2598 au-

98 2660 173 2703 tem
208 2650 489 2720 regionibus
538 2647 688 2719 regni
732 2646 931 2709 nostri,
973 2643 1264 2700 secundum
1313 2638 1606 2710 capitulare

98 2740 250 2809 regium
279 2741 361 2772 "°‘
381 2779 396 2803 ,
421 2739 565 2795 sicut
596 2737 780 2791 falsam
810 2743 1079 2791 monetam
1110 2732 1419 2804 percutiens
1435 2730 1469 2794 ,'
1486 2744 1602 2783 ma-

94 2829 399 2896 numperdat.
452 2828 523 2882 Et
568 2827 703 2882 liber
746 2827 906 2881 homo
950 2825 1040 2896 qui
1091 2830 1194 2880 hoc
1238 2821 1604 2885 consenserit,

102 2919 200 2972 sicut
229 2920 273 2972 in
304 2918 525 2989 przelato
561 2918 871 2972 continetur
913 2915 1148 2986 capitulo
1170 2954 1185 2978 ,
1219 2914 1456 2968 bannum
1505 2925 1605 2965 no-

104 3016 255 3070 strum,
282 3009 430 3063 idest
452 3009 654 3064 solidos
684 3008 961 3078 sexaginta
981 3046 996 3071 ,
1026 3013 1353 3075 componat;
1384 3002 1608 3058 colonus
1635 2998 1679 3057 C

102 3094 159 3149 vel
179 3110 369 3163 servus,
406 3098 586 3151 nudus
622 3097 712 3128 ιη’
743 3112 865 3151 cum
895 3096 1060 3165 virgis
1088 3094 1385 3165 ﬂagelletur
1411 3092 1521 3145 ¹¹⁰³.
1548 3090 1606 3146 Si

102 3198 193 3239 vero
210 3184 400 3241 ludzcus
434 3185 636 3249 fuerit,
669 3186 843 3256 ipsum
871 3187 1013 3254 quod
1040 3184 1264 3238 mixtum
1291 3181 1604 3252 protulerit,

100 3275 273 3341 perdat;
314 3285 366 3331 et
410 3278 652 3331 bannum
694 3285 974 3339 nostrum,
1014 3275 1155 3330 sicut
1205 3284 1444 3342 tempore
1474 3286 1611 3341 prae-

103 3363 378 3420 decessorum
400 3376 713 3421 nostrorum
740 3365 1073 3421 consuetudo
1103 3363 1233 3429 fuit,
1265 3368 1570 3433 componat.

146 3474 213 3527 24.
234 3474 295 3531 Ut
313 3477 362 3531 in
383 3493 469 3530 om
487 3477 539 3530 ni
568 3491 731 3546 regno
759 3484 947 3531 nostro
969 3491 1072 3530 non
1101 3474 1330 3544 amplius
1350 3472 1612 3525 vendatur

100 3560 196 3617 libra
219 3567 319 3620 auri
352 3567 643 3637 purissime
666 3567 836 3631 cocti,
877 3566 980 3620 nisi
1034 3564 1311 3631 duodecim
1345 3563 1497 3617 libris
1525 3576 1613 3615 ar.

105 3657 208 3720 genti
229 3658 285 3712 de
309 3662 455 3714 novis
500 3666 556 3714 et.
579 3659 742 3713 meris
786 3658 1048 3713 denariis.
1088 3656 1220 3711 lllud
1250 3670 1378 3709 vero
1420 3667 1611 3706 aurum

107 3747 209 3810 quod
230 3758 420 3803 coetum
457 3749 677 3819 quidem
703 3747 900 3809 fuerit.
944 3747 1036 3801 sed
1061 3762 1165 3801 non
1193 3752 1403 3800 tantum
1431 3752 1491 3797 ut
1520 3741 1612 3773 ¹¹⁰⁵

108 3848 152 3886 ex
170 3850 222 3890 eo
239 3840 548 3895 deauratnra
578 3840 691 3895 ﬁeri
717 3840 886 3910 possit
908 3880 922 3904 ,
951 3838 1086 3894 libra
1111 3853 1214 3892 una
1242 3838 1308 3892 de
1330 3851 1460 3890 auro
1479 3850 1613 3889 vene

109 3921 225 3977 datur
255 3926 423 3982 decem
469 3929 622 3984 libris
649 3930 859 4001 argenti
889 3928 956 3983 de
996 3927 1152 3982 novis
1178 3935 1234 3981 et
1266 3925 1429 3980 meris
1453 3924 1619 3979 dena-

111 4010 194 4065 riis.
229 4014 287 4069 Et
326 4019 649 4074 omnimodis
668 4019 988 4088 provideant
1022 4027 1128 4072 tam
1160 4018 1412 4078 comites,
1454 4030 1616 4084 quam

110 4104 234 4156 ceteri
259 4120 434 4163 omnes
466 4108 700 4163 ministri
733 4109 807 4162 rei
834 4108 1060 4178 publica:
1083 4148 1098 4172 ,
1150 4123 1217 4162 ne
1255 4108 1432 4177 aliqua
1474 4106 1619 4175 adje-

111 4188 218 4247 tione
253 4196 328 4250 vel
369 4197 560 4253 fraude
604 4214 701 4268 per
743 4199 1085 4255 occasionem
1140 4200 1341 4268 aliquid
1389 4198 1620 4267 amplius

110 4286 352 4354 \‘endatur,
400 4290 542 4347 sicut
567 4291 633 4346 de
679 4292 790 4346 suis
834 4293 1128 4347 honoribus
1152 4292 1336 4346 volunt
1365 4292 1619 4361 gaudere.

114 4367 163 4422 Et
182 4374 473 4449 quicumque
515 4382 654 4437 banc
700 4382 1219 4437 commendationem
1255 4372 1623 4437 nostram‘ali-

117 4475 195 4528 quo
218 4466 411 4538 ingenio
437 4470 709 4527 inﬁrmare
736 4474 818 4529 vel
853 4473 1105 4529 fraudare
1123 4488 1216 4529 seu
1243 4473 1400 4528 aliter
1427 4472 1620 4526 immu-

119 4561 203 4610 tate
223 4558 456 4618 inventus
484 4564 672 4627 fuerit,
725 4566 769 4620 si
797 4565 935 4620 liber
964 4566 1127 4621 homo
1163 4564 1354 4628 fuerit,
1384 4564 1620 4635 bannum

119 4654 308 4702 “ostrum
331 4690 347 4713 ,
371 4651 424 4706 id
443 4661 522 4708 est
538 4654 811 4724 sexaginta
840 4655 1070 4719 solidos,
1118 4644 1440 4725 componat;
1476 4653 1624 4708 colo-

122 4745 195 4787 nus
213 4750 291 4792 seu
309 4756 516 4808 servus,
551 4746 726 4800 nudus
756 4745 847 4777 “°'
870 4760 990 4800 cum
1020 4744 1186 4815 virgis
1208 4743 1521 4815 flagelletur.

126 4948 136 4962 .
278 4868 341 4925 Et
378 4875 624 4943 quoniam
667 4877 719 4930 in
758 4875 995 4947 praefatis
1020 4874 1271 4946 capitulis
1315 4877 1626 4931 continetur
1664 4926 1670 4931 ,

127 4953 301 5052 iii-libro
335 4963 486 5017 tertio
511 4965 602 4997 ¹¹⁶⁶
629 4965 864 5035 capitulo
897 4966 993 5030 75,
1033 4974 1094 5020 ut
1141 4964 1318 5020 nullus
1346 4967 1463 5020 sine
1500 4980 1627 5036 per-

129 5056 256 5099 ""558
285 5052 421 5122 regio
465 5053 706 5111 bruniam
746 5056 829 5110 vel
874 5072 1022 5112 arma
1066 5064 1327 5112 extraneo
1370 5057 1500 5113 dare
1540 5062 1635 5110 aut

1696 1740 1752 1784 et
1794 1726 2076 1782 facultates
2119 1724 2504 1780 εςεΙεεὶίιειίεεο
2545 1731 2600 1776 et
2646 1721 2793 1791 regni
2841 1721 3269 1779 exhauriuntur,

1695 1828 1983 1890 propterea
2018 1832 2121 1869 una
2153 1831 2274 1870 cum
2323 1828 2589 1867 consensu
2621 1822 2783 1879 atque
2809 1803 3033 1863 consilio
3061 1817 3274 1862 nostro-

1698 1923 1819 1961 rum
1851 1900 2085 1959 iidelinm
2114 1902 2521 1974 constituimus,
2565 1909 2622 1953 ut
2649 1901 2971 1968 qniemuqne
2997 1907 3113 1966 post
3142 1912 3272 1964 pro-

1700 1996 1874 2049 ximas
1902 1992 2180 2049 Kalendas
2219 1990 2342 2045 Julii
2393 1988 2551 2057 hujus
2591 1989 2921 2043 duodecima:
2970 1986 3279 2040 indictionis

1698 2087 2053 2147 Nortmannis
2115 2099 2456 2155 quocumque
2507 2082 2753 2151 ingenio,
2802 2080 2884 2133 vel
2929 2094 3025 2149 pro
3070 2078 3279 2132 redem-

1702 2186 1879 2247 tione,
1931 2180 2011 2236 vel
2043 2193 2138 2249 ιιι-ο
2165 2177 2344 2244 aliquo
2374 2174 2546 2243 pretio
2565 2213 2579 2233 ,
2630 2172 2875 2226 hrnniatn
2899 2171 2983 2223 vel
3013 2184 3281 2238 quaecun-

1701 2293 1806 2348 que
1850 2288 1999 2329 arma
2055 2279 2149 2324 aut
2194 2266 2458 2323 caballum
2482 2264 2791 2327 donaverit,
2843 2262 2982 2315 sicut
3035 2261 3279 2328 proditor

1702 2376 1798 2438 pat
1828 2366 1889 2419 ia:
1911 2371 1961 2416 et
1985 2358 2261 2430 expositor

2526 2481 2937 2537 Christianitatis
2954 2522 2969 2545 ,
2992 2480 3282 2549 ctadjutor

2525 2554 2804 2621 gentilium
2845 2554 3065 2605 erroris.
3112 2553 3280 2622 Igitur

2527 2639 2624 2693 pro
2643 2623 2734 2675 tali
2750 2623 3056 2675 venditione
3071 2633 3123 2676 et
3146 2638 3281 2674 ausu

2529 2693 2815 2746 temerario
2873 2693 3150 2752 volumus,
3220 2700 3284 2752 ut

1706 2761 2050 2844 pona'taQute
2074 2768 2254 2822 omnia
2285 2765 2460 2844 omni-
2529 2763 2778 2815 venditor
2819 2761 2885 2815 de
2931 2763 3036 2813 vita
3067 2776 3283 2839 compo-

1709 2830 1811 2901 bus
1867 2830 2127 2895 citissime
2186 2852 2215 2890 a
2279 2833 2458 2889 missis
2528 2841 2623 2885 nat
2694 2841 2749 2886 et
2795 2845 2986 2901 omnes
3028 2846 3115 2884 res
3167 2830 3284 2901 ejus

1711 2911 1911 2967 nostris
1941 2919 1995 2964 et
2021 2908 2307 2962 comitibus
2332 2913 2456 2957 nota
2531 2900 3284 2956 inliscentur.Eeclesiasticus

1712 2985 1872 3043 tiant,
1899 2995 1966 3034 ne
1986 2979 2051 3031 de
2078 2975 2375 3045 ignorantia
2400 2988 2459 3027 se
2531 2987 2658 3025 vero
2680 2981 2772 3025 aut
2791 2972 3144 3045 _l)_eo_sacrata
3170 2984 3286 3037 per-

1710 3040 1971 3106 excusare
1995 3040 2223 3101 vale'ant.
2531 3040 2881 3166 getgnhexilio
2904 3040 3282 3109 dampuentur.

1778 3251 1870 3305 26.
1916 3248 1984 3305 Ut
2008 3260 2267 3320 pagenscs
2307 3242 2501 3300 Franci
2548 3241 2640 3311 qui
2674 3239 2913 3297 caballos
2954 3238 3150 3297 habent
3198 3237 3289 3290 vel

1711 3342 1908 3397 habere
1947 3347 2200 3410 possunt,
2250 3352 2371 3393 cum
2399 3334 2510 3390 suis
2542 3331 2832 3388 comitibus
2856 3331 2946 3362 ““
2979 3330 3032 3383 in
3078 3330 3287 3384 hostem

1710 3428 1970 3503 pergant;
2020 3439 2074 3484 et
2097 3429 2273 3483 nullus
2314 3442 2409 3497 per
2433 3424 2776 3487 violentiam,
2826 3421 2911 3476 vel
2951 3436 3048 3491 per
3071 3420 3290 3489 aliquod

1718 3524 1915 3577 tantum
1956 3517 2265 3587 ingenium,
2306 3523 2515 3582 autpcr
2555 3523 2951 3581 quamcumque
2995 3508 3290 3563 indebitam

1712 3610 2111 3682 oppressionem
2140 3606 2261 3667 ¹¹¹¹,
2319 3603 2513 3657 talibus
2543 3602 2769 3655 Francis
2799 3615 2927 3654 suas
2961 3613 3045 3652 res
3078 3606 3173 3650 aut
3202 3614 3294 3651 ca-

1713 3701 1880 3755 ballos
1914 3698 2091 3760 tollat,
2126 3707 2186 3750 ut
2215 3696 2426 3749 hostem
2468 3692 2642 3746 facere
2668 3699 2724 3745 et
2765 3690 2972 3745 debitos
2997 3702 3294 3758 paravere-

1714 3791 1810 3845 dos
1853 3787 2148 3843 secundmn
2184 3784 2460 3852 antiquam
2502 3779 2947 3834 consuetudinem
2999 3777 3153 3831 nobis
3194 3791 3295 3829 ex-

1715 3881 1924 3935 Solvere
1964 3890 2070 3931 non
2122 3873 2366 3944 possint,
2418 3883 2594 3938 neque
2642 3882 2827 3923 comes
2871 3880 3045 3935 neque
3104 3864 3298 3933 aliquis

1717 3969 1964 4025 minister
1992 3965 2072 4021 rei
2117 3963 2363 4035 publica).
2393 3960 2545 4029 Quod
2567 3959 2610 4013 si
2639 3958 2834 4014 fecisse
2882 3956 3075 4026 aliquis
3099 3970 3284 4009 eorum

1717 4056 2098 4129 comprobatus
2143 4053 2338 4115 fuerit,
2392 4051 2471 4105 sic
2513 4049 2618 4104 hoc
2665 4058 2889 4116 cogatur
2935 4059 3294 4115 componere.

1720 4150 1859 4204 sicut
1888 4147 1954 4201 de
1984 4145 2093 4200 illis
2118 4150 2198 4199 est
2238 4142 2595 4197 constitutum
2639 4138 2693 4192 in
2723 4134 3112 4208 capitulanbus
3140 4133 3302 4205 regiis

1723 4237 1817 4308 qui
1850 4247 2049 4292 tortum
2077 4235 2131 4289 in
2163 4248 2262 4288 suo
2291 4232 2549 4287 comitatu
2576 4226 2665 4285 vel
2694 4227 2992 4283 ministerio
3029 4225 3254 4281 faciunt.

1703 2489 2113 2549 christiauitatis
2154 2486 2219 2540 ad
2275 2484 2456 2555 perdi-

1708 2567 1906 2618 tionem
1973 2560 2259 2630 gentilitati
2299 2626 2311 2630 μ
2336 2557 2455 2608 sine

1706 2634 1814 2688 ulla'
1862 2626 2186 2686 retractione
2230 2626 2312 2681 vel
2367 2640 2452 2678 re-

1708 2702 2014 2771 demptione
2059 2700 2124 2753 de
2154 2697 2263 2771 vita
2309 2709 2455 2771 cmu-

1653 4353 1698 4408 ο
1736 4350 1739 4353 ·
1797 4329 1886 4383 27.
1927 4326 1999 4382 Ut
2027 4326 2182 4396 juxta
2223 4324 2428 4394 regium
2465 4321 2759 4392 capitulare
2799 4321 2941 4389 quod
2987 4317 3218 4373 domnus
3251 4322 3307 4368 et

1729 4421 1939 4492 genitor
1981 4429 2179 4480 noster,
2208 4430 2350 4470 anno
2386 4413 2555 4469 16”"
2600 4410 2749 4481 regni
2795 4409 2876 4465 sui
2906 4407 3138 4478 capitulo
3165 4405 3308 4459 7”"

1725 4508 2039 4572 constituit,
2070 4505 2293 4562 comites
2321 4504 2407 4558 vel
2438 4502 2586 4556 missi
2614 4499 2781 4555 nostri
2809 4498 3095 4567 diligenter
3125 4495 3307 4564 inqui-

1730 4609 1885 4667 rant,
1922 4597 2107 4666 quanti
2138 4594 2386 4650 homines
2430 4580 2584 4647 liberi
2616 4592 2669 4645 in
2706 4589 2931 4659 singulis
2964 4585 3313 4641 comitatibus

1729 4699 1982 4747 maneant
2005 4689 2095 4758 qui
2114 4704 2209 4759 per
2229 4701 2285 4741 se
2315 4693 2539 4754 possunt
2559 4683 2652 4715 ¹¹¹⁸
2673 4681 3071 4752 expeditionem
3100 4676 3307 4737 facere,

1731 4781 1815 4834 vel
1847 4780 2034 4851 quanti
2066 4780 2130 4834 de
2158 4778 2243 4832 his
2263 4778 2461 4847 quibus
2483 4790 2622 4828 unus
2652 4772 2816 4827 alium
2848 4771 3096 4840 adjuvet,
3126 4767 3316 4837 quanti

1728 4871 1893 4927 edam
1944 4870 2011 4925 de
2068 4869 2152 4924 his
2201 4867 2294 4935 qui
2346 4882 2377 4921 a
2420 4865 2629 4920 duobus
2668 4862 2861 4916 tertius
2908 4859 3192 4929 adjuvetur
3235 4857 3322 4908 vel

1733 4956 2193 5032 pneparetur'm,
2218 4969 2430 5010 necnon
2460 4954 2526 5009 de
2550 4954 2639 5009 bis
2661 4949 2754 5021 qui
2797 4965 2828 5004 a
2874 4949 3046 5005 tribus
3093 4952 3328 5012 quartus

1738 5049 2021 5119 adjuvetur
2043 5045 2204 5104 et“"
2236 5053 2597 5116 przeparetur,
2630 5042 2746 5097 sive.
2790 5040 2858 5096 de
2894 5038 2979 5094 his
3006 5034 3096 5103 qui
3130 5047 3160 5085 a
3191 5048 3335 5101 Qua-

1248 5204 1483 5262 vamm
1520 5201 1929 5287 LECTIO‘SES.

1955 5335 1986 5340 __
2094 5333 2184 5340 ---Α
2233 5331 2244 5340 ι
2372 5334 2405 5340 -.
2510 5332 2597 5340 ---Α
2795 5325 2810 5340 I
2895 5322 2926 5340 η
