3874 5340
540 291 634 348 ῖιι

1243 284 1530 340 Al’PEN‘D.
1566 283 1675 338 AD.
1719 281 1889 338 SACC.
1929 282 1996 336 Χ.
2035 313 2102 322 -ο
2136 282 2572 341 MONUMENTR
2606 287 3058 344 DiPLOMATICA

3686 296 3787 350 τη

540 412 664 456 tuor
688 399 908 470 quintus
951 395 1235 464 adjuvetur
1265 405 1321 449 et
1357 405 1689 464 praeparetur
1726 403 1784 447 ut
1810 395 2111 463 expcditio-
2141 404 2188 462 Α
2216 395 2386 466 legem
2434 399 2732 456 Romanam
2764 404 2989 471 vivunt,
3033 404 3164 460 nihil
3211 405 3358 462 aliud
3393 407 3500 463 nisi
3544 408 3695 482 quod
3738 411 3790 466 in

538 507 662 547 nem
693 489 1036 545 exercitalem
1066 486 1240 540 facere
1282 486 1516 554 possint,
1544 493 1598 538 et
1631 500 1817 539 eorum
1848 500 2113 539 summam

537 585 878 637 ad-nostram
917 578 1164 633 notitiam
1197 575 1468 641 deferant;
1504 585 1560 629 ut
1589 576 1661 630 illi
1703 577 1790 645 qui
1822 577 1873 630 in
1903 576 2112 631 hostem

537 687 765 743 pergere
813 686 916 724 non
946 669 1253 739 potuerint,
1289 667 1442 736 juxta
1485 669 1759 738 antiquam
1804 679 1853 724 et
1888 669 2111 723 aliarum

537 762 776 830 gentium
825 760 1265 813 consuetudinem
1301 757 1490 811 ‘ad‘m
1537 759 1783 812 civitates
1847 775 2015 813 novas
2061 769 2114 814 et

537 862 730 921 pontes
749 867 811 904 ac
835 850 1093 904 transitus
1117 849 1389 917 paludium
1412 857 1718 916 operentur,
1743 858 1796 902 et
1819 849 1870 902 in
1896 849 2114 904 civitate

537 953 698 1010 atque
720 943 808 975 ω’
839 941 892 994 in
927 941 1253 994 mat-cham"
1306 949 1506 994 vvactas
1536 940 1769 1005 faciant;
1816 941 1882 994 ad
1931 940 2115 994 defen-

535 1033 741 1086 sionem
774 1031 963 1100 patria:
992 1046 1178 1085 omnes
1204 1031 1320 1084 sine
1345 1030 1449 1084 ulla
1489 1031 1836 1084 excusatione
1873 1031 2109 1084 veniant.

533 1123 601 1177 Et
643 1123 734 1192 qui
784 1123 850 1177 de
896 1122 1092 1176 talibus
1136 1123 1343 1199 hostem
1393 1121 1727 1185 dimiserint,
1759 1123 2112 1177 heribannum

528 1212 684 1281 juxta
712 1213 1096 1268 discretionem
1123 1215 1346 1284 quze““
1381 1215 1432 1268 in
1463 1215 1862 1285 progenitorum
1901 1224 2112 1270 nostro-

534 1321 652 1358 rum
678 1305 840 1359 tertio
865 1304 1003 1358 libro
1017 1305 1406 1374 Capitulorum,
1425 1305 1660 1373 capitulo
1681 1306 1766 1370 14,
1785 1307 2110 1371 continetur,

530 1395 858 1465 persolvant.
895 1395 963 1448 Et
996 1395 1085 1464 qui
1137 1395 1202 1448 ad
1255 1393 1620 1449 defensionem
1669 1395 1858 1462 patriae
1891 1411 1995 1448 non
2027 1409 2114 1448 oc-

533 1486 824 1549 currerint,
853 1488 1143 1540 secundum
1169 1487 1443 1554 antiquam
1467 1487 1910 1541 consuetudinem
1940 1494 1994 1541 et
2015 1501 2110 1540 ca-

529 1577 821 1646 pitulorum
851 1577 1290 1632 constitutionem
1321 1578 1657 1647 jndicentur.

599 1667 692 1722 28.
735 1667 807 1721 Ut
836 1667 908 1721 illi
966 1667 1161 1722 Franci
1191 1668 1280 1736 qui
1311 1682 1534 1722 censum
1580 1669 1647 1722 de
1689 1683 1788 1723 suo
1824 1670 1999 1739 capite
2027 1669 2108 1722 vel

527 1759 593 1813 de
618 1759 731 1813 suis
761 1760 922 1812 rebus
953 1759 1018 1812 ad
1049 1768 1255 1828 partem
1289 1757 1487 1829 regiam
1519 1757 1748 1821 debent,
1773 1760 1892 1814 sine
1919 1770 2104 1814 nostra

525 1850 742 1904 licentia
789 1849 854 1904 ad
884 1864 1068 1904 casam
1103 1849 1194 1904 Dei
1235 1850 1319 1903 vel
1349 1851 1418 1904 ad
1463 1849 1687 1905 alterius
1719 1850 2106 1922 cujuscumque

527 1939 807 1992 servitium
860 1953 918 1992 se
971 1954 1075 1992 non
1122 1939 1370 2002 tradant,
1401 1949 1460 1992 ut
1492 1954 1576 1993 res
1605 1939 1819 2010 publica
1868 1941 2009 2010 quod
2040 1942 2106 1994 de

525 2027 630 2097 illis
657 2026 855 2080 habere
884 2025 1072 2090 debet,
1103 2042 1208 2080 non
1257 2027 1466 2096 perdat.
1497 2027 1647 2094 Quod
1692 2029 1736 2082 si
1768 2036 1860 2082 aut
1900 2031 2105 2099 seipsos

523 2121 617 2166 aut
641 2128 726 2167 res
755 2128 880 2166 suas
907 2113 972 2167 ad
999 2129 1180 2168 casam
1208 2114 1303 2168 Dei
1331 2124 1426 2168 aut
1455 2116 1520 2168 ad
1548 2115 1770 2169 alterius
1797 2117 2097 2185 cujuscum-

523 2217 629 2270 que
676 2202 954 2256 servitium
1003 2203 1120 2258 sine
1162 2203 1379 2258 licentia
1425 2212 1608 2258 nostra
1659 2205 1873 2259 tradere
1918 2206 2104 2261 voluc-

524 2293 766 2357 rint“",
797 2294 938 2347 sicut
967 2293 1018 2347 in
1047 2294 1329 2364 capitulari
1364 2295 1448 2348 avi
1496 2296 1668 2350 nostri
1699 2297 2008 2352 continetur
2038 2298 2105 2355 de

522 2383 608 2437 his
638 2384 728 2451 qui
775 2399 870 2453 pro
902 2382 1045 2436 furto
1093 2399 1150 2437 se
1201 2383 1253 2438 in
1286 2385 1562 2439 servitium
1597 2387 1812 2440 tradere
1842 2387 2099 2457 cupiunt,

522 2473 751 2527 comites
781 2473 862 2527 vel
887 2473 1070 2526 vicarii
1115 2474 1215 2528 hoc
1246 2475 1325 2529 eis
1351 2490 1457 2528 non
1502 2476 1876 2543 consentiant,
1911 2477 2004 2532 sed
2037 2494 2103 2532 ex

521 2565 700 2618 hanno
745 2573 930 2619 nostro
959 2565 1299 2634 prohibeant.
1344 2566 1497 2633 Quod
1544 2567 1589 2621 si
1636 2578 1822 2622 contra
1861 2569 2102 2623 hannum

519 2663 764 2709 nostrum
811 2655 1072 2718 fecerint,
1107 2655 1206 2724 ipsi
1239 2657 1330 2724 qui
1374 2671 1469 2711 eos
1516 2659 1820 2725 receperint
1865 2659 2101 2713 hannum

526 2755 795 2810 nostrum,
827 2745 878 2799 id
903 2754 987 2799 est
1014 2745 1213 2800 solidos
1244 2748 1523 2817 sexaginta
1543 2789 1556 2811 ,
1586 2759 1934 2819 componant.
1965 2750 2032 2805 Et
2057 2751 2102 2805 si

518 2834 662 2902 ipsos
690 2835 742 2888 in
773 2835 992 2890 servitio
1021 2850 1119 2889 suo
1167 2835 1369 2891 habere
1401 2838 1703 2904 voluerint,
1747 2839 1832 2895 vel
1879 2840 2099 2894 illorum

517 2939 608 2980 res
626 2925 719 2956 ⁸¹¹³
751 2927 816 2980 de
840 2925 1038 2995 quibus
1061 2942 1258 2982 census
1284 2928 1352 2982 ad
1377 2939 1585 2998 partem
1617 2930 1820 3000 regiam
1850 2929 2064 2985 exiebat
2085 2969 2101 2996 ,

519 3033 709 3078 tenere
734 3023 1034 3089 voluerint,
1064 3039 1284 3079 censum
1333 3039 1491 3094 quem
1531 3025 1741 3096 ipsi”"
1779 3024 1974 3079 Franci
2006 3026 2103 3080 de-

516 3113 850 3179 hebantl‘",
891 3113 972 3168 vel
1002 3115 1093 3184 qui
1129 3115 1197 3169 de
1229 3114 1441 3167 illorum
1480 3116 1642 3168 rebus
1687 3114 1836 3169 exire
1865 3115 2103 3182 solebat,

517 3205 586 3258 ad
612 3214 851 3258 nostram
881 3205 1087 3273 regiam
1118 3211 1325 3282 partem
1346 3203 1438 3235 ¹¹²⁶
1466 3213 1828 3274 componant,
1877 3205 2017 3259 sicut
2051 3204 2103 3259 in

518 3297 746 3368 praefato
772 3297 1144 3366 Capitulorum
1171 3297 1307 3352 libro
1341 3297 1522 3362 tertio,
1555 3296 1803 3367 capitulis
1831 3296 1898 3351 l5
1931 3305 1986 3352 et
2012 3295 2101 3363 86,

517 3397 574 3442 et
602 3387 654 3441 in
679 3387 816 3442 libro
846 3403 920 3451 tv,
949 3386 1185 3454 capitulo
1209 3386 1298 3451 36,
1331 3387 1576 3441 habetur.
1604 3387 1671 3440 Et
1701 3387 1847 3456 quia,
1881 3387 2020 3442 sicut
2049 3387 2104 3441 in

518 3478 800 3532 sacris‘m
844 3477 1232 3532 ecclesiasticis
1282 3477 1482 3548 regulis
1511 3478 1801 3543 invenitur,
1834 3479 1983 3548 prior
2009 3478 2107 3533 ob-

519 3568 754 3622 servatio
801 3566 1006 3632 durior,
1036 3563 1304 3636 posteriOr
1330 3577 1513 3622 autem
1542 3569 1790 3639 exigente
1818 3583 1980 3623 causa
2018 3567 2102 3622 in-

517 3658 771 3714 clinatior
791 3658 924 3724 fuit,
953 3668 1074 3729 post
1100 3659 1213 3714 haec
1237 3659 1458 3728 praefata
1489 3657 1724 3730 capitula
1754 3659 2103 3716 deccssorum

517 3759 574 3806 et
605 3750 1011 3820 progenitorum
1042 3762 1389 3815 nostrorum,
1441 3751 1744 3819 lmjusmodi
1789 3752 1929 3808 sicut
1971 3767 2106 3822 prce-

517 3840 750 3895 diximus
779 3839 1005 3896 Francis
1036 3841 1346 3897 hominibus
1378 3857 1466 3897 res
1506 3857 1633 3898 suas
1680 3843 1746 3897 ad
1795 3857 1976 3897 casam
2008 3842 2103 3897 Dei

515 3933 603 3988 vel
625 3932 745 3988 aliis
773 3933 988 3989 tradere
1007 3949 1071 3988 ac
1093 3935 1341 3998 vendere,
1358 3949 1556 4003 eosque
1577 3935 1645 3990 ad
1666 3935 1903 3990 divinum
1933 3935 2105 3990 servi-

517 4025 652 4080 tium
677 4026 956 4090 converti,
997 4025 1045 4082 si
1094 4025 1325 4091 vellent,
1359 4040 1466 4080 non
1498 4025 1924 4096 prohibuerunt,
1961 4026 2104 4081 sicut

517 4115 572 4169 in
602 4115 853 4186 capitulis
886 4115 1007 4169 libri
1040 4115 1236 4185 primi,
1270 4115 1518 4185 capitulis
1562 4115 1773 4170 132"”
1801 4123 1856 4170 et
1884 4114 1986 4169 154
2006 4155 2020 4181 ,
2050 4125 2105 4172 et

519 4205 573 4259 in
602 4205 741 4260 libro
769 4222 833 4270 ll,
863 4205 1100 4276 capitulo
1128 4205 1191 4259 3i
1213 4206 1324 4272 ω’,
1354 4205 1483 4261 etin
1512 4205 1648 4261 libro
1673 4205 2102 4275 tv“'°,capitulo

521 4294 620 4359 l9,
668 4294 1000 4349 continetur.
1037 4292 1092 4349 Si
1123 4295 1245 4364 quis
1289 4294 1357 4351 de
1401 4295 1599 4350 talibus
1643 4294 1871 4352 Francis
1898 4296 1964 4351 de
1991 4296 2103 4352 suis

517 4385 683 4441 rebus
707 4384 923 4440 tradere
945 4384 1029 4442 vel
1057 4388 1289 4442 vendere
1317 4386 1565 4453 voluerit,
1594 4403 1701 4443 non
1728 4389 2096 4459 prohibemus.

2215 491 2419 544 eisdem
2446 492 2753 546 continetur
2778 494 2982 564 legibus
3010 495 3313 554 deﬁnimus.

2283 580 2372 636 29.
2415 581 2484 637 Ut
2513 583 2587 636 illi
2611 583 2817 646 coloni,
2863 594 2971 639 tam
3001 585 3210 642 ﬁscales
3253 603 3418 658 quam
3446 595 3502 644 et
3529 588 3786 645 ecclesia-

2216 669 2334 722 stici
2355 669 2466 733 ¹¹³¹,
2516 672 2605 741 qui
2627 712 2641 735 ,
2673 673 2810 726 sicut
2858 673 2910 727 in
2939 673 3222 745 polyptieis
3256 677 3347 708 ¹¹³³
3376 677 3695 732 continetur
3737 689 3788 733 et

2215 758 2314 828 ipsi
2334 775 2438 812 non
2463 759 2728 830 denegaut
2745 762 2858 828 ωδ,
2882 778 3165 832 carropera
3188 773 3243 819 et
3275 781 3573 836 manopera
3597 783 3669 821 ex
3699 784 3788 821 sn-

2217 847 2360 914 tiqna
2412 851 2800 904 consuetudine
2833 851 3158 918 debentml,
3211 861 3266 906 et
3310 855 3714 924 margilam“"
3741 866 3791 910 et

2213 937 2319 991 alia
2369 953 2596 1008 qumque
2636 941 3036 1006 carricare““,
3085 942 3335 1011 quaiilis
3387 959 3497 997 non
3543 944 3787 1014 placent,

2214 1031 2576 1098 renuunt‘m,
2606 1033 2860 1102 quoniam
2891 1034 3066 1090 adhuc
3111 1037 3163 1088 in
3191 1035 3298 1090 illis
3321 1037 3566 1106 antiquis
3587 1047 3792 1107 tempoo

2213 1124 2362 1179 ribus
2392 1123 2531 1178 forte
2561 1125 2784 1194 margila
2807 1126 2898 1157 ””
2927 1141 3030 1179 non
3065 1126 3397 1193 trahebatur,
3423 1142 3546 1196 quae
3568 1129 3623 1181 in
3653 1129 3789 1182 tnui-

2216 1213 2283 1265 tis
2326 1213 2456 1267 locis
2487 1222 2726 1283 tempore
2759 1215 2842 1268 avi
2891 1230 2955 1270 ac
3003 1215 3182 1270 domni
3223 1216 3388 1270 et”“
3416 1218 3593 1286 patris
3624 1219 3787 1271 nostri

2215 1303 2353 1357 trahi
2383 1304 2651 1374 coepit““
2678 1313 2734 1359 et
2753 1305 2818 1360 de
2841 1321 3128 1376 manopcra
3160 1307 3213 1382 in
3250 1307 3432 1362 scuria
3457 1307 3677 1362 bauerc
3700 1322 3788 1360 no-

2213 1391 2358 1454 lunt,
2385 1402 2439 1447 ct
2470 1403 2646 1449 tamen
2695 1411 2801 1449 non
2835 1395 3100 1466 denegant
3149 1396 3272 1466 quia
3326 1398 3787 1466 manoperam'M

2212 1482 2436 1547 debent;
2461 1484 2823 1555 quicquid'm
2850 1485 2929 1540 eis
2970 1485 3241 1541 carricare
3266 1488 3591 1556 praecipitur
3615 1488 3787 1542 de““

2209 1587 2373 1643 opera
2414 1589 2712 1643 carroperze
2736 1576 2952 1645 quando
2987 1575 3132 1630 illam
3163 1577 3344 1631 iacere
3391 1577 3626 1642 debent,
3681 1579 3787 1632 sine

2212 1663 2319 1718 ulla
2367 1662 2670 1719 diﬂ‘erentia
2714 1666 3018 1731 carricent;
3050 1675 3104 1721 et
3132 1667 3391 1737 quidquid
3420 1669 3504 1722 eis
3535 1668 3603 1722 de
3630 1683 3786 1736 opera

2137 1743 2179 1802 Β
2209 1767 2543 1822 monoperzn,
2575 1753 2788 1823 quando
2815 1753 2960 1808 illam
2992 1755 3170 1810 facere
3194 1755 3428 1820 debent,
3457 1757 3783 1827 prtecipitur,

2203 1843 2452 1898 similiter
2475 1843 2592 1897 sine
2621 1842 2723 1896 ulla
2754 1841 3054 1898 differentia
3091 1843 3424 1900 faciantt‘“.

2271 1933 2360 1987 30.
2407 1932 2475 1988 Ut
2505 1933 2760 2001 quoniam
2801 1933 2853 1986 in
2883 1934 3204 2002 quibusdam
3250 1933 3387 1989 locis
3429 1934 3650 1997 coloni,
3685 1945 3782 1989 tam

2205 2022 2416 2078 fiscales
2447 2037 2609 2092 quam
2653 2031 2707 2077 et
2750 2023 2814 2077 de
2842 2023 2986 2078 casis
3015 2024 3140 2089 Dei,
3170 2039 3298 2078 suas
3325 2025 3666 2079 hereditates
3687 2067 3701 2086 ,
3741 2024 3785 2077 id

2202 2122 2286 2168 est
2306 2128 2489 2168 mansa
2508 2111 2600 2144 ηδ’
2620 2127 2738 2181 quae
2763 2122 2966 2176 tenent,
2984 2129 3088 2168 non
3111 2113 3283 2168 solum
3301 2115 3414 2168 suis
3433 2115 3660 2184 paribus
3679 2114 3782 2172 ἰδ’.

2203 2205 2294 2259 sed
2324 2213 2378 2259 et
2403 2203 2615 2259 clericis
2635 2204 2908 2258 canonicis
2930 2220 2992 2258 ac
3018 2204 3231 2258 villanis
3254 2204 3576 2274 presbiteris
3597 2214 3648 2258 et
3673 2205 3783 2257 aliis

2204 2296 2632 2365 quibuscumque
2646 2295 2956 2349 hominibus
2971 2296 3274 2350 venduntet
3292 2295 3672 2349 tantummodo
3696 2295 3784 2349 sel-

2203 2386 2308 2440 lam
2357 2386 2619 2450 retinent,
2661 2395 2718 2440 et
2769 2386 2873 2439 hac
2913 2386 3202 2440 occasione
3250 2385 3438 2440 sic‘m
3497 2388 3781 2441 destructa

2206 2478 2444 2533 ﬁuntm’
2488 2478 2659 2543 villas,
2706 2486 2765 2531 ut
2809 2493 2916 2531 non
2957 2476 3129 2532 solum
3175 2491 3371 2532 census
3420 2479 3637 2532 debitus
3668 2479 3780 2532 inde

2203 2584 2311 2622 non
2344 2569 2514 2638 possit
2564 2566 2739 2633 exigi,
2792 2565 2885 2620 sed
2931 2567 3094 2620 etiam
3125 2581 3247 2636 quae
3277 2575 3436 2620 terra:
3466 2567 3534 2621 de
3563 2567 3780 2636 singulis

2204 2659 2405 2714 mansis
2429 2656 2768 2720 fuerunt“'°,
2787 2655 2897 2724 jam
2928 2670 3034 2710 non
3058 2657 3266 2725 possint
3301 2657 3559 2726 agnosci;
3590 2658 3781 2710 consti-

2205 2750 2406 2804 tuinms
2427 2757 2485 2802 ut
2511 2747 2857 2817 praecipiatur
2883 2761 2911 2800 a
2942 2746 3141 2800 nostris
3170 2746 3650 2809 ministerialibus,
3678 2754 3732 2799 ct
3755 2761 3779 2797 a

2203 2840 2469 2895 ministris
2499 2838 2901 2902 ecclesiasticis,
2931 2845 2991 2891 ut
3021 2838 3124 2892 hoc
3149 2837 3293 2892 nullo
3317 2838 3477 2892 modo
3507 2839 3573 2893 de
3603 2848 3779 2892 cetera

2204 2931 2332 2997 fiat,
2379 2946 2446 2985 ne
2495 2931 2636 2985 villae
2683 2931 2969 2986 destructa:
3017 2937 3176 3000 atque
3221 2929 3460 2986 confusae
3509 2932 3647 2985 tiant
3688 2940 3779 2984 :et

2204 3021 2458 3092 quicquid
2485 3020 2552 3075 de
2577 3020 2803 3091 singulis
2824 3021 3028 3076 mansis
3048 3021 3165 3076 sine
3191 3020 3410 3076 licentia
3439 3023 3777 3076 dominorum

2131 3104 2176 3166 C
2207 3114 2290 3169 vel
2325 3113 2705 3184 magistrorum
2729 3127 2826 3183 per
2851 3128 3218 3183 quoscumque
3245 3115 3522 3168 venditum
3550 3125 3666 3179 est,
3702 3131 3778 3168 re-

2207 3203 2458 3272 cipiatur,
2489 3213 2544 3257 et
2575 3203 2801 3274 singulis
2828 3204 3136 3258 mansis“"
3164 3204 3229 3258 de
3251 3204 3445 3274 quibus
3469 3213 3635 3260 terra:
3658 3221 3777 3257 ven-

2206 3295 2328 3350 ditze
2355 3304 2514 3361 sunt,
2550 3304 2605 3350 et
2637 3296 2704 3350 de
2746 3295 2938 3364 quibus
2985 3310 3179 3350 census
3221 3295 3531 3350 decidit‘m
3562 3305 3776 3366 propter

2204 3401 2389 3441 eorum
2417 3386 2901 3456 impossibilitatem
2929 3386 3018 3455 qui
3042 3387 3133 3418 “"
3158 3401 3344 3440 mansa
3367 3385 3646 3439 deservire
3675 3400 3774 3437 non

2203 3485 2462 3548 possunt,
2493 3477 2839 3543 restituatur;
2869 3485 2923 3532 et
2959 3477 3112 3546 juxta
3139 3475 3454 3544 qualitatem
3488 3476 3572 3530 vel
3611 3492 3776 3544 quan-

2206 3569 2298 3624 tita
2309 3579 2411 3624 tem
2438 3578 2620 3634 terrae,
2643 3569 2727 3623 vel
2754 3569 3034 3623 vinearum
3059 3569 3124 3622 ad
3154 3568 3394 3639 singulos
3417 3584 3640 3623 mansos
3662 3585 3775 3637 per-

2205 3663 2521 3726 tinentium,
2576 3670 2860 3731 postquam
2908 3662 3192 3714 restaurati
3239 3660 3477 3723 fuerint,
3530 3661 3598 3713 ab
3649 3674 3770 3712 uno-

2203 3767 2415 3822 quoque
2445 3767 2636 3808 mansa
2674 3768 2869 3808 census
2913 3752 2981 3808 ad
3028 3760 3237 3823 partem
3280 3751 3610 3806 dominicam
3662 3752 3768 3803 exi-

2202 3853 2376 3915 galur.

2272 3937 2360 3991 3i.
2403 3935 2480 3990 De
2524 3935 2830 3990 adventitiis
2856 3934 3010 3989 istius
3037 3944 3195 3989 terra:
3218 3974 3232 4001 ,
3267 3949 3388 4003 qua:
3415 3949 3445 3987 a
3485 3932 3766 3987 Nortman-

2202 4026 2288 4081 nis
2316 4025 2700 4081 devastata““
2722 4035 2806 4080 est
2827 4066 2842 4090 ,
2873 4025 3278 4087 constituimus,
3309 4034 3368 4076 ut
3412 4024 3558 4077 sicut
3599 4024 3652 4076 in
3681 4037 3762 4075 ea-

2199 4116 2418 4187 pitulari
2447 4117 2532 4171 avi
2561 4116 2732 4170 nostri
2754 4114 2933 4169 Karoli
2959 4114 3297 4184 imperatoris
3326 4115 3582 4180 habetur,
3615 4130 3766 4166 unus-

2200 4211 2428 4280 quisque
2453 4224 2634 4264 comes
2667 4209 2731 4263 de
2778 4223 2875 4263 suo
2907 4209 3164 4262 comitatu
3210 4215 3265 4260 et
3307 4207 3526 4260 nomina
3557 4222 3762 4266 eorum,

2201 4311 2255 4356 et
2281 4301 2371 4369 qui
2398 4301 2630 4355 suntm“
2657 4315 2842 4354 eorum
2885 4296 3249 4362 seniores“",
3281 4298 3516 4352 describi
3551 4297 3764 4358 faciant,

2200 4399 2255 4447 et
2284 4392 2431 4462 ipsos
2475 4392 2739 4454 advenas,
2768 4389 2860 4460 qui
2907 4405 2936 4442 a
2970 4399 3208 4457 tempore
3235 4387 3319 4441 avi
3345 4388 3518 4441 nostri
3553 4397 3710 4456 atque
3736 4401 3762 4437 a

519 4476 751 4531 Tantum
799 4485 858 4530 ut
882 4473 971 4544 jus
1000 4477 1240 4548 regium,
1271 4477 1413 4549 quod
1449 4478 1551 4533 sibi
1593 4479 1838 4545 debetur,
1870 4478 1986 4534 sine
2014 4493 2100 4533 ra-
2128 4461 2178 4521 Ῐ)
2205 4461 2446 4552 tempore
2476 4481 2677 4535 domini
2702 4489 2756 4535 et
2781 4479 2872 4511 ¹¹⁸⁷
2898 4479 3068 4548 patris
3090 4477 3261 4532 nostri
3287 4478 3341 4531 in
3365 4477 3583 4532 illorum
3609 4476 3762 4532 comi-

518 4573 665 4627 tione
689 4587 792 4626 non
828 4571 1055 4642 perdat:
1083 4572 1210 4642 quia
1237 4571 1467 4641 injustas
1495 4573 1916 4628 consuetudines
1943 4571 2099 4627 novi-
2195 4573 2397 4628 tatibus
2411 4570 2880 4636 commanent'm,
2896 4567 3184 4624 secundum
3198 4567 3646 4622 consuetudinem
3658 4580 3763 4634 quae

517 4670 604 4716 ter
632 4662 908 4717 institutas
954 4663 1232 4732 imponere
1271 4665 1464 4733 cuique
1502 4679 1609 4719 non
1653 4663 1930 4727 volumus,
1962 4678 2099 4734 quas
2195 4663 2409 4719 illorum
2443 4661 2773 4730 temporibus
2796 4658 2927 4724 fuit,
2953 4659 3148 4714 eos'ibi
3175 4672 3396 4712 manere
3432 4657 3757 4727 permittant.

519 4753 573 4808 in
601 4763 794 4824 quarto
841 4755 982 4810 libro
1026 4757 1322 4812 eorundem
1354 4755 1721 4827 Capitnloruzn
1771 4755 2094 4825 prohibitas,

518 4858 639 4914 cap.
686 4845 892 4915 47”“,
919 4847 1166 4918 legimus.
1208 4847 1285 4904 De
1309 4845 1416 4904 illis
1444 4849 1643 4919 autem;
1661 4847 1754 4918 qui
1799 4847 2094 4902 secundum

2193 4755 2317 4810 Illos
2338 4769 2469 4809 vero
2492 4753 2582 4823 qui
2605 4761 2824 4823 propter
2857 4750 3284 4821 persecutionem
3314 4747 3761 4802 Nortmannomm

2193 4861 2366 4916 nuper
2399 4844 2466 4901 de
2500 4843 2619 4900 istis
2661 4843 2909 4913 partibus
2937 4840 2990 4896 in
3023 4841 3141 4897 illas
3171 4850 3353 4912 partes
3380 4841 3760 4912 confugerunt,

1783 4959 2018 5017 VARUE
2059 4959 2458 5017 LECTIONES.

1023 5058 1116 5090 ⁸⁸⁸⁸
1160 5067 1301 5111 aeest
1342 5055 1396 5110 3.
1474 5056 1567 5088 “'°
1594 5054 1777 5109 marka
1819 5055 1872 5109 3.
1951 5055 2042 5086 ““

993 5129 1089 5160 ιιισ
1150 5142 1303 5196 γεα.
1355 5127 1410 5180 d.
1466 5125 1500 5179 i.

963 5196 1054 5228 ιω
1086 5194 1302 5252 xxxu.
1335 5195 1387 5248 δ.
1467 5195 1558 5233 mo
1586 5195 1649 5247 v.
1677 5210 1795 5262 cap.
1825 5194 2010 5248 xvnt.
2035 5197 2089 5249 δ.

1188 5266 1284 5296 ⁸³³⁸
1311 5266 1449 5314 deest
1476 5265 1529 5314 3.

593 5053 686 5085 ’“'
708 5056 847 5110 deest
889 5056 945 5111 3.

519 5123 611 5156 ¹¹²⁵
659 5125 798 5178 deest
843 5128 897 5181 3.

516 5191 799 5248 CXXXVI.
832 5197 886 5251 3.

515 5261 570 5314 5.
649 5264 742 5296 ⁸⁸⁸⁸
767 5265 1028 5314 denegem
1055 5267 1108 5314 5.

2070 5070 2231 5122 quam
2276 5054 2332 5108 3.

1561 5139 1608 5178 r.
1656 5140 1704 5178 e.
1756 5140 1802 5181 s.
1861 5125 2044 5178 desunt
2099 5126 2153 5179 3.

2167 5195 2259 5226 ¹¹³¹
2291 5192 2449 5248 XLV.
2480 5194 2533 5248 3.
2608 5193 2700 5224 ¹¹³’
2728 5192 2796 5249 Ut
2820 5207 2870 5246 c.
2909 5201 2962 5245 et
2991 5190 3027 5243 f.
3059 5200 3113 5246 et
3140 5205 3189 5244 e.
3238 5189 3290 5242 3.

1609 5263 1701 5302 ¹¹³⁶
1729 5264 1972 5318 mamilla
1992 5281 2131 5318 corr.
2156 5265 2400 5314 araillam
2425 5263 2480 5314 3.

3143 5051 3234 5086 ¹¹³³
3267 5065 3318 5100 v.
3353 5049 3388 5102 i.
3421 5065 3470 5102 r.
3507 5050 3755 5103 desinite").

3247 5118 3340 5159 ⁸⁸³⁸
3381 5117 3667 5173 CXXXII"
3712 5128 3758 5171 et

3382 5188 3476 5220 ⁸⁸³³
3502 5190 3757 5256 polipticis

2964 5259 3056 5292 ¹¹⁸⁸
3109 5259 3318 5314 placent
3349 5274 3458 5311 non
3499 5266 3757 5310 rennuant

2444 5054 2534 5088 ¹¹⁸¹
2571 5051 2890 5108 tradiderint
2917 5066 2962 5107 s.
2991 5051 3046 5104 3.

2273 5123 2364 5156 ιω
2410 5125 2550 5178 deest
2594 5124 2647 5177 3.
2750 5123 2840 5156 “’7
2899 5123 3039 5175 deest
3082 5121 3136 5175 5.

2559 5263 2649 5298 ³⁸³⁷
2671 5263 2810 5314 deest
2831 5262 2886 5314 3.
