3874 5340
85 424 160 479 ili
1034 418 1460 483 FRANCORUM
1501 423 1739 480 REGUM
1777 421 2257 479 CAPITULARIA.

3167 415 3268 470 7M

84 541 392 610 rpiscopomm
419 536 563 592 missi
591 551 713 592 cum
747 537 926 594 missis
953 553 1032 594 rei
1065 539 1290 610 publica:
1321 540 1500 596 taliter
1523 541 1591 595 de
1617 541 1668 601 Α
1695 549 1792 590 nes
1837 531 2076 602 habent,
2136 532 2311 588 ad“”
2379 517 2569 591 suum“
2608 529 2826 587 mallum
2877 527 3272 584 occurrere‘m
3309 564 3314 570 ι

83 619 245 687 illis“
283 628 514 697 partibus
549 629 601 682 in
632 627 872 685 istas“"
915 639 1098 700 partes
1126 632 1312 686 venire
1351 631 1586 700 faciant,

84 733 228 778 utnon
258 719 632 790 opprimantur,
661 735 762 776 nec
786 721 1087 792 aliquis““
1115 740 1310 780 census
1337 725 1420 782 vel
1447 740 1592 796 qua:-

84 824 264 891 cumque
281 810 481 864 exactio
503 811 568 865 ab
601 810 705 866 illis
733 811 1057 883 exigantur;
1087 823 1142 869 et
1168 814 1401 872 habeam
1427 817 1593 872 licen-

86 905 196 967 tiam,
217 916 322 972 qua:
341 901 390 954 in
415 901 519 957 illis
538 903 782 972 partibus
809 919 905 960 suo
927 905 1150 962 servitio
1178 917 1594 977 promeruerunt

84 995 145 1049 vel
167 1007 472 1062 quocumque
511 993 660 1063 justo
705 994 920 1064 ingenio
950 997 1128 1068 adepti
1159 999 1414 1064 sunt“",
1441 1015 1591 1055 com-

83 1081 332 1152 mendandi.
363 1081 427 1137 Et
454 1081 527 1136 illi
555 1083 646 1152 qui
679 1083 884 1139 nullum
923 1083 1129 1140 lucrum
1155 1087 1220 1142 de
1245 1102 1406 1157 opere
1435 1087 1489 1143 in
1519 1088 1595 1141 vi—

84 1177 166 1230 ncis
185 1181 406 1244 sperant,
456 1174 710 1258 Kalendis
747 1171 1086 1246 Septembris
1119 1181 1492 1258 unusquisque
1524 1179 1594 1234 ad

91 1268 224 1321 locum
244 1281 391 1320 suum
410 1255 500 1298 ¹¹⁸³
524 1267 636 1337 jam
660 1279 951 1337 perventus
979 1269 1067 1324 sit.
1098 1255 1162 1324 Et
1182 1271 1271 1339 qui
1301 1270 1508 1326 lucrum
1529 1272 1596 1327 de

84 1358 209 1412 vineis
247 1357 292 1412 in
331 1356 430 1411 illis
470 1359 715 1426 partibus
766 1361 1256 1428 promerueritm‘,
1304 1372 1429 1416 octo
1477 1363 1595 1418 dies

85 1459 170 1518 post
189 1449 382 1502 missam
426 1449 599 1504 sancti
649 1449 880 1520 Remigii
925 1450 978 1504 iu
1011 1451 1140 1505 istas
1170 1453 1458 1521 partes““
1480 1452 1594 1522 jam

87 1540 135 1594 sit
154 1545 521 1608 perventus,et
564 1539 667 1593 sibi
715 1538 768 1592 in
816 1539 936 1594 istis
983 1541 1227 1610 partibus
1273 1541 1323 1595 in
1359 1541 1593 1598 futurum

85 1630 318 1700 provideat,
340 1637 391 1683 et
412 1643 511 1684 suo
533 1629 734 1684 seniori
757 1631 978 1685 serviat.
1000 1619 1066 1686 Et
1085 1631 1135 1686 'si
1161 1647 1382 1688 necesse
1411 1633 1485 1688 illi
1505 1619 1595 1666 ⁸⁸³⁸

88 1718 220 1784 fuerit,
239 1718 298 1771 ad
321 1717 534 1773 missam
559 1719 735 1774 sancti
760 1719 973 1775 Martini
997 1722 1064 1775 ad
1088 1738 1244 1777 suum
1270 1723 1595 1780 conductum

88 1811 124 1864 in
141 1809 231 1862 illas
253 1815 422 1878 partes
449 1809 674 1872 redeat,
703 1817 756 1864 et
796 1825 971 1879 usque
1006 1809 1070 1864 ad
1103 1795 1370 1868 Kalendas
1397 1813 1597 1882 Aprilis

1689 623 1920 696 possint.

1761 720 1850 774 53.
1883 717 1952 772 Et
1999 713 2124 788 quia
2170 725 2510 774 sacramenta
2538 721 2662 788 post
2690 714 3048 785 quadraginta
3079 723 3270 770 noctes

1692 809 1946 883 legaliter
1962 809 2200 880 juranda
2221 811 2578 880 accipiuntur,
2624 818 2679 865 et
2702 809 2753 863 in
2775 807 3015 878 praefatis
3064 807 3272 876 praede-

1693 917 1972 958 cessorum
1997 909 2051 956 et
2076 900 2481 973 progenitorum
2502 907 2809 955 nostrorum
2847 895 3096 966 capitulis
3123 896 3272 950 inve-

1692 992 1862 1057 nitur,
1885 1000 1943 1046 ut
1959 999 2244 1060 postquam
2268 1004 2452 1045 eomes
2472 997 2527 1043 et
2545 1001 2804 1058 pagenses
2831 986 2895 1041 de
2916 984 3158 1055 qualibet
3178 997 3274 1038 ex-

1692 1084 1964 1156 peditione
2011 1081 2193 1138 hostili
2246 1081 2449 1136 reversi
2479 1080 2694 1144 fuerint,
2725 1093 2792 1133 ex
2814 1093 2880 1132 co
2905 1078 2990 1132 die
3016 1092 3178 1146 super
3205 1076 3276 1130 40

1694 1184 1880 1231 noctes
1908 1174 1997 1205 ¹¹³⁷
2032 1174 2101 1228 sit
2127 1173 2340 1228 bannus
2367 1170 2590 1234 resistis,
2616 1168 2759 1238 quod
2794 1168 2847 1222 in
2887 1166 3068 1237 lingua
3099 1166 3276 1236 Theo-

1694 1267 1842 1322 disca
1874 1261 1966 1298 “3‘
2018 1263 2270 1334 scastlegi
2319 1261 2433 1328 “3’,
2464 1261 2517 1316 id
2543 1271 2626 1316 est
2656 1255 2930 1315 armOrum
2981 1257 3268 1336 depositio,

1694 1370 1938 1423 vocatur,
1968 1357 2123 1412 multi
2148 1357 2270 1411 inde
2285 1354 2641 1418 contendunt,
2661 1361 2717 1407 et
2741 1365 2800 1406 se
2826 1351 2916 1386 “9°
2935 1349 3076 1404 inter
3101 1364 3160 1404 se
3184 1349 3274 1380 ¹¹⁹¹

1691 1451 2004 1523 jectiscunt.
2031 1451 2137 1505 Alii
2168 1450 2311 1505 enim
2337 1464 2493 1506 suum
2536 1454 2937 1503 sacramentum
2971 1444 3277 1515 quadrage-

1697 1546 1836 1601 simo
1862 1544 1969 1608 die,
1995 1543 2048 1596 in
2076 1556 2183 1612 quo
2205 1541 2334 1596 illud
2360 1540 2652 1609 accipiunt,
2676 1538 2864 1608 jurare
2894 1536 3190 1611 volunt;et
3220 1537 3275 1590 in

1699 1643 1907 1690 tantum
1930 1632 2283 1695 contendunt,
2323 1638 2382 1684 ut
2405 1629 2620 1685 etiamsi
2643 1628 2786 1682 intra
2809 1625 3278 1697 quadragesimam

1699 1727 1838 1784 Sacri
1856 1725 2048 1797 jejunii
2078 1722 2526 1794 quadragesimus
2540 1721 2656 1776 dies
2682 1719 2979 1784 advenerit,
3007 1733 3164 1774 suum
3190 1733 3282 1773 sa-

1697 1826 2037 1875 cramentum
2069 1829 2128 1870 se
2145 1813 2333 1882 jurare
2358 1813 2557 1869 debere
2576 1812 2906 1867 contendant
2933 1810 3046 1877 ω’,
3071 1817 3127 1866 et
3150 1823 3284 1865 con-é

88 1900 234 1955 ibidem
264 1901 570 1956 immorandi
591 1901 680 1933 “‘7
707 1901 980 1957 licentiam
1002 1902 1343 1970 habeat‘m;
1370 1905 1598 1976 indeque
1628 1898 1674 1960 B
1704 1917 1786 1964 tra
1815 1913 2129 1962 causatores
2155 1903 2247 1936 “"
2277 1917 2428 1968 suos,
2476 1901 2522 1958 si
2549 1901 2617 1956 ad
2667 1901 2769 1956 hoc
2797 1899 3123 1956 audiendum
3169 1913 3282 1956 non

89 1991 133 2045 ad
151 2000 313 2046 terram
338 2001 446 2047 suae
469 1993 771 2049 nativitatis
791 2001 846 2048 et
873 1994 942 2048 ad
967 1995 1302 2051 senioratum
1322 1981 1410 2029 “"
1440 2014 1597 2053 suum

89 2081 385 2152 unusquisque
432 2082 658 2149 redeat,
701 2093 757 2139 et
799 2099 972 2154 usque
1023 2085 1092 2139 ad
1125 2087 1359 2141 medium
1400 2087 1598 2144 Maium

91 2173 686 2254 proptcrseminationem
717 2173 913 2230 ibidem
945 2166 1304 2244 maneat“"°;
1346 2177 1594 2249 indeque,

92 2263 120 2317 si
140 2263 280 2317 illi“"
307 2265 599 2320 necessitas
634 2263 815 2332 fuerit,
841 2265 908 2320 ad
926 2282 1085 2322 suum
1117 2268 1441 2325 conductum
1473 2271 1600 2326 red-

92 2364 172 2418 eat;
205 2362 249 2409 et
284 2354 397 2410 inde
432 2357 500 2410 ad
534 2356 834 2411 messiones
868 2356 925 2411 in
970 2363 1174 2412 terram
1231 2374 1385 2414 suam
1433 2363 1598 2416 unus.

93 2445 260 2516 quisque
303 2448 618 2515 redeat“"’,
668 2457 724 2504 et
775 2450 840 2504 de
892 2457 1076 2506 cetero
1132 2451 1329 2508 ibidem
1385 2469 1600 2524 perma-

94 2536 284 2590 neat“".
309 2535 360 2592 Si
385 2547 568 2593 autem
602 2540 667 2595 de
703 2539 824 2594 istis
856 2541 1100 2612 partibus
1140 2543 1192 2596 in
1228 2542 1332 2597 illis
1361 2545 1604 2612 partibus

95 2625 242 2683 femina
267 2630 509 2685 maritum
538 2639 633 2686 aut
665 2634 892 2687 maritus
927 2633 1181 2689 feminam
1208 2639 1448 2706 accepit,
1477 2637 1604 2692 illud

96 2719 352 2790 conjugium,
386 2723 509 2793 quia
553 2738 660 2779 non
684 2733 766 2779 est
789 2724 957 2794 legale
979 2740 1152 2796 neque
1170 2727 1260 2759 “7‘
1284 2727 1603 2798 legitimum,

99 2809 193 2864 sicut
230 2811 325 2868 Leo
352 2814 401 2868 in
431 2816 547 2872 suis
594 2816 827 2872 decretis
861 2827 916 2871 et
959 2829 1180 2874 sanctus
1221 2818 1516 2886 Gregorius
1551 2822 1606 2876 in

97 2899 173 2953 suis
194 2901 402 2972 epistolis
429 2913 772 2972 monstrant,
805 2906 1167 2974 dissolvatur;
1194 2917 1248 2964 et
1279 2909 1433 2980 cujus
1463 2927 1608 2966 man-

98 2990 240 3058 cipium
265 2993 338 3048 vir
366 2993 447 3049 vel
492 2993 696 3050 femina
725 2996 886 3052 fuerit
905 2983 1019 3064 “73,
1057 3014 1213 3053 suum
1261 3015 1486 3071 quaeque
1515 3016 1610 3071 pn—

101 3089 214 3136 lcstas
235 3085 472 3156 recipiat,
501 3095 559 3142 et
582 3102 692 3143 suae
726 3089 1011 3158 potestatis
1039 3089 1243 3144 homini
1284 3091 1610 3163 conjungere

100 3170 226 3228 faciat.
254 3174 310 3228 Et
334 3176 376 3230 si
409 3177 649 3233 infantes
678 3177 800 3233 inde
831 3180 944 3234 nati
993 3188 1154 3244 sunt,
1200 3181 1495 3237 secundum
1536 3182 1609 3237 le-

1699 2001 1970 2066 venerint,
1995 1997 2415 2068 jectiscant‘m.
2442 1995 2743 2052 Numerant
2764 1997 2908 2051 enim
2933 1994 3068 2062 dies,
3093 2001 3150 2050 et
3173 2009 3286 2051 non

1700 2100 1989 2148 numerant
2015 2105 2136 2144 cum
2158 2088 2240 2145 eis
2268 2097 2454 2144 noctes
2477 2104 2492 2155 ;
2511 2087 2653 2143 sicut
2681 2077 2771 2119 “"
2791 2094 3146 2142 numerantur
3167 2083 3287 2142 dies

1700 2193 1755 2240 et
1780 2198 1888 2237 non
1909 2188 2265 2235 numerantur
2285 2187 2472 2236 noctes
2499 2194 2530 2232 a
2554 2163 2848 2233 Nativitate
2876 2175 3090 2232 Domini
3112 2181 3288 2247 usque

1701 2276 1769 2330 ad
1796 2272 2233 2328 Puriticationem
2261 2280 2461 2328 sanctae
2494 2271 2676 2326 Mariae
2703 2279 2758 2326 et
2799 2284 2832 2326 a
2866 2269 3291 2324 Resurrectione

1703 2364 1914 2421 Domini
1931 2378 2100 2434 usque
2113 2364 2178 2418 ad
2195 2363 2585 2418 Ascensionem
2608 2359 2839 2416 Domini.
2857 2358 3289 2430 Quadragesimo

1703 2454 1848 2511 enim
1869 2453 1956 2509 die
1983 2461 2037 2507 et
2063 2451 2368 2524 puriﬁcatio
2388 2461 2589 2508 sanctae
2607 2450 2791 2506 Mariae
2809 2465 2842 2505 a
2864 2448 3148 2504 nativitate
3176 2448 3286 2504 Do-

1704 2544 1858 2609 mini,
1888 2551 1943 2598 et
1991 2542 2409 2612 quadragesimo
2435 2541 2522 2597 die
2561 2557 2591 2595 a
2621 2539 3022 2597 resurrectione
3049 2538 3290 2606 Domini,

1704 2653 1824 2708 qua:
1853 2645 1936 2691 est
1962 2636 2017 2690 in
2042 2635 2319 2690 Dominica
2334 2635 2437 2700 die,
2465 2634 2710 2690 ascensio
2726 2632 2938 2688 Domini
2958 2631 3286 2695 celebratur,

1704 2742 1826 2799 quae
1853 2726 2032 2782 evenit
2058 2725 2246 2796 quinta
2268 2725 2426 2791 feria,
2452 2726 2502 2779 id
2533 2733 2616 2780 est
2635 2722 2783 2779 Jovis
2815 2722 2924 2778 die.
2965 2721 3031 2777 Et
3081 2721 3148 2778 de
3171 2722 3291 2778 die-

1707 2818 1808 2873 bus
1839 2817 1957 2874 sine
1986 2817 2247 2872 memoria
2278 2817 2515 2871 noctium
2547 2816 2658 2881 “9°,
2690 2814 2950 2869 Dominus
2972 2829 3066 2884 per
3095 2811 3292 2868 Jonam

1706 2908 2026 2980 prophetam
2058 2908 2218 2963 dicit:
2244 2907 2427 2960 Adhuc
2464 2906 2813 2978 quadraginta
2852 2904 2984 2972 dies,
3009 2914 3055 2958 et
3095 2891 3294 2957 'Ninive

1710 2999 2058 3054 subvertetur.
2090 2998 2158 3052 Et
2181 2998 2541 3069 quadraginta
2571 2997 2686 3052 dics
2710 2995 2870 3051 simul
2891 3011 3013 3050 cum
3041 2994 3294 3050 noctibus

1693 3091 1764 3146 ‘in
1809 3091 2016 3161 jejunio
2046 3089 2211 3146 Helia:
2242 3091 2538 3160 prophetae,
2574 3098 2630 3144 et
2657 3088 2826 3160 Moysi
2852 3089 2946 3130 ιιιτ
2978 3087 3190 3158 quando
3217 3085 3296 3142 le-

1712 3197 1833 3252 gem
1856 3183 2090 3238 secundo
2109 3181 2339 3252 accepit,
2368 3189 2421 3236 et
2447 3181 2616 3252 ipsius
2645 3177 3104 3249 Domini-.jcjnnio
3144 3181 3295 3234 ‘comé

101 3275 180 3328 gem
201 3266 337 3318 et“"'
362 3269 644 3338 antiquam
675 3270 1119 3325 consuetudinem
1141 3271 1230 3302 “"7
1259 3282 1496 3327 nostram
1516 3272 1606 3305 “7‘
1634 3266 1678 3329 C
1711 3283 1984 3346 putantur.
2017 3273 2072 3329 In
2115 3274 2310 3344 quibus
2341 3289 2435 3328 sex
2485 3273 2818 3344 septimanm,
2849 3272 2901 3326 id
2948 3280 3032 3325 est
3058 3271 3296 3340 quadra-

101 3354 272 3416 infantes
293 3373 511 3419 matrem
543 3375 861 3434 sequantur.
885 3365 939 3419 ln
964 3365 1071 3421 illis
1095 3374 1275 3421 autem
1299 3366 1611 3436 regionibus

102 3462 182 3514 qua
199 3449 342 3521 legem
369 3456 671 3511 Romanam
700 3464 1020 3525 sequuntur,
1054 3458 1351 3512 secundum
1380 3459 1610 3513 eandem

101 3534 310 3606 legemIm
339 3544 452 3600 ﬁeri
483 3545 787 3602 exinde“‘°
831 3548 1192 3603 decrevimus.

147 3629 214 3683 52.
246 3630 308 3687 Ut
332 3636 701 3691 conlimitanei
729 3647 786 3692 et
815 3639 980 3692 vicini
1013 3639 1240 3695 comites
1267 3639 1320 3694 in
1361 3655 1469 3695 una
1495 3640 1612 3707 die,
1650 3644 1678 3657 "

105 3715 133 3768 si
153 3718 238 3774 fieri
261 3735 456 3792 potest,
488 3727 711 3782 mallum
729 3729 817 3760 “3‘
841 3746 948 3786 non
974 3740 1215 3798 teneant,
1242 3716 1476 3788 maxime
1494 3742 1617 3804 post

106 3817 270 3868 octavas
289 3817 497 3885 pascha:
520 3858 536 3884 ,
567 3828 787 3890 propter
815 3821 1054 3877 Francos
1094 3823 1338 3879 homines
1373 3833 1427 3878 et
1449 3826 1616 3880 advo‘

107 3907 240 3966 catos,
264 3905 346 3974 qui
373 3907 436 3961 ad
467 3917 700 3980 utraque
727 3911 883 3965 malla
909 3927 1013 3966 non
1038 3922 1262 3981 possunt
1292 3929 1613 3981 occurrere;

108 3988 172 4041 led
193 3993 378 4050 mittant
399 3998 499 4054 sibi
528 3998 756 4055 invicem
782 4001 996 4056 missos.
1021 4002 1087 4056 Et
1109 4004 1151 4058 si
1177 4020 1316 4059 unus
1346 4004 1432 4059 die
1452 4003 1620 4061 Lunis

108 4081 270 4138 mallum
299 4088 578 4158 habuerit,
606 4092 743 4148 anei
782 4093 870 4149 die
915 4093 1065 4150 Jovis
1097 4106 1191 4151 aut
1221 4097 1306 4152 die
1333 4078 1500 4153 Lunis
1542 4113 1622 4154 se-

108 4176 268 4267 lluenlis
291 4178 639 4239 hebdomadas
663 4184 884 4240 mallum
924 4185 1144 4242 habeat.
1181 4171 1249 4241 Et
1278 4203 1345 4242 ne
1369 4203 1530 4256 grave
1569 4189 1620 4243 ei

110 4264 159 4311 sit
181 4264 251 4332 qui
277 4282 419 4322 suum
455 4271 680 4327 mallum
715 4273 1024 4343 interjecit,
1074 4277 1166 4346 qui
1205 4293 1310 4331 uno
1339 4293 1480 4332 anno
1512 4278 1623 4349 pri-

110 4363 196 4406 mus
219 4361 430 4415 tenuerit
459 4363 680 4418 mallum
704 4404 719 4431 ,
747 4367 992 4436 sequenti
1040 4382 1184 4423 anno
1212 4371 1517 4424 consentiat
1547 4369 1624 4422 al-

111 4442 182 4538 teri
200 4447 404 4538 primum
428 4460 634 4508 tenere.
650 4445 779 4511 Etsi
801 4465 1141 4511 sacramenta
1164 4457 1350 4528 legalia
1374 4458 1426 4513 in
1450 4460 1625 4529 primo

111 4528 172 4585 die
205 4533 347 4593 Lunis
389 4552 512 4610 post
552 4546 751 4612 pascha
791 4543 1024 4616 juranda
1055 4548 1398 4613 devenerint,
1429 4528 1523 4603 ant
1571 4550 1624 4603 in

1711 3368 1860 3438 ginta
1891 3375 1946 3422 et
1971 3367 2078 3421 duo
2098 3365 2233 3429 dies,
2269 3365 2588 3434 fiuiitusqne
2611 3365 2674 3420 ad
2708 3363 3156 3419 resurrectionem
3186 3355 3294 3418 Do-

1675 3466 1677 3468 ’
1713 3459 1866 3523 mini,
1897 3474 2015 3528 qua:
2044 3457 2100 3512 fit
2129 3457 2185 3511 in
2212 3455 2490 3512 Dominica
2521 3457 2629 3518 die,
2660 3455 2798 3511 sicut
2828 3463 2883 3510 et
2906 3455 3117 3509 initium
3145 3453 3293 3521 Qua-

1713 3552 2049 3622 dragesimaa.
2083 3551 2151 3604 Et
2179 3550 2294 3604 haec
2319 3565 2428 3604 non
2449 3550 2566 3603 sine
2592 3547 2686 3602 Dei
2716 3548 2975 3619 mysterio
3011 3547 3104 3578 ¹¹⁰⁸
3135 3547 3296 3612 fiunt,

1712 3662 1810 3717 per
1830 3660 1990 3715 quem
2028 3643 2336 3698 conditores
2379 3641 2718 3712 legumjusta
2749 3641 3067 3696 decernunt.
3123 3624 3297 3703 Unde,

1715 3740 1856 3794 sicut
1871 3739 1926 3792 in
1941 3737 2261 3807 quibusdam
2285 3734 2595 3805 regionibus
2611 3733 2701 3764 “9°
2726 3733 2929 3802 rectius
2952 3741 3135 3786 tenere
3150 3747 3299 3786 com-

1715 3830 1973 3900 perimus,
1991 3844 2094 3882 una
2115 3843 2235 3882 cum
2263 3841 2528 3882 consensu
2550 3838 2605 3881 et
2627 3825 2970 3880 “°°fidelium
2986 3834 3295 3878 nostrorum

1716 3919 1942 3976 consilio
1975 3918 2062 3950 ¹¹⁰⁸
2094 3916 2495 3982 constituimus,
2522 3924 2581 3970 ut
2606 3917 2675 3972 ab
2697 3915 2816 3986 ipso
2838 3915 2925 3969 die
2969 3929 3077 3984 quo
3116 3930 3302 3968 sacra-

1717 4019 1957 4067 mentum
2008 4008 2289 4078 accipitur,
2320 4017 2441 4077 post
2465 4007 2820 4078 quadraginta
2847 4005 2964 4060 dies
2985 4013 3042 4060 et
3069 4005 3305 4074 quadras

1719 4103 1866 4172 ginta
1906 4109 2110 4166 noctes,
2151 4100 2204 4155 id
2257 4109 2359 4163 est,
2390 4099 2806 4170 quadragesimo
2857 4095 3096 4152 secundo
3123 4095 3210 4150 die
3235 4094 3304 4150 de

1723 4194 1815 4225 ¹²⁰²
1851 4207 1946 4248 sex
1978 4189 2293 4260 septimanis
2318 4187 2430 4256 ¹¹⁰³,
2458 4191 2573 4259 ipsa
2631 4187 2765 4244 feria
2810 4201 2916 4256 qua
2944 4184 3074 4240 illud
3116 4199 3304 4260 saera-

1723 4295 1964 4341 mentum
1993 4283 2224 4353 accepit,
2249 4282 2390 4337 sicut
2414 4281 2506 4313 ¹²⁰⁵
2536 4281 2744 4355 Pascha
2791 4279 2904 4350 ipsa
2933 4275 3068 4334 feria
3109 4276 3169 4331 ﬁt
3197 4292 3304 4348 qua

1726 4377 1940 4432 initium
1981 4373 2418 4443 Quadragesimm
2465 4373 2745 4443 accipitur,
2777 4371 2869 4440 qui
2901 4375 3305 4436 sacramentum

1726 4466 1972 4535 legaliter
1984 4463 2181 4534 accipit
2201 4462 2293 4494 ¹¹⁰⁵
2323 4463 2568 4532 legaliter
2589 4464 2639 4516 in
2655 4461 2787 4516 locis
2811 4461 3123 4517 constitutis
3139 4459 3308 4535 juret,
3329 4479 3349 4496 κ

1727 4557 1866 4611 sicut
1896 4556 1948 4608 in
1975 4552 2341 4623 Capitulorum
2360 4553 2515 4608 libris
2546 4553 2894 4608 decessurum
2920 4559 2976 4628 et
3002 4551 3316 4628 progenito-

115 4618 199 4675 aliis
213 4623 342 4682 feriis
360 4631 574 4700 quando
592 4634 810 4689 mallum
829 4643 1011 4692 tenere
1021 4637 1296 4693 .debuerat
1313 4624 1423 4705 ηδ’,
1447 4640 1607 4694 mitta:

1730 4665 1848 4702 rum
1873 4656 2182 4702 nostrorum
2207 4645 2536 4700 continetur.
2563 4644 2627 4698 Et
2657 4644 2852 4698 amodo
2875 4626 3022 4697 nulla
3051 4625 3316 4696 dissensio

113 4715 422 4786 unusquisque
450 4735 630 4776 comes
673 4724 899 4778 missum
928 4741 1082 4781 suum
1106 4765 1121 4792 ,
1160 4727 1252 4796 qui
1294 4729 1406 4798 ipsa
1434 4745 1621 4784 sacra-

116 4804 348 4856 mental“8
373 4804 662 4876 auscultet,
712 4828 782 4867 ne
812 4813 910 4883 ipsi
942 4815 1190 4870 homines
1218 4805 1510 4884 jectivi‘m
1539 4818 1624 4872 in-

117 4891 364 4952 veniantur.
392 4899 457 4954 Et
484 4901 594 4972 ipse
623 4904 702 4959 sic
732 4905 952 4960 mallum
993 4923 1150 4964 suum
1184 4917 1394 4976 teneat,
1432 4921 1491 4965 ut
1529 4900 1630 4967 ba-

1731 4739 1815 4792 vel
1842 4737 2152 4791 retractatio
2178 4735 2232 4790 in
2256 4750 2424 4806 regno
2439 4744 2627 4790 nostro
2654 4751 2682 4788 a
2715 4717 2956 4802 quolibet
2977 4747 3044 4788 ex
3069 4734 3175 4788 hoc
3195 4732 3312 4787 fiat.

1730 4827 1881 4895 Quod
1897 4827 2210 4882 mandatum
2231 4835 2476 4882 nostrum
2492 4825 2534 4880 si
2560 4826 2679 4895 quis
2691 4836 3036 4880 contemnere
3058 4837 3321 4892 praesum-

1731 4920 1922 4991 pserit,
1969 4919 2206 4978 bannum
2251 4927 2522 4980 nostrum,
2559 4917 2611 4970 id
2652 4925 2737 4970 est
2785 4915 3067 4986 sexaginta
3095 4913 3320 4977 sclidos.

119 4982 372 5056 ngildiejus
392 5001 444 5047 et
467 4996 707 5051 advocati
734 4996 827 5068 qui
856 4998 908 5054 in
936 5000 1058 5056 aliis
1081 5001 1428 5058 comitatibus
1457 5005 1629 5086 ratio:
1731 4982 2038 5080 componat.
2065 5007 2132 5061 Et
2155 5006 2200 5061 si
2230 5005 2351 5075 ipsa
2382 5009 2497 5064 dies
2519 5007 2658 5061 intra
2694 4982 3134 5086 Quaalrage§imae
3158 5015 3315 5057 sacra

175 5166 247 5202 ίίη
274 5169 378 5208 icti:
407 5174 440 5208 ’κ
554 5163 641 5208 1166
673 5178 789 5208 nl...
820 5164 877 5208 'i'
969 5168 1054 5208 uit
1101 5185 1235 5208 1---.

1269 5092 1521 5208 jar.le
1557 5091 1965 5164 LECTIONES.
2004 5176 2022 5208 ὅ

2705 5189 2736 5207 η
2854 5186 2942 5208 ...ι
2997 5190 3217 5208 -..Α-Α...
3267 5183 3323 5208 '.
