3960 6320
161 431 260 486 717

1143 429 1571 487 FRANCORUM
1603 428 1736 484 [ὶΕο
1749 427 1842 483 UM
1883 427 2080 482 CAPIT
2093 427 2226 485 [ΖΒΑ
2238 428 2371 482 RlA.

3295 426 3394 481 713

160 545 388 600 nitorum
408 549 718 598 nostrorum
741 541 1067 606 continetur,
1117 541 1352 611 capitulo
1384 541 1471 596 18.
1520 541 1586 594 Ει
1609 540 1724 610 qui-
1751 523 1796 581 Α
1825 533 2150 604 adjutorium
2182 535 2526 599 cxhibuistis,
2557 534 2630 588 ita
2655 550 2798 590 nunc
2823 544 2877 590 et
2921 549 3130 605 semper
3152 550 3396 590 commu-

157 650 377 706 cumque
398 635 684 706 neglegens
705 633 826 688 inde
851 633 1103 688 inventus
1120 631 1281 688 fuerit
1301 673 1316 699 ,
1353 633 1723 703 praecipiemus

158 737 216 780 ut
249 736 372 780 ante
397 734 640 780 nostram
672 724 1017 794 praesentiam
1047 724 1230 778 venire
1260 722 1525 789 iubeatur,
1551 733 1604 778 et
1636 738 1724 775 ra-

159 815 355 870 tionem
385 813 593 877 reddat,
617 822 796 868 utrum
820 812 922 867 hoc
955 814 1096 883 quod
1119 812 1381 882 jussimus
1428 812 1607 867 facere
1630 826 1722 866 no.

155 903 442 969 luerit,aut
464 917 568 958 non
590 901 856 972 potuerit;
881 912 974 956 aut
1001 902 1046 956 si
1067 901 1246 971 aliqua
1278 916 1336 956 re
1363 900 1723 979 prtepedicnte

155 993 206 1047 id
231 992 413 1048 facere
440 1007 546 1045 non
575 991 768 1061 potuit,
797 1005 895 1044 cur
924 990 1078 1045 nobis
1112 990 1282 1060 ipsam
1329 988 1723 1058 impossibilitat‘

156 1091 254 1139 tem
281 1083 350 1137 ad
383 1092 591 1152 tempus
618 1097 724 1136 non
755 1079 1264 1147 adnuntiavit.Quia
1293 1079 1337 1133 si
1361 1081 1473 1148 ipse
1496 1079 1598 1132 hoc
1618 1092 1724 1132 non

154 1173 340 1236 voluit,
369 1179 464 1225 aut
487 1186 598 1225 suae
620 1169 958 1241 negligentiae
979 1184 1142 1224 causa
1166 1184 1270 1222 non
1293 1167 1485 1238 potuit,
1518 1181 1615 1221 nos
1647 1173 1729 1219 tad-

151 1260 250 1316 lem
283 1262 525 1316 invenire
554 1259 817 1324 volumus,
848 1259 940 1328 qui
960 1260 1216 1329 hocquod
1232 1257 1483 1326 jubemus
1510 1270 1727 1312 servare

150 1351 274 1408 velit
313 1361 407 1407 aut
438 1351 627 1422 possit.
788 1345 796 1352 ’

217 1441 308 1498 '56.
343 1441 626 1506 Volumus,
657 1449 716 1495 ut
742 1438 884 1494 sicut
925 1437 980 1494 in
1029 1436 1266 1493 secundo
1296 1429 1434 1492 libro
1458 1428 1723 1507 capitulo-

152 1547 264 1586 rum
294 1531 641 1586 decessorum
666 1546 729 1585 ac
775 1528 1175 1599 progenitorum
1225 1538 1531 1582 nostrorum
1558 1526 1728 1581 conti-

163 1633 306 1679 netur
327 1622 561 1693 capitulo
584 1622 676 1688 24,
699 1622 814 1677 haec
836 1621 1062 1691 capitula
1085 1636 1205 1689 quae
1231 1634 1372 1674 nunc
1392 1627 1446 1673 et
1465 1618 1567 1672 alio
1599 1627 1732 1672 tem-'-

165 1729 278 1786 pore
301 1711 554 1770 consultu
576 1712 815 1766 ﬁdelium
841 1721 1150 1766 nostrorum
1178 1726 1208 1764 a
1241 1709 1398 1765 nobis
1438 1709 1727 1764 constituta

165 1816 347 1870 sunt,a
376 1804 701 1859 cancellario
746 1811 931 1858 nostro
981 1801 1371 1871 archiepiscopi
1421 1809 1475 1854 et
1502 1799 1729 1855 comites

170 1907 343 1950 eorum
375 1895 464 1934 ’m
494 1894 558 1949 de
580 1893 812 1964 propriis
852 1893 1181 1957 civitatibus,
1237 1892 1398 1947 modo
1421 1901 1511 1946 aut
1535 1908 1631 1961 per
1666 1907 1723 1946 se
1755 1879 1800 1940 Β

167 1995 250 2039 aut
279 2001 372 2056 per
392 2001 520 2040 suos
550 1985 746 2039 missos
775 1983 1078 2053 accipiunt;
1125 1992 1179 2037 et
1231 1984 1598 2056 unusquisque
1627 1995 1724 2053 per

168 2095 305 2135 suam
331 2079 605 2135 dioecesim
635 2079 833 2135 ceteris
857 2078 1139 2148 episcopis,
1173 2079 1478 2143 abbatibus,
1513 2078 1725 2133 comiti-

169 2171 273 2233 bus,
305 2179 394 2224 aut
417 2168 509 2201 ¹²³⁰
560 2169 678 2224 aliis
707 2169 953 2224 ﬁdelibus
985 2169 1183 2224 nostris
1209 2184 1272 2224 ea
1305 2171 1592 2225 transcribi
1642 2168 1723 2224 fac

169 2262 318 2329 ciant,
347 2270 401 2317 et
430 2264 483 2317 in
509 2263 620 2318 suis
633 2261 975 2316 comitatibus
995 2262 1440 2332 coramomnibus
1465 2262 1722 2332 relegant,

169 2363 219 2407 ut
237 2354 439 2408 cunctis
469 2362 652 2408 nostra
675 2351 944 2407 ordinatio
959 2360 1013 2406 et
1036 2351 1284 2407 voluntas
1309 2361 1433 2407 nota
1456 2353 1571 2407 ﬁeri
1603 2368 1726 2423 pos-

168 2447 245 2499 sit.
276 2445 638 2502 Cancellarius
673 2453 850 2498 autem
897 2452 1081 2498 noster
1107 2445 1323 2499 nomina
1346 2446 1724 2516 episcoporum

167 2545 213 2590 et
237 2537 490 2591 comitum
511 2536 602 2606 qui
631 2551 695 2590 ea
715 2536 962 2606 accipere
1008 2536 1339 2600 curaverint,
1367 2545 1535 2601 notet,
1575 2545 1630 2592 et
1661 2551 1722 2591 ea

167 2627 225 2679 ad
248 2638 483 2681 nostram
508 2626 756 2681 notitiam
784 2625 1041 2696 perferat,
1071 2627 1329 2690 utnullus
1363 2628 1464 2683 hoc
1495 2640 1718 2699 praeter-

167 2716 364 2772 mittere
389 2726 695 2785 prmsumat.
1045 2761 1074 2769 ..

228 2807 310 2860 37.
340 2807 406 2862 Et
434 2807 691 2877 quoniam
736 2806 924 2864 ﬁdeles
971 2809 1141 2864 nostri
1170 2809 1223 2864 in
1265 2809 1384 2864 istis
1425 2809 1515 2880 qui
1550 2810 1601 2863 in
1626 2807 1724 2864 Se-

165 2912 327 2966 quana
372 2899 510 2953 ﬁunt
537 2908 593 2954 et
633 2899 687 2953 in
738 2900 856 2954 aliis
897 2901 1150 2970 operibus
1199 2901 1470 2965 laborant,
1501 2911 1554 2955 et
1582 2901 1727 2956 heri-

161 2990 372 3058 bergum
419 2997 681 3055 nostrum,
713 2991 855 3060 quod
877 2986 1147 3061 prmtei‘ito
1175 3010 1319 3048 anno
1345 2993 1432 3048 hic
1461 2994 1573 3048 ﬁeri
1609 2992 1728 3061 jus-

162 3079 342 3145 simus,
374 3081 619 3136 homines
641 3081 705 3136 de
731 3081 816 3136 illa
845 3093 1000 3152 parte
1024 3083 1287 3154 Sequana:
1314 3085 1365 3138 in
1389 3085 1519 3139 istas
1545 3092 1727 3154 partes

160 3171 457 3238 venientes,
495 3173 642 3228 etde
675 3173 792 3229 istis
818 3175 1061 3244 partibus
1102 3175 1154 3229 in
1180 3175 1299 3230 illas
1320 3184 1504 3244 partes
1539 3183 1727 3230 euntes

1821 625 1964 680 niter
1992 626 2060 680 ad
2085 626 2176 680 Dei
2200 625 2533 680 voluntatem
2561 634 2616 680 et
2637 635 2834 681 sanctze
2855 625 3109 680 Ecclesiae
3131 634 3290 695 atque
3317 625 3390 680 is-

1820 716 1930 770 tius
1956 716 2362 771 Christianitatis
2392 717 2776 780 defensionem,
2808 725 2862 770 et
2887 725 3127 771 nostram
3154 733 3396 772 commu-

1823 821 1944 861 nem
1999 807 2225 862 salutem
2249 818 2302 862 et
2322 823 2509 878 pacem
2535 807 2878 862 obtinendam
2908 816 2962 863 et
3007 807 3395 863 defendendam

1825 896 1879 950 in
1901 899 2170 963 erunibus,
2220 909 2480 969 quantum
2533 900 2674 955 Deus
2705 899 2962 954 auxilium
3009 909 3275 970 praestare
3312 900 3397 956 di-

1825 999 2020 1058 gnatus
2050 988 2233 1056 fuerit,
2265 993 2437 1061 parati
2472 991 2563 1024 ⁸⁸³⁵
2593 1006 2803 1060 semper
2823 1001 2878 1046 ct
2931 990 2983 1046 in
3034 993 3284 1048 omnibus
3328 993 3403 1048 si-

1826 1094 1965 1135 mus.
3391 1065 3396 1074 .

2219 1159 2287 1226 Et
2322 1185 2434 1241 post
2482 1173 2594 1228 ha’c
2639 1174 2812 1226 omnia
2862 1173 3014 1229 lecta.

1898 1247 1950 1316 ἱ.
1989 1247 2266 1318 Monemus
2291 1263 2604 1319 ﬁdelitatem
2631 1274 2900 1330 vestram,
2930 1276 2989 1320 ut
3019 1268 3133 1322 lucc
3179 1267 3404 1323 ﬁrmiter

1828 1355 2127 1410 observetis
2153 1396 2168 1421 ,
2210 1366 2264 1410 et
2307 1371 2519 1426 semper
2563 1355 2703 1412 sicut
2759 1355 2854 1410 Dei
2901 1365 2956 1412 et
3008 1359 3177 1413 nostri
3224 1360 3405 1415 dilecti

1830 1445 2016 1500 ﬁdeles
2047 1447 2222 1516 parati
2269 1446 2418 1510 sitis,
2461 1455 2520 1501 ut
2567 1447 2612 1502 si
2667 1448 2964 1503 necessitas
3010 1449 3165 1504 nobis
3207 1467 3403 1508 evene-

1831 1537 1925 1599 rit,
1948 1545 2040 1589 aut
2059 1545 2244 1591 contra
2267 1552 2502 1606 paganos
2525 1546 2616 1591 aut
2644 1546 2833 1592 contra
2859 1553 3227 1608 quoscumque
3249 1539 3404 1603 alios,

1829 1636 1890 1681 ut
1942 1628 2124 1682 statim
2179 1628 2392 1698 quando
2449 1630 2736 1699 unicuique
2791 1632 3010 1686 nuntius
3058 1633 3268 1687 venerit
3315 1643 3409 1687 aut

1831 1717 1986 1771 nobis
2028 1732 2248 1772 necesse
2274 1719 2546 1784 audierit,
2581 1719 2696 1774 sine
2726 1719 2829 1773 ulla
2859 1721 3111 1776 dilatione
3141 1724 3408 1778 hostiliter

1831 1818 2161 1880 praeparatus
2206 1810 2258 1864 in
2313 1809 2407 1864 Dei
2452 1819 2506 1865 et
2554 1819 2796 1866 nostrum
2837 1813 3113 1867 servitium
3159 1815 3225 1870 ad
3259 1831 3407 1870 com-

1830 1914 2046 1953 munem
2080 1899 2367 1954 utilitatem
2399 1899 2570 1970 possit
2595 1915 2810 1955 movere
2834 1910 2889 1955 et
2917 1902 3218 1958 certissime
3249 1903 3405 1961 nobis

1828 2001 2133 2043 occurrere.
2184 1987 2251 2041 Et
2292 1987 2536 2063 volumus
2574 1997 2629 2043 et
2671 2004 2921 2058 expresse
2968 1991 3314 2056 mandamus,
3349 2001 3410 2045 ut

1829 2076 2152 2147 quicumque
2197 2079 2315 2133 istis
2366 2080 2693 2149 temporibus
2740 2080 2958 2135 castella
3017 2091 3073 2137 et
3122 2083 3408 2138 ﬁrmitates

1829 2179 1884 2224 'et
1919 2169 2071 2224 haias
2106 2169 2222 2224 sine
2274 2178 2459 2225 nostro
2489 2170 2654 2223 verbo
2702 2169 2974 2238 fecerunt,
3005 2170 3261 2228 Kalendis
3289 2174 3403 2227 Au-

1829 2259 1969 2328 gusti
1997 2274 2184 2314 omnes
2225 2258 2357 2314 tales
2384 2260 2664 2315 ﬁrmitates
2699 2261 2954 2315 disfactas
2985 2262 3245 2329 habeant;
3277 2263 3402 2333 quia

1829 2350 1991 2403 vicEni
2039 2357 2093 2404 et
2128 2350 2614 2405 circummanentes
2645 2351 2842 2407 exinde
2889 2352 3083 2407 multas
3125 2355 3397 2424 deprtedao

1831 2440 2005 2494 tiones
2049 2447 2103 2494 et
2146 2439 2525 2509 impedimenta
2559 2441 2844 2494 sustinent.
2894 2439 2958 2494 Et
2996 2442 3088 2510 qui
3124 2458 3214 2496 cas
3245 2441 3409 2496 disfa-

1830 2546 1955 2588 cere
1986 2547 2090 2586 non
2118 2532 2410 2595 voluerint,
2460 2532 2683 2586 comites
2711 2532 2764 2584 in
2806 2547 3033 2602 quorum
3065 2535 3407 2590 comitatibus

1830 2623 1986 2680 facta:
2037 2633 2296 2679 sunteas
2345 2623 2648 2678 disfaciant.
2697 2623 2761 2677 Et
2811 2624 2854 2678 si
2903 2623 3096 2694 aliquis
3139 2625 3216 2680 cis
3273 2643 3406 2682 cono

1833 2713 2148 2778 tradixerit,
2200 2714 2266 2767 ad
2317 2721 2524 2783 tempus
2555 2712 2707 2767 nobis
2749 2723 2933 2768 notum
2974 2713 3152 2768 facere
3191 2726 3404 2770 curent.

1831 2804 1933 2870 Qui
1981 2803 2026 2858 si
2079 2803 2218 2868 hoc,
2268 2803 2406 2858 sicut
2453 2805 2810 2868 mandamus,
2861 2804 3156 2875 adimplere
3218 2807 3402 2878 negle-

1831 2896 2040 2958 xerint,
2093 2897 2300 2962 sciant,
2355 2895 2480 2966 quia
2522 2896 2662 2950 sicut
2706 2897 2759 2950 in
2807 2896 2925 2953 istis
2957 2899 3205 2969 capitulis
3233 2911 3286 2955 et
3315 2912 3407 2956 cas

1830 2987 2151 3058 pitularibus
2196 2987 2652 3058 prmdecessorum
2705 2999 3011 3044 nostrorum
3061 2993 3406 3062 continetur,

1832 3078 1965 3133 tales
2013 3079 2239 3133 comites
2278 3093 2580 3149 qumremus
2623 3089 2677 3134 et
2707 3079 2758 3133 in
2803 3080 3015 3136 illorum
3064 3084 3406 3140 comitatibus

1832 3169 2221 3224 consutuemus
2242 3211 2255 3235 ,
2291 3168 2381 3239 qui
2411 3178 2652 3224 nostrum
2685 3171 2997 3225 mandatum
3034 3171 3213 3228 facere
3246 3175 3413 3230 velint

157 3261 536 3318 destruxerunt
554 3278 651 3334 per
673 3265 1035 3330 occasionem,
1062 3267 1186 3337 quia
1216 3270 1270 3321 in
1303 3267 1390 3323 illo
1416 3274 1606 3322 contra
1637 3267 1728 3321 de-
1755 3237 1798 3296 Ο
1830 3268 1885 3314 cl
1915 3259 2137 3328 ροςείηι.

152 3352 320 3412 bitam
363 3359 722 3414 reverentiam
766 3375 986 3414 manere
1005 3370 1303 3431 creperum,
1334 3371 1388 3416 et
1416 3377 1556 3416 nunc
1584 3360 1728 3416 istud

147 3446 496 3521 heribergum
523 3466 628 3506 non
675 3451 793 3508 sine
834 3452 1016 3506 labore
1061 3462 1117 3508 et
1157 3451 1438 3522 dispendio
1488 3452 1728 3506 ﬁdelium

143 3547 464 3594 nostrorum
494 3541 612 3596 ﬁeri
660 3539 906 3606 fecimus,
938 3542 1183 3598 volumus
1209 3551 1263 3596 et
1287 3556 1544 3612 expresse
1575 3557 1726 3595 man-

127 3629 368 3697 damus,
396 3641 456 3687 ut
482 3633 622 3688 sicut
649 3648 746 3689 nec
768 3634 823 3687 in
847 3645 1031 3690 nostro
1059 3635 1280 3704 palatio,
1307 3635 1378 3688 ita
1403 3650 1502 3689 nec
1547 3635 1599 3687 in
1624 3634 1728 3688 isto

143 3720 444 3794 beribergo
470 3723 557 3755 ¹²³¹
587 3723 781 3794 aliquis
811 3725 948 3779 alius
985 3726 1074 3756 ¹²³¹
1107 3725 1223 3780 sine
1254 3735 1438 3780 nostra
1485 3723 1730 3795 jussione

134 3825 381 3868 manere
426 3825 734 3885 praesumat,
764 3831 863 3870 nec
916 3816 1005 3847 ¹¹³³
1059 3817 1188 3871 illud
1220 3816 1413 3886 aliquis
1465 3817 1726 3871 destruat.

137 3901 304 3967 Quod
335 3904 385 3958 si
407 3904 601 3975 aliquis
642 3907 1062 3977 praesumpserit,
1089 3917 1143 3962 et
1199 3923 1228 3962 a
1257 3908 1571 3962 custodibus
1595 3922 1731 3977 quos

135 3996 207 4048 ad
242 3995 361 4051 hoc
381 3996 664 4065 deputatus
685 3999 962 4063 habemus,
992 3999 1146 4054 nobis
1175 3998 1586 4055 nutum‘factum
1614 3999 1731 4054 fue-

136 4083 233 4148 rit,
276 4099 393 4138 non
452 4085 568 4140 sine
613 4085 794 4142 debita
840 4087 1076 4143 vindicta
1124 4098 1480 4159 praesumptor
1515 4090 1727 4144 evadet.

135 4172 283 4240 Quia
299 4191 522 4248 semper
545 4178 717 4248 parati
743 4194 861 4235 esse
889 4180 1155 4246 volumus,
1185 4189 1239 4236 et
1261 4197 1355 4236 vos
1369 4189 1587 4252 paratos
1613 4196 1734 4237 esse

128 4260 423 4331 iubemus,
451 4277 507 4320 ut
530 4269 584 4322 in
614 4269 732 4324 istis
776 4271 1036 4340 partibus,
1068 4279 1121 4326 et
1162 4272 1214 4326 in
1245 4271 1364 4326 aliis
1389 4272 1734 4342 quibuscum-

148 4368 253 4422 que
280 4357 443 4413 nobis
466 4375 686 4414 necesse
715 4357 900 4425 fuerit,
925 4371 980 4416 et
1006 4371 1188 4416 contra
1221 4378 1459 4434 paganos
1507 4372 1560 4417 et
1605 4379 1733 4418 con-

155 4453 231 4499 tra
269 4446 413 4502 alios
443 4464 829 4520 quoscumque,
857 4453 996 4507 sicut
1020 4454 1350 4508 consuetudo
1381 4453 1506 4520 fuit,
1536 4464 1589 4510 et
1639 4471 1731 4509 ve-

1900 3353 1954 3406 2.
1992 3352 2059 3406 Et
2090 3353 2178 3421 qui
2209 3352 2575 3424 interpellatus
2605 3362 2689 3409 est
2720 3363 2779 3407 ut
2806 3354 2893 3409 hic
2923 3353 3154 3426 aliquam
3187 3371 3402 3413 causam

1832 3443 2028 3496 debeat
2055 3441 2282 3497 diﬁinire
2301 3483 2315 3506 ,
2345 3443 2433 3498 hic
2461 3451 2596 3506 stet,
2625 3459 2904 3513 usquequo
2927 3444 3144 3500 diﬁinita
3176 3447 3244 3502 sit
3271 3447 3408 3502 ratio

1831 3531 1898 3586 de
1939 3547 2042 3601 qua
2073 3533 2444 3603 interpellatus
2487 3532 2735 3586 habetur.
2770 3533 2832 3586 Et
2864 3536 2952 3603 qui
2994 3551 3092 3605 pro
3120 3551 3215 3591 sua
3246 3551 3410 3592 causa

1831 3624 1920 3678 hic
1966 3624 2280 3679 demorandi
2322 3624 2483 3679 habet
2529 3627 2934 3691 necessitatem,
2980 3637 3034 3680 et
3077 3627 3191 3697 ipse
3222 3629 3406 3684 nobis-

1832 3729 1955 3768 cum
2005 3726 2153 3768 stare
2203 3719 2401 3783 poterit
2455 3723 2713 3783 quantum
2763 3717 2812 3768 ei
2871 3716 3164 3770 necessitas
3223 3716 3404 3770 fuerit.

1835 3802 1941 3857 Sed
1979 3813 2032 3859 et
2076 3803 2288 3858 vassalli
2339 3804 2510 3859 nostri
2559 3819 2681 3858 cum
2736 3805 2898 3859 tantis
2939 3806 3244 3860 hominibus
3269 3809 3413 3861 sicut

1834 3895 1914 3948 eis
1942 3895 2294 3949 commoditas
2333 3893 2529 3962 fuerit,
2572 3893 2846 3950 nobiscum
2890 3904 3200 3950 remaneant
3231 3903 3286 3949 et
3319 3910 3413 3950 no-

1833 3985 2041 4062 biscum
2088 3996 2330 4057 pergant.

1907 4077 1959 4132 ’5.
2001 4076 2110 4134 Vos
2165 4089 2343 4132 autem
2391 4077 2527 4144 alii,
2589 4079 2682 4133 sed
2733 4086 2789 4134 et
2837 4078 2936 4149 ipsi
2985 4079 3077 4150 qui
3128 4079 3406 4134 nobiscum

1835 4171 2220 4237 remanebunt,
2273 4171 2324 4225 in
2363 4173 2570 4238 eundo,
2612 4179 2667 4226 et
2707 4171 2760 4226 in
2811 4173 2984 4241 patria
3039 4172 3367 4226 remanendo
3392 4211 3406 4234 ,

1835 4273 1889 4320 et
1937 4263 2003 4317 ad
2049 4279 2147 4319 nos
2200 4264 2500 4329 redeundo,
2550 4278 2735 4335 pacem
2782 4281 2811 4320 a
2861 4265 3012 4321 nobis
3055 4267 3412 4320 communiter

1837 4359 2212 4413 conﬁrmatam
2243 4368 2552 4421 servantes,
2595 4359 2666 4412 ite
2703 4373 2823 4412 cum
2855 4361 2944 4412 Dei
2973 4368 3028 4412 et
3073 4368 3254 4412 nostra
3287 4375 3408 4430 gra-

1840 4453 1933 4504 tia.
1985 4453 2049 4506 Et
2093 4453 2232 4505 Deus
2279 4452 2432 4506 nobis
2483 4453 2743 4506 concedat
2785 4454 2972 4507 utcito
3016 4461 3069 4506 et
3098 4468 3194 4522 per
3223 4453 3404 4522 plures

155 4536 248 4588 stri
284 4547 666 4595 antecessores
723 4541 920 4595 nostris
977 4544 1413 4599 antecessoribus
1466 4545 1726 4599 auxilium
1765 4581 1814 4641 Β
1839 4557 2009 4596 annos
2039 4541 2153 4595 sani
2185 4550 2238 4594 et
2279 4542 2382 4594 laeti
2417 4557 2513 4594 nos
2546 4542 2772 4595 invicem
2806 4544 3077 4596 videamus
3100 4583 3114 4605 ,
3143 4553 3196 4595 ct
3225 4544 3289 4597 de
3314 4541 3407 4596 Dei

156 4626 530 4699 praebuerunt,
557 4639 612 4686 ct
645 4647 740 4687 vos
772 4633 927 4688 nobis
973 4635 1212 4690 debitum
1264 4646 1320 4690 et
1367 4638 1733 4692 necessarium

1841 4647 2000 4702 super
2026 4647 2124 4686 nos
2152 4631 2517 4684 misericordia
2541 4640 2590 4686 et
2623 4635 2791 4701 gratia
2817 4627 3168 4703 gaudeamus.

746 4761 1137 4820 HLUDOWICI
1176 4763 1551 4823 GERMANICI
1589 4767 1676 4822 ET
1716 4767 1970 4822 KAROLI
2009 4765 2048 4818 ll
2087 4762 2363 4818 PACTUM
2405 4761 2853 4818 TUSIACENSE.

1475 4883 1599 4954 (An.
1632 4883 1756 4938 865.
1793 4880 1954 4935 Febr.
1988 4880 2099 4949 19.)

226 4988 563 5065 mentionem
595 4986 724 5065 ejus
740 4987 942 5065 faciunt
964 4986 1503 5065 Annalesillinrmari
1554 5009 1736 5049 mense
1757 4993 2169 5065 Februarioan.
2203 4991 2328 5054 865,
2352 5001 2407 5047 et
2438 4983 2672 5065 Annales
2723 4993 3036 5058 Fnldens‘es,
3091 4997 3179 5065 qui
3235 5003 3413 5055 tamen

165 5058 292 5138 illud
327 5060 394 5138 ad
427 5074 679 5138 mensem
692 5058 1063 5138 Septembrem
1093 5064 1219 5116 anni
1247 5063 1351 5119 864
1384 5063 1642 5119 referunt.
1671 5065 1994 5120 Sirmondus
2016 5063 2146 5118 illud
2173 5079 2238 5117 ex
2269 5065 2455 5118 codice
2479 5060 2844 5129 Laudunensi,
2871 5058 3124 5122 Baluzius
3178 5083 3277 5138 ope
3319 5085 3408 5126 co-

169 5131 301 5185 dicis
327 5128 713 5199 Rivipullensis
731 5128 918 5185 edidit.

170 5240 343 5302 Anna.
377 5240 470 5274 1’“
545 5241 919 5295 intarnationis
987 5241 1276 5298 Dominicw
1334 5238 1438 5299 865
1503 5244 1731 5300 Kalend.

232 5311 419 5365 Martii
434 5354 448 5378 ,
471 5312 581 5366 lucc
609 5327 727 5380 qua:
748 5321 1032 5380 sequuntur
1059 5312 1393 5369 llludowicus
1418 5326 1465 5369 et
1505 5315 1736 5370 Karolus

234 5384 462 5451 regesin
518 5381 740 5436 Tusiaco
789 5381 912 5435 villa
956 5383 1147 5454 populo
1199 5386 1662 5440 adnuntiavcrunt.

233 5495 390 5552 Sicut
425 5510 522 5550 vos
559 5503 612 5552 et
651 5494 831 5564 plures
873 5495 1008 5554 alios
1034 5498 1249 5558 audisse
1290 5499 1561 5555 credimus
1583 5540 1598 5564 ,
1622 5498 1737 5567 jam

1844 5247 2083 5302 secundo
2119 5252 2174 5301 et
2217 5246 2377 5301 tertio
2423 5246 2477 5300 in
2525 5246 2628 5301 isto
2675 5255 2913 5316 tempore
2962 5250 3252 5306 convenire
3280 5251 3416 5308 insi-

1844 5337 1957 5392 mul
2008 5337 2385 5407 proposuimus
2422 5353 2436 5392 :
2477 5337 2570 5392 sed
2614 5337 2778 5392 variis
2815 5339 3254 5408 occupationibus
3282 5358 3417 5412 pra:-

1846 5431 2214 5500 pcdientibus,
2246 5430 2348 5485 hoc
2376 5445 2546 5499 usque
2591 5429 2749 5484 modo
2788 5429 3008 5499 implere
3055 5431 3412 5500 nequivimus.

1848 5517 2000 5576 Nunc
2025 5521 2181 5590 quia,
2236 5521 2344 5576 Deo
2381 5521 2618 5590 gratias,
2664 5519 2880 5573 insimul
2909 5521 3257 5578 convenimus
3280 5564 3294 5589 ,
3332 5539 3415 5579 vos

1442 5611 1676 5666 VARI/£1
1715 5611 2118 5668 LECTIONES.

237 5698 329 5732 ¹²”
351 5700 520 5754 nostri
550 5699 603 5753 5.
682 5702 771 5732 ¹¹³⁰
803 5711 856 5756 et
881 5702 934 5757 5.

166 5780 282 5846 rata
313 5786 365 5846 s._
406 5770 708 5846 intentione
753 5773 890 5827 sitis.
934 5776 988 5832 ὅ.
1032 5777 1228 5846 reliqua
1266 5780 1440 5834 omnia
1470 5770 1674 5834 des'um.

167 5829 421 5898 Ludovici
445 5838 630 5896 fratris
658 5840 794 5912 ejus.

1029 5706 1120 5779 "’f
1144 5706 1302 5762 istum
1330 5707 1677 5779 hcribergum
1708 5708 1760 5761 5.

1859 5707 1950 5745 ιω
1985 5710 2198 5763 (1,9315.
2299 5708 2390 5741 ²¹³³
2418 5723 2485 5763 ne
2511 5709 2840 5762 destruatur.

2870 5708 3020 5782 Quod
3045 5712 3098 5765 5.
3172 5712 3290 5782 7"“
3331 5725 3419 5782 pa-

1776 5777 1867 5812 ¹²³⁸
1897 5777 2066 5847 Rivip.
2111 5779 2263 5833 habet
2291 5787 2493 5833 tantum
2533 5797 2546 5832 :
2579 5777 2826 5848 Capitula
2869 5777 3047 5836 Karoli
3073 5781 3213 5853 regis
3256 5777 3417 5854 atquo
