3874 5340
633 421 735 480 7l9

1336 418 1625 475 APPEND.
1661 417 1752 474 AD
1791 417 1962 474 SIEC.
2000 417 2068 472 Χ.
2107 446 2176 459 -—

2295 413 2644 475 lNUMENTA
2683 411 3161 473 DIPLOMATICA.
3720 416 3793 472 720

632 541 808 596 lumus
855 553 952 594 vos
995 536 1164 601 scire,
1213 532 1466 604 quoniam
1513 534 1580 590 ad
1607 533 1804 589 nullius
1828 532 2196 603 deceptlonem
2223 537 2272 596 Α
2301 529 2463 597 bona,
2489 539 2544 585 et
2566 529 2670 586 ﬁde
2691 545 2794 586 non
2819 529 2942 584 ﬁcta
2965 569 2980 596 ,
3004 527 3142 583 ﬁdeli
3167 525 3386 581 consilio
3412 533 3465 581 et
3492 526 3670 583 auxilio
3687 534 3795 586 nobis

629 629 716 687 vel
762 627 1292 690 condemnationem,
1340 639 1512 694 neque
1553 639 1652 694 pro
1698 623 1806 680 ulla
1842 622 2075 678 indebita
2104 635 2197 677 (ιυά

627 721 854 792 piditate
899 716 1116 774 insimul
1165 715 1533 769 convenimus.
1583 713 1808 784 Propter
1837 729 1957 784 quas
1986 721 2197 779 autem,

627 819 853 881 excepto
883 809 1062 865 debito
1091 824 1154 862 ac
1179 807 1418 862 fraterno
1446 805 1709 860 desiderio
1750 816 1807 860 ut
1845 821 1944 861 nos
1970 805 2198 860 invicem

627 901 912 957 dilectione
963 907 1145 952 mutua
1177 897 1512 958 videremus,
1562 906 1744 952 noster
1772 903 2067 950 conventus
2111 893 2198 947 fu-

624 993 762 1057 erit,
809 991 960 1046 vobis
999 999 1124 1044 nota
1166 989 1346 1044 facere
1387 990 1660 1054 volumus,
1706 999 1759 1042 et
1801 1002 1922 1057 quae
1951 985 2060 1038 Deo
2086 984 2201 1053 pla-

623 1094 730 1141 cita
779 1092 833 1136 et
862 1090 1018 1136 nobis
1071 1095 1134 1133 ac
1183 1078 1428 1133 ﬁdelibus
1477 1079 1678 1134 nostris
1727 1077 1962 1133 salubria
1989 1084 2044 1130 et
2069 1089 2196 1144 pro-

621 1173 763 1228 ﬁcua
807 1180 967 1236 sunt,
1015 1185 1122 1224 una
1171 1184 1292 1224 cum
1337 1169 1428 1223 Dei
1484 1168 1752 1239 adjutorio
1793 1176 1851 1223 et
1897 1174 2080 1220 vestro
2132 1179 2198 1219 ac

623 1275 926 1320 ceterorum
951 1261 1316 1318 communium
1369 1261 1602 1316 ﬁdelium
1634 1269 1939 1315 nostrorum
1973 1257 2198 1313 consilio

623 1362 678 1410 et
715 1353 947 1420 auxilio,
990 1361 1174 1406 tenere
1216 1349 1622 1406 immutabiliter
1669 1358 1724 1404 et
1767 1364 1964 1418 augere
1996 1349 2198 1404 utiliter

622 1447 892 1504 volumus.

693 1541 746 1594 1.
789 1539 968 1594 Primo
999 1545 1213 1594 nostras
1239 1544 1294 1590 et
1324 1542 1525 1590 sanctae
1556 1532 1651 1588 Dei
1667 1532 1924 1588 Ecclesiae
1955 1546 2015 1586 ac
2047 1529 2195 1601 regni

620 1629 776 1686 nobis
827 1628 1099 1685 commissi
1149 1627 1530 1691 necessitates,
1582 1623 1820 1679 fraterne
1871 1631 1924 1678 et
1983 1622 2195 1677 sincera

621 1728 804 1777 mente
849 1721 916 1776 ad
946 1718 1178 1774 invicem
1217 1716 1584 1790 exposuimus.

689 1810 745 1866 2.
786 1811 876 1866 illa
923 1825 1043 1881 quae
1066 1825 1240 1880 nuper
1285 1826 1407 1864 cum
1454 1807 1689 1862 ﬁdelium
1722 1815 2028 1862 nostrorum
2061 1820 2194 1859 eon-

618 1901 742 1957 silio
769 1901 908 1972 apud
935 1900 1278 1957 Conﬂuentes
1311 1901 1452 1954 inter
1481 1914 1580 1953 nos
1608 1896 1925 1954 conﬁrmata
1957 1895 2192 1962 fuerunt,
2227 1918 2274 1978 Β

619 1991 903 2061 diligenter
927 1991 1438 2057 rememoravimus,
1469 2005 1590 2060 quae
1637 1987 2014 2044 inviolabiliter
2046 1989 2196 2058 adju-

599 2089 782 2136 .vante
804 2079 1036 2135 Domino
1061 2079 1514 2135 conservabimus.

691 2176 745 2231 3.
788 2175 940 2231 Sicut
988 2173 1130 2229 Deus
1176 2175 1282 2230 hoc
1333 2173 1384 2228 in
1428 2173 1591 2230 corde
1643 2183 1824 2230 nostro
1875 2173 2064 2240 videt,
2103 2188 2196 2228 vo-

615 2267 799 2324 lumus
836 2275 892 2322 et
937 2282 1034 2322 vos
1087 2266 1258 2331 scire,
1309 2265 1563 2334 quoniam
1606 2264 1671 2320 de
1711 2265 1871 2320 corde
1923 2280 2092 2335 puro,
2143 2275 2198 2319 et

614 2358 948 2416 conscientia
1001 2357 1175 2422 bona,
1241 2363 1298 2411 et
1346 2355 1450 2410 ﬁde
1503 2370 1608 2410 non
1665 2357 1788 2409 ﬁcta
1823 2354 2081 2418 adunati,
2142 2354 2195 2409 id

612 2457 699 2504 est
728 2448 1007 2503 unanimes
1046 2446 1221 2502 effecti
1269 2460 1488 2512 sumus,
1524 2453 1784 2515 quantum
1843 2444 1958 2515 ipse
1986 2444 2197 2499 dederit

613 2557 644 2597 a
687 2556 796 2612 quo
841 2545 926 2596 est
968 2551 1126 2594 omne
1176 2536 1359 2590 datum
1391 2535 1654 2604 optimum
1700 2543 1756 2589 et
1802 2548 1964 2590 omne
1990 2534 2193 2588 donum

603 2630 947 2702 perfectum,
999 2631 1066 2685 ad
1112 2629 1206 2684 Dei
1258 2625 1628 2692 voluntatem,
1674 2632 1730 2680 et
1755 2633 1998 2681 nostrum
2046 2639 2196 2680 com-

610 2737 830 2778 munem
881 2722 1140 2776 honorem
1188 2729 1244 2774 et
1293 2719 1724 2783 salvamentum,
1775 2726 1830 2771 et
1871 2715 1941 2770 ad
1988 2724 2194 2770 sancta:

616 2813 999 2871 Dei'Ecclcsia:
1041 2821 1274 2881 statum,
1313 2820 1367 2868 et
1405 2811 1748 2867 sacerdotum
1796 2825 1860 2865 ac
1909 2823 2191 2865 servorum

611 2903 730 2974 eius
776 2904 1016 2960 debitum
1047 2904 1305 2959 honorem
1336 2912 1392 2957 et
1419 2904 1658 2974 vigorem
1679 2944 1694 2969 ,
1742 2917 1805 2958 ac
1849 2903 2002 2972 regni
2035 2901 2193 2957 nobis

613 3011 645 3049 a
687 2995 799 3050 Deo
842 2994 1115 3050 commissi
1161 2993 1488 3049 soliditatem
1535 2993 1925 3048 restituendam
1968 3002 2023 3048 et
2057 3009 2190 3049 con-

617 3087 976 3152 servandam;
1027 3095 1084 3140 ut
1104 3084 1348 3140 Ecclesia
1394 3094 1450 3140 et
1481 3100 1703 3156 regnum
1725 3125 1741 3150 ,
1789 3086 1932 3156 quod
1964 3085 2105 3140 Deus
2137 3087 2192 3140 in

611 3193 806 3231 manus
833 3177 1235 3247 progenitorum
1279 3185 1586 3232 nostrorum
1617 3177 1906 3243 adunavit,
1951 3187 2007 3232 et
2038 3177 2192 3233 nobis

611 3268 986 3323 misericordia
1033 3283 1129 3324 sua
1167 3267 1470 3335 commisit,
1512 3268 1564 3322 in
1609 3278 1794 3324 nostro
1826 3277 2062 3338 tempore
2097 3284 2190 3324 ne-
2217 3278 2261 3341 (ζ

613 3359 907 3415 cessariam
951 3342 1313 3414 defensionem
1361 3367 1416 3414 et
1461 3358 1780 3427 tuitionem,
1825 3367 1878 3414 et
1923 3359 2185 3414 honorem

612 3456 774 3518 atque
803 3447 1125 3504 soliditatem
1162 3449 1378 3504 haheat.

676 3539 738 3593 ’4.
777 3539 1081 3607 Quoniam,
1133 3541 1272 3597 sicut
1304 3541 1434 3595 dicit
1478 3550 1665 3597 sancta
1720 3541 2000 3613 Scriptura
2026 3583 2041 3610 ,
2091 3543 2186 3612 qui

609 3645 831 3685 suorum
858 3638 912 3686 et
936 3631 1169 3686 maxime
1198 3630 1613 3686 domesticorum
1643 3649 1828 3688 curam
1861 3649 1968 3688 non
2003 3635 2186 3701 habet,

609 3725 770 3778 ﬁdem
802 3722 1050 3795 negavit,
1097 3733 1151 3778 et
1198 3733 1282 3778 est
1324 3724 1524 3781 inﬁdeli
1556 3726 1823 3794 deterior,
1875 3727 2186 3782 considera-

604 3817 785 3871 vimus
827 3825 880 3871 et
931 3816 1368 3872 conﬁrmavimus
1403 3818 1471 3874 .in
1524 3817 1627 3873 ﬁde
1677 3829 1862 3874 nostra
1906 3819 2044 3873 inter
2091 3833 2188 3872 nos

608 3907 674 3962 de
721 3906 982 3962 uxoribus
1009 3916 1065 3960 et
1092 3903 1215 3961 ﬁliis
1268 3907 1469 3962 nostris
1491 3947 1505 3973 ,
1538 3908 1628 3977 qui
1665 3908 1737 3963 ita
1768 3908 1999 3963 ﬁdeliter
2027 3907 2187 3963 nobis

609 4002 808 4058 subditi
849 4009 905 4057 et
947 4001 1257 4056 obedientes
1303 4000 1502 4055 fuerint
1550 4003 1690 4056 sicut
1734 4001 1826 4056 ﬁlii
1859 4002 2104 4072 patribus
2133 4013 2189 4056 et

605 4095 722 4151 suis
746 4095 1050 4150 senioribus
1071 4108 1191 4148 esse
1222 4095 1417 4147 debent
1435 4134 1448 4158 ,
1477 4103 1535 4147 ut
1557 4094 1919 4162 unusquisque
1942 4099 2185 4148 nostrum

609 4185 832 4240 alterius
872 4184 1010 4238 ﬁlios
1047 4184 1185 4238 sicut
1232 4184 1478 4252 proprios
1517 4184 1569 4236 in
1608 4199 1732 4237 vera
1779 4184 2061 4239 dilectione
2090 4184 2188 4238 ha-

602 4275 764 4339 heat;
795 4282 850 4328 et
889 4275 978 4343 qui
1027 4283 1302 4342 superstes
1346 4272 1412 4327 de
1443 4274 1598 4328 nobis
1626 4273 1779 4328 alteri
1826 4274 2012 4338 fuerit,
2043 4274 2187 4330 illius

609 4366 702 4436 qui
746 4365 1039 4421 deCesserit
1086 4364 1235 4420 uxori
1268 4372 1321 4419 et
1358 4364 1514 4430 ﬁliis,
1555 4366 1694 4420 sicut
1743 4366 1883 4421 inter
1923 4381 2021 4421 nos
2049 4382 2185 4422 con-

605 4454 755 4509 venit
798 4453 1037 4508 debitum
1085 4462 1140 4508 et
1191 4455 1554 4510 necessarium
1583 4455 1936 4525 _adjutorium
1967 4464 2196 4526 praestet

606 4555 662 4601 et
691 4544 850 4600 ﬁdem
889 4553 1189 4601 conservet.

679 4639 733 4694 5.
774 4638 1246 4695 ConSideravimus
1304 4648 1358 4694 et
1410 4640 1699 4697 statuimus
1758 4649 1818 4696 ut
1873 4656 2186 4698 communes
2216 4667 2264 4726 ι)

606 4732 795 4788 ﬁdeles
838 4731 1042 4797 nostri,
1074 4746 1304 4800 quorum
1349 4733 1574 4787 consilio
1615 4743 1670 4786 et
1708 4733 1908 4787 auxilio
1937 4741 2182 4787 sanctam

612 4824 710 4879 Dei
741 4822 1036 4878 Ecclesium
1072 4833 1127 4878 et
1158 4838 1384 4893 regnum
1417 4825 1570 4880 nobis
1605 4827 1950 4880 commissum
1989 4827 2184 4896 guber-

605 4932 740 4973 nare
770 4917 1062 4981 debemus,
1111 4917 1349 4972 debitum
1381 4917 1640 4973 honorem
1689 4926 1742 4973 et
1790 4919 2182 4974 salvamentum

602 5006 843 5044 ἶμὶῖιηαηι
917 5007 976 5044 πί
1029 5006 1127 5044 ἶηῖῖ
1181 5009 1244 5044 συὶ
1303 5008 1396 5044 Ποῖ
1455 5008 1794 5044 νηιηηίιιιηηι
1873 5018 1923 5044 nl
1977 5017 2032 5044 nl
2080 5023 2182 5044 nn-

2299 619 2409 674 sint
2435 620 2487 673 in
2515 620 2764 675 omnibus
2801 618 3095 685 adjutores.
3119 617 3185 671 Et
3214 617 3259 670 si
3293 616 3511 687 aliquis,
3536 620 3660 688 quod
3681 620 3794 684 absit,

2305 710 2374 764 ab
2426 711 2529 766 hoc
2570 711 2787 765 deviare
2823 707 3143 772 tentaverit,
3181 706 3504 762 unanimiter
3544 716 3600 762 ut
3639 710 3691 762 ad
3728 711 3796 766 hoc

2301 803 2485 856 redeat
2538 801 2684 855 illum
2729 807 3043 856 convertere
3092 799 3448 854 decertemus.
3498 799 3563 855 Et
3591 801 3631 854 si
3657 802 3708 854 ad
3729 803 3797 858 hoc

2298 890 2482 944 reduci
2513 905 2619 944 non
2667 890 2939 960 potuerit,
2973 889 3299 944 unanimiter
3333 891 3656 956 studeamus,
3680 903 3725 945 ut
3742 893 3797 946 vel

2300 978 2401 1031 sibi
2432 979 2532 1033 soli
2568 989 2790 1045 noceat;
2832 987 2888 1034 et
2917 987 3104 1034 contra
3136 979 3235 1033 hoc
3267 981 3409 1048 quod
3437 980 3692 1035 salubriter
3712 999 3797 1037 core

2302 1081 2522 1122 servare
2577 1069 2872 1132 debemus,
2914 1083 3020 1122 non
3071 1069 3240 1138 possit
3285 1068 3644 1124 damnabiliter
3673 1086 3795 1142 agere.

2298 1156 2364 1210 Et
2410 1173 2630 1222 omnes,
2679 1166 2785 1212 tam
2839 1158 2993 1213 nobis
3043 1159 3234 1223 amici,
3289 1174 3450 1228 quam
3488 1168 3540 1213 et
3585 1165 3796 1229 contrarii,

2297 1248 2657 1301 certissnmnn
2712 1258 2961 1311 teneant,
3018 1247 3274 1317 quoniam
3324 1249 3415 1316 qui
3473 1257 3645 1302 contra
3666 1264 3798 1318 quem.

2297 1335 2428 1390 libet
2453 1345 2696 1391 nostrum
2733 1337 2985 1406 quiddam
3018 1337 3229 1391 adversi
3279 1337 3609 1392 machinatus
3633 1339 3700 1391 vel
3723 1354 3798 1394 mo—

2297 1423 2424 1480 litus
2456 1426 2646 1491 l'uerit,
2678 1428 2816 1496 apud
2847 1426 3010 1480 alium
3041 1427 3218 1482 locum
3249 1425 3622 1484 familiaritatis
3641 1431 3795 1485 clami-

2297 1516 2439 1569 citite
2464 1531 2568 1569 non
2602 1516 2838 1570 habebit.

2368 1603 2420 1659 6.
2462 1604 2570 1660 Vos
2648 1607 2801 1660 scitis
2851 1607 3083 1676 qualiter
3129 1624 3296 1680 nepos
3340 1618 3526 1666 noster
3564 1608 3798 1668 Hlothario:

2297 1709 2396 1764 per
2423 1711 2574 1750 suam
2603 1697 2941 1768 juventutem
2965 1740 2978 1765 ,
3013 1709 3066 1754 et
3091 1716 3187 1771 per
3208 1702 3410 1756 levium
3443 1703 3688 1758 hominum
3711 1720 3799 1759 con-

2296 1799 2514 1839 sensum
2563 1797 2617 1841 et
2658 1788 3057 1844 hortamentum
3080 1831 3094 1854 ,
3147 1800 3200 1846 et
3229 1793 3397 1846 etiam
3445 1807 3540 1862 per
3567 1808 3718 1848 eorum
3747 1794 3796 1848 fa-

2300 1892 2482 1932 vorem
2527 1879 2618 1948 qui
2669 1881 2813 1935 illum
2864 1883 3076 1936 salvare
3116 1884 3453 1950 debuerant,
3499 1884 3617 1940 fecit
3643 1895 3686 1939 et
3712 1886 3798 1941 facit

2299 1975 2491 2020 contra
2531 1968 2674 2022 illam
2713 1970 2919 2040 legem,
2951 1987 3113 2042 quam
3154 1972 3294 2028 Deus
3327 1975 3504 2044 primo
3542 1975 3591 2030 in
3620 1977 3797 2045 paradiso

2298 2057 2489 2126 primis
2524 2058 2832 2114 hominibus
2863 2061 3043 2126 dedit,
3073 2073 3128 2117 et
3163 2079 3325 2132 quam
3361 2066 3415 2118 in
3463 2066 3704 2137 evangelio
3736 2080 3796 2138 per

2296 2151 2639 2218 praesentiam
2670 2154 2850 2207 carnis
2889 2167 3013 2206 cum
3064 2154 3374 2210 hominibus
3422 2156 3649 2212 habitans
3689 2172 3794 2211 reno-

2301 2241 2448 2294 vavit
2485 2249 2541 2294 et
2576 2242 2949 2308 conﬁrmavit,
2989 2261 3108 2314 qum
3139 2247 3203 2300 ad
3255 2264 3450 2304 omnes
3490 2249 3700 2306 homines
3717 2265 3796 2319 per-

2297 2330 2430 2384 tinet
2453 2332 2544 2400 qui
2568 2333 2860 2387 secundum
2889 2335 3052 2388 Deum
3079 2337 3316 2407 legitimo
3349 2349 3571 2395 utuntur
3593 2341 3794 2410 coniugio.

2298 2415 2449 2473 Unde
2471 2428 2525 2473 et
2571 2421 2891 2478 universalis
2953 2425 3191 2480 Ecclesia
3245 2428 3338 2482 Dei
3390 2429 3797 2500 pulsatur,etsa-

2294 2510 2541 2565 cerdotes
2591 2521 2717 2567 sunt
2746 2514 3099 2582 dehonorati,
3153 2526 3209 2572 et
3255 2521 3490 2589 populus
3538 2521 3796 2576 Christianus

2295 2598 2434 2654 sicut
2471 2599 2538 2656 de
2587 2601 2711 2656 mali
2752 2605 2923 2660 morbi
2972 2608 3223 2678 contagio
3265 2619 3352 2664 est
3399 2605 3684 2666 maculatus
3708 2611 3796 2665 Pro.

2292 2698 2475 2760 pterea
2509 2692 2652 2761 quod
2677 2692 2818 2749 Deus
2847 2695 2983 2749 dixit
3011 2714 3024 2750 :
3056 2697 3248 2769 Diliges
3272 2704 3568 2770 proximum
3589 2712 3704 2756 tuum
3725 2703 3797 2756 sic-

2297 2794 2354 2837 ut
2397 2785 2617 2856 teipsum
2640 2827 2656 2854 ,
2683 2795 2736 2843 et
2792 2790 2930 2845 sicut
2967 2793 3224 2863 scriptum
3257 2805 3341 2851 est
3370 2815 3384 2851 :
3412 2797 3532 2868 Ipse
3551 2815 3602 2854 os
3631 2808 3794 2852 noster

2292 2883 2341 2928 et
2381 2891 2503 2928 caro
2551 2887 2728 2932 nostra
2778 2890 2884 2945 est,
2932 2889 2987 2934 et
3039 2882 3264 2938 ecclesia
3312 2886 3474 2943 nobis
3519 2899 3571 2942 et
3610 2887 3670 2942 illi
3694 2901 3792 2941 com-

2294 2966 2461 3020 missa
2506 2978 2561 3022 et
2601 2984 2824 3040 regnum
2875 2985 3038 3026 unum
3093 2982 3212 3040 est,
3247 2985 3301 3029 et
3335 2977 3562 3048 p0pulus
3604 2992 3658 3033 ac
3697 2976 3792 3031 clui-

2293 3058 2542 3114 stianitas
2565 3077 2671 3115 una
2701 3071 2814 3127 est,
2843 3065 3301 3123 consideravimus
3322 3109 3338 3134 ,
3375 3079 3436 3124 ut
3464 3071 3528 3125 ad
3559 3069 3681 3125 illum
3706 3068 3792 3123 mis-

2295 3162 2393 3204 sos
2431 3159 2645 3206 nostros
2684 3153 2990 3222 mittamus,
3040 3165 3091 3212 et
3138 3158 3185 3212 ei
3239 3159 3346 3215 tale
3398 3161 3656 3216 consilium
3692 3174 3792 3212 mau-

2295 3243 2482 3298 demus
2507 3245 2738 3314 qualiter
2779 3255 2834 3303 et
2875 3248 2991 3318 ipse
3019 3265 3200 3304 coram
3244 3252 3356 3307 Deo
3407 3253 3580 3309 salvus
3605 3262 3649 3306 et
3668 3265 3792 3306 coram

2290 3336 2472 3394 seculo
2502 3338 2796 3394 honoratus
2825 3355 2944 3395 esse
2968 3341 3177 3405 valeat,
3201 3351 3253 3397 et
3283 3344 3517 3399 ecclesia
3544 3355 3593 3399 et
3617 3355 3792 3413 regnum.

2301 3429 2444 3496 quod
2475 3427 2546 3482 illi
2588 3429 2656 3484 ad
2697 3430 3041 3487 salvationem
3088 3435 3443 3490 commissum
3484 3444 3588 3501 est,
3629 3433 3793 3489 solidum

2288 3532 2411 3571 esse
2474 3521 2682 3588 possit,
2740 3529 2794 3574 et
2848 3521 3073 3590 populus
3123 3522 3217 3576 Dei
3270 3523 3457 3580 salvus
3505 3525 3612 3589 sit,
3661 3531 3703 3576 et
3740 3521 3791 3572 le-

2291 3623 2411 3677 gem
2437 3623 2499 3663 ac
2517 3608 2779 3677 justitiam
2807 3621 2860 3664 et
2885 3627 3070 3681 pacem
3105 3628 3168 3667 ac
3195 3613 3789 3684 tranquillitatemhabeat.

2367 3699 2418 3752 7.
2461 3699 2594 3766 Quia
2623 3701 2786 3755 etiam
2827 3702 2941 3771 ipse
2981 3718 3106 3758 suos
3141 3705 3332 3760 missos
3357 3708 3427 3762 ad
3455 3723 3548 3762 nos
3573 3702 3791 3760 transmisit

2288 3791 2441 3859 quasi
2494 3792 2778 3845 consilium
2818 3807 3086 3860 quaerens,
3128 3808 3225 3863 per
3256 3805 3473 3852 nostros
3501 3797 3668 3850 missos
3686 3801 3726 3846 et
3747 3790 3790 3843 de

2291 3882 2376 3935 his
2418 3884 2557 3938 unde
2605 3885 2758 3938 nobis
2802 3885 3097 3950 mandavit,
3131 3896 3395 3956 quantum
3428 3888 3577 3944 nobis
3602 3884 3790 3941 Dominus

2289 3975 2452 4036 dedit,
2485 3975 2532 4029 ei
2560 3991 2742 4030 verum
2764 3985 2819 4031 et
2845 3977 3115 4032 sincerum
3141 3979 3434 4034 concilium
3465 3977 3788 4035 remandamus.

2288 4074 2343 4118 et
2403 4064 2562 4119 talem
2614 4066 2942 4121 voluntatem
2971 4081 3208 4122 nostram
3263 4085 3386 4124 esse
3434 4086 3556 4142 erga
3583 4084 3682 4124 eum
3716 4064 3788 4118 sic-

2288 4162 2350 4208 ut
2425 4155 2577 4210 vobis
2623 4155 2884 4224 dicimus,
2947 4157 3022 4212 illi
3050 4174 3147 4229 per
3169 4161 3389 4215 eosdem
3432 4162 3616 4217 missos
3637 4164 3789 4214 nostra!

2289 4244 2629 4303 mandamus.

2629 4398 2820 4439 KAROLI
2857 4401 3118 4440 CAPITULA
3158 4401 3327 4442 IISSIS
3366 4405 3525 4444 DATA.

2817 4498 2978 4569 (Ann.
2996 4500 3122 4556 865.
3154 4500 3338 4574 Febr.)

2362 4627 2643 4703 Excipiunt
2674 4644 2881 4703 pactum
2927 4638 3164 4703 superius
3196 4639 3249 4692 in
3280 4638 3455 4692 codice
3506 4629 3788 4690 Lauduuemi.

2289 4700 2426 4778 unde
2453 4700 2514 4755 ea
2543 4700 2855 4778 Sirmondus
2881 4700 3073 4778 publici
3088 4708 3244 4778 juris;
3255 4710 3391 4777 fecit.
3416 4708 3648 4778 Baluziua
3663 4720 3708 4757 ea
3728 4715 3791 4778 opt

2289 4771 2525 4843 codicum
2576 4789 2607 4824 a
2660 4775 2804 4843 nobis
2864 4777 3021 4828 etiam
3065 4771 3415 4831 ddhibiiornm
3445 4779 3498 4843 5)
3545 4775 3650 4828 bibl.
3681 4771 3790 4843 regit?

2288 4837 2608 4919 Ifariaiensis
2636 4859 2694 4919 nl
2705 4842 3087 4919 έϋῖϐέαπέβ,
3131 4846 3257 4901 olim
3284 4837 3560 4919 Bigotia'ni,
3580 4855 3622 4919 et
3641 4843 3685 4912 5)
3702 4837 3789 4893 bibl.

2289 4909 2521 4978 ejusdem
2550 4928 2602 4965 η.
2627 4911 2786 4977 4761,
2819 4913 2942 4968 olim
2964 4914 3316 4982 Divionensis,
3343 4909 3637 4971 Emendavit.
