3960 6320
111 410 205 470 ﬁl

1098 410 1524 470 FRANCOllUM
1562 407 1801 466 REGUM
1840 406 2316 467 CAPITULARIA.

3243 415 3347 472 ’ῖἓῖ

113 525 410 592 abbatissis,
457 524 763 592 comitibus,
791 526 1036 582 ctvassis
1074 527 1298 592 nostris,
1326 541 1418 581 seu
1455 523 1665 580 cunctis
1694 526 1740 584 Α
1769 525 1923 580 nobis
1978 526 2306 594 adportetur.
2378 525 2479 597 Ipsi
2527 537 2706 582 autem
2769 527 3009 583 inﬁdeles
3073 529 3241 582 nostri
3295 528 3348 583 in

110 618 200 672 Dei
226 627 280 672 et
320 617 522 673 nostris
572 616 817 672 fidelibus
843 617 896 671 in
934 632 1098 688 regno
1145 614 1465 686 Burgundiae
1495 613 1670 670 consi-

109 707 364 761 slentibus
387 747 401 770 ,
446 706 696 780 salutem.
758 706 1019 762 Volumus
1047 715 1101 761 et
1131 719 1386 776 expresse
1424 702 1670 773 praecipi—

107 812 221 851 mus
269 803 329 850 ut
366 798 416 851 in
445 797 530 851 his
559 812 677 866 quae
707 796 990 868 subiuncta
1041 797 1134 830 ¹⁸³⁹
1162 804 1289 850 sunt
1318 795 1669 864 exequendis,

106 897 156 941 et
187 888 235 942 in
261 887 379 944 aliis
405 904 522 959 qum
548 890 614 943 ad
637 889 729 943 Dei
751 889 1080 944 voluntatem
1112 897 1164 943 et
1192 896 1390 944 sanctze
1417 886 1672 942 Ecclesiae.

108 989 323 1045 statum,
393 987 556 1050 atque
598 980 666 1035 ad
715 990 958 1035 nostram
1005 979 1314 1034 ﬁdelitatem
1357 988 1413 1033 et
1453 978 1520 1032 ad
1575 993 1673 1032 no-

108 1081 274 1127 strum
333 1073 593 1130 honorem
621 1113 637 1137 ,
691 1089 753 1129 ac
783 1074 848 1127 ad
891 1073 1042 1145 regni
1079 1073 1426 1135 soliditatem,
1462 1087 1670 1126 necnon

107 1163 168 1216 ad
191 1177 473 1217 commune
501 1161 734 1217 ﬁdelium
765 1170 1074 1218 nostrorum
1107 1161 1496 1217 salvamentum
1547 1175 1672 1230 per-

109 1256 292 1319 tinent,
341 1255 712 1324 unusquisque
757 1253 1048 1309 secundum
1100 1254 1240 1323 quod
1291 1269 1389 1308 suo
1416 1253 1590 1308 Ordiui
1620 1261 1675 1307 et

108 1359 208 1397 Sua:
239 1358 484 1414 persona:
516 1343 795 1413 competit,
839 1343 959 1398 istis
980 1342 1160 1397 missis
1191 1341 1390 1397 nostris
1419 1343 1674 1397 obedien-

110 1445 183 1490 tes
205 1443 257 1490 et
276 1432 550 1503 adjutores
573 1433 625 1486 in
656 1433 907 1488 omnibus
929 1433 1196 1488 existatis.

172 1526 220 1579 l.
257 1525 326 1581 Ut
367 1525 507 1579 sicut
545 1523 714 1579 nostri
742 1523 984 1579 inﬁdeles
1007 1534 1061 1578 et
1097 1505 1412 1579 communes
1447 1530 1670 1580 contra-

110 1619 168 1675 rii
212 1618 378 1673 nostri
430 1632 488 1673 se
536 1617 763 1672 invicem
805 1618 1261 1672 conﬁrmaverunt
1311 1616 1376 1669 ad
1434 1623 1672 1670 nostram

112 1713 560 1775 contrarietatem,
601 1719 658 1764 ut
698 1709 873 1764 nullus
921 1711 987 1764 de
1031 1710 1114 1764 his
1135 1725 1253 1778 qua:
1296 1709 1676 1764 considerave-
1719 1732 1728 1741 ο

116 1804 210 1858 rint
244 1817 399 1858 suum
426 1816 609 1871 parem
650 1800 1008 1871 discooperiat
1032 1799 1116 1854 vel
1143 1799 1352 1870 prodat,
1399 1814 1573 1868 neque
1605 1797 1670 1851 ad

117 1894 188 1950 illa
230 1909 348 1965 quae
395 1890 689 1967 adimplere
726 1891 912 1946 volunt
940 1891 1197 1955 dimittat,
1237 1890 1311 1944 ita
1344 1888 1526 1944 ﬁdeles
1571 1907 1665 1944 no-

115 1989 197 2042 stri
230 2003 290 2044 se
332 1986 657 2044 conﬁrment
705 1986 769 2038 ad
817 1984 910 2038 Dei
953 1983 1278 2039 voluntatem
1326 1990 1380 2034 et
1428 1993 1670 2036 nostram

117 2077 434 2141 ﬁdelitatem,
463 2084 518 2130 et
573 2075 637 2131 ad
681 2075 943 2129 honorem
969 2082 1025 2127 et
1047 2081 1245 2126 sanctae
1274 2070 1528 2126 Ecclesi:e
1557 2081 1671 2123 sta-

115 2176 231 2232 tum,
267 2176 322 2224 et
369 2167 517 2238 regni
550 2165 859 2231 utilitatem,
893 2172 948 2218 et
974 2164 1185 2219 illorum
1211 2176 1495 2216 commune
1519 2159 1672 2228 adju-

115 2258 292 2312 torium
350 2266 406 2311 et
452 2255 863 2310 salvamentum.
901 2254 968 2308 Et
995 2251 1174 2307 nullus
1204 2249 1437 2305 ﬁdelium
1463 2258 1675 2303 nostro-

114 2361 214 2400 rum
248 2346 572 2414 cuicumque
613 2342 810 2397 inﬁdeli
843 2351 1028 2397 nostro
1055 2355 1397 2411 quocumque
1433 2341 1591 2394 modo
1617 2353 1674 2394 se

111 2436 406 2508 coniungat,
436 2445 530 2490 aut
573 2435 627 2490 in
656 2434 835 2505 aliquo
866 2433 1064 2499 faveat,
1115 2433 1199 2488 vel
1233 2435 1284 2486 in
1336 2448 1674 2502 quacumque

109 2543 258 2582 causa
286 2529 340 2582 in
371 2543 476 2598 qua
500 2527 648 2581 illum
679 2526 936 2595 impedire
959 2525 1196 2594 potuerit
1226 2525 1300 2578 illi
1328 2532 1539 2594 parcat,
1570 2522 1675 2577 nisi

107 2619 279 2674 statim
327 2620 395 2673 ad
433 2617 742 2674 ﬁdelitatem
780 2625 1022 2672 nostram
1057 2631 1115 2672 se
1145 2625 1464 2670 convertere
1489 2615 1673 2669 volue-

106 2712 183 2764 rit.
237 2710 307 2766 ΕΙ
344 2709 390 2764 si
424 2723 521 2780 pro
552 2718 698 2762 certo
720 2721 1046 2777 cognoscere
1073 2705 1334 2774 potuerit,
1368 2704 1461 2773 qui
1485 2713 1674 2759 contra

102 2803 237 2859 istud
293 2799 588 2873 capitulum
635 2799 865 2863 fecerit,
923 2815 1030 2853 non
1088 2798 1242 2853 nobis
1286 2796 1442 2854 celet.
1509 2797 1578 2852 Et
1628 2797 1676 2852 sl

101 2894 289 2966 aliquis
315 2891 570 2956 audierit,
623 2891 764 2960 quod
797 2890 912 2962 pari
947 2905 1046 2946 suo
1077 2890 1218 2945 ﬁdeli
1253 2898 1440 2945 nostro
1497 2903 1677 2945 neces-

100 2989 224 3045 sitas
270 2985 518 3043 evenerit
573 2992 668 3039 aut
717 2984 936 3040 evenire
973 2984 1169 3040 debeat
1220 2984 1300 3039 ad'
1319 2983 1678 3039 resistendum

100 3079 296 3133 inﬁdeli
342 3085 547 3141 nostro,
591 3093 698 3134 non
725 3084 974 3146 expectet
1021 3084 1081 3131 ut
1127 3075 1204 3131 illi
1238 3076 1340 3132 hoc
1370 3076 1675 3142 mandetur,

97 3170 179 3224 sed
203 3169 395 3223 statim
419 3169 488 3224 sit
507 3179 861 3238 prazparatus,
894 3167 1034 3222 sicut
1058 3166 1151 3222 Dei
1181 3167 1354 3221 ﬁdelis
1380 3176 1436 3220 et
1469 3175 1675 3230 noster,

97 3259 155 3311 ad
205 3275 371 3314 suum
414 3275 598 3328 parem
627 3258 680 3313 in
706 3268 887 3313 nostra
927 3257 1184 3313 ﬁdelitate
1211 3255 1590 3327 adiuvandum,
1624 3266 1679 3312 et

95 3359 355 3420 quantum
387 3350 621 3422 potuerit
650 3363 873 3421 pergere
901 3348 1140 3405 festinet.

154 3444 215 3498 Ξ.
271 3443 344 3500 Ut
389 3458 579 3500 omnes
623 3443 715 3514 qui
766 3441 1075 3498 ﬁdelitatem
1114 3441 1271 3498 nobis
1320 3443 1495 3498 adhuc
1546 3456 1678 3514 pro-

92 3536 320 3591 missam
356 3551 458 3590 non
506 3537 726 3598 habent,
787 3535 1098 3590 ﬁdelitatem
1129 3523 1286 3588 nobis
1315 3533 1678 3604 promittant;

91 3628 235 3690 sicut
270 3630 326 3682 in
357 3628 607 3699 capitulis
632 3629 714 3680 avi
747 3637 800 3680 et
829 3627 999 3698 patris
1046 3627 1216 3702 nostri
1247 3626 1578 3680 continetur.

163 3717 221 3770 ὅ.
272 3715 349 3772 Ut
393 3716 483 3786 qui
528 3715 839 3771 ﬁdelitatem
875 3716 1030 3770 nobis
1057 3715 1444 3785 promiserunt,
1475 3724 1532 3770 et
1560 3723 1682 3784 post

108 3804 226 3861 illud
251 3815 658 3864 sacramentum
699 3806 766 3862 ad
812 3806 1054 3878 inﬁdeles
1107 3813 1320 3860 nostros
1343 3806 1396 3859 in
1431 3814 1680 3860 nostrum

115 3895 360 3952 damnum
401 3911 460 3952 se
501 3896 898 3964 coniunxerunt
925 3936 939 3961 ,
1009 3897 1312 3967 proprietas
1358 3895 1572 3950 illorum
1626 3896 1681 3950 in

115 3998 351 4044 nostrum
405 3971 849 4044 indominicalum
888 3989 1202 4057 recipiatur,
1259 3987 1430 4043 donec
1458 3986 1558 4058 ipsi
1585 4000 1682 4057 per

118 4079 451 4152 ﬁdeiussores
479 4081 532 4134 in
566 4089 806 4134 nostram
832 4081 1173 4148 praesentiam
1201 4079 1441 4134 veniant.

174 4173 224 4227 4.
272 4172 346 4229 Ut
373 4171 550 4227 nullus
575 4171 869 4226 inﬁdelium
898 4171 988 4202 ⁵⁸³⁸
1021 4180 1350 4233 nostrorum,
1402 4170 1495 4239 qui
1525 4169 1681 4224 liberi

118 4262 352 4320 homines
416 4270 583 4327 sunt,
661 4263 714 4316 in
780 4273 967 4317 nostro
1023 4277 1186 4332 regno
1253 4263 1530 4316 immorari
1597 4263 1682 4318 vel

119 4356 485 4426 proprietatem
534 4353 734 4410 habere
787 4355 1152 4424 permittatur,
1208 4355 1310 4409 nisi
1364 4354 1681 4410 ﬁdelitatem

123 4445 256 4500 nobis
299 4444 636 4516 promiserit,
686 4454 740 4498 et
767 4454 951 4499 noster
993 4455 1087 4500 aut
1117 4445 1285 4500 nostri
1316 4443 1489 4500 ﬁdelis
1519 4445 1680 4503 homo

125 4532 375 4589 deveniat.

181 4623 228 4678 5.
294 4625 367 4680 Ut
422 4625 525 4680 ill-.e
579 4625 894 4684 traditiones
946 4627 1157 4702 iniustae
1234 4637 1296 4686 et
1361 4645 1390 4684 a
1479 4631 1679 4690 nostris

125 4717 539 4773 antecessoribus
570 4730 731 4786 atque
781 4733 814 4771 a
865 4719 1022 4774 nobis
1049 4720 1352 4789 prohibitze.
1381 4737 1502 4792 quae
1529 4721 1682 4780 factae

127 4817 232 4862 sunt
258 4821 354 4864 aut
379 4809 694 4864 mulieribus
720 4819 815 4865 aut
844 4812 1109 4866 matribus
1132 4821 1225 4866 aut
1249 4813 1682 4884 quibuscumque

128 4901 369 4968 personis,
414 4908 477 4956 ut
526 4901 750 4956 liberius
790 4903 890 4976 ipsi
945 4905 1237 4959 traditores
1273 4915 1514 4962 nostram
1563 4908 1682 4960 iuﬁ-

129 4992 383 5049 delitatem
434 4994 694 5063 perﬁcere
747 4998 988 5064 possint,
1058 5006 1152 5050 aut
1196 5006 1255 5050 ut
1289 4997 1560 5065 justitiam
1626 5000 1678 5056 in

131 5086 452 5146 comitatibus
474 5101 578 5144 non
605 5087 847 5150 reddant,
874 5095 1127 5158 tanquam
1151 5087 1307 5145 facta:
1331 5106 1436 5145 non
1456 5090 1680 5157 fuerint,

129 5186 205 5240 pro
253 5175 424 5231 nihilo
468 5177 790 5231 habeantur.
849 5177 913 5231 Et
942 5179 1082 5232 sicut
1113 5179 1211 5248 ipsi
1245 5181 1390 5249 ipsos
1414 5182 1597 5237 alodes
1628 5184 1681 5238 in

126 5279 201 5320 sua
246 5285 408 5323 manu
461 5271 781 5334 tenuissent,
833 5273 902 5325 ita
934 5270 1000 5326 de
1032 5272 1164 5340 ipsis
1201 5272 1447 5329 alodibus
1475 5273 1586 5329 ﬁat.
1619 5274 1687 5330 Et

133 5355 164 5406 Si
187 5374 283 5415 nec
334 5359 406 5413 ita
443 5360 509 5413 ad
541 5360 852 5415 ﬁdelitatem
899 5372 1136 5416 nostram
1167 5373 1262 5417 aut
1304 5365 1369 5419 ad
1417 5365 1684 5434 justitiam

133 5449 433 5505 reddendam
460 5450 648 5506 adduci
681 5454 974 5522 potuerint,
1015 5454 1113 5523 ipsi
1146 5455 1328 5511 alndcs
1361 5458 1412 5512 in
1439 5469 1685 5516 nostrum

134 5532 492 5596 dominicatuin
517 5541 864 5612 recipiantur,
892 5552 946 5598 et
973 5553 1123 5606 certa
1151 5545 1362 5602 illorum
1395 5550 1687 5619 descriptio

1772 626 1959 672 nostro
2001 633 2166 688 regno
2194 617 2372 672 locum
2423 617 2618 673 habere
2668 633 2770 673 non
2812 619 3214 688 permittuntur.
3263 615 3350 674 Si-

1771 708 1970 763 militer
2008 717 2060 763 et
2091 708 2156 764 de
2197 711 2750 764 commendationibus
2780 710 3139 780 quarumlibet
3177 709 3350 765 facul-

1773 809 1942 854 tatum
1993 799 2075 855 vel
2134 801 2484 870 pecuniarum
2533 800 2658 866 ﬁat;
2710 803 2853 856 etsi
2905 804 2971 856 ad
3024 816 3204 856 casam
3255 801 3352 856 Dei

1772 889 1972 959 aliquid
2024 891 2456 946 commendatum
2493 892 2734 968 .habent,
2787 893 2899 961 ipse
2931 893 3218 962 episcopus
3267 893 3353 947 vel

1773 988 1954 1033 rector
2008 978 2252 1034 ecclesiae
2299 980 2384 1034 ubi
2437 981 2826 1040 commendane
2858 989 3023 1050 sunt,
3106 991 3200 1036 aut
3248 981 3352 1037 illis

1771 1069 2165 1139 pmsentaliter
2223 1071 2275 1124 in
2338 1071 2623 1140 prresentia
2686 1070 2972 1125 missorum
3043 1079 3353 1126 nostrorum

1771 1159 1999 1214 reddant
2030 1161 2123 1230 qui
2151 1175 2242 1214 eas
2271 1161 2805 1236 commendaverunt,
2860 1169 2951 1214 aut
3001 1175 3185 1215 coram
3226 1161 3360 1215 mis-

1772 1252 1848 1308 sis
1893 1252 2094 1308 nostris
2135 1252 2460 1323 sigillentur,
2522 1261 2575 1306 et
2602 1252 2702 1306 sub
2729 1252 2905 1323 sigillo
2951 1252 3352 1316 custodiantur,

1772 1347 1946 1401 donec
1993 1346 2092 1416 ipsi
2137 1346 2357 1400 veniant
2408 1347 2497 1415 qui
2550 1360 2644 1400 eas
2699 1344 3245 1407 commendaverunt,
3301 1351 3359 1397 et

1773 1453 1956 1493 coram
2012 1437 2192 1492 missis
2248 1437 2448 1491 nostris
2500 1436 2619 1490 illas
2672 1436 2970 1503 recipiant,
3019 1443 3074 1489 et
3135 1429 3358 1504 perinde

1772 1527 2194 1599 distringantur,
2221 1536 2276 1580 ut
2305 1525 2369 1580 ad
2394 1527 2700 1580 ﬁdelitatem
2729 1534 2968 1579 nostram
3000 1533 3054 1579 et
3075 1522 3140 1581 ad
3167 1537 3360 1592 pacem

1773 1622 2019 1678 ecclesia:
2049 1637 2110 1675 ac
2139 1620 2292 1689 regni
2318 1629 2683 1674 revertantur.

1845 1713 1898 1768 6.
1943 1711 2012 1768 Ut
2044 1713 2109 1767 de
2149 1710 2364 1779 iniustis
2412 1709 2924 1764 commutationibus
2957 1723 3077 1778 qua:
3106 1707 3173 1761 ad
3201 1719 3358 1760 casas

1775 1805 1868 1858 Dei
1911 1805 2064 1858 facta:
2117 1810 2244 1858 sunt
2284 1802 2398 1856 slne
2429 1801 2574 1871 regia
2605 1801 2951 1866 auctoritate,
2997 1799 3145 1853 missi
3185 1795 3360 1851 nostri

1775 1894 2070 1964 inquirant,
2118 1900 2174 1946 et
2212 1906 2304 1946 eas
2351 1890 2442 1921 ““
2480 1890 2797 1955 dissolvunt,
2836 1889 2974 1944 sicut
3010 1888 3061 1940 in
3093 1885 3357 1955 capitula-

1773 1985 1923 2039 ribus
1969 1981 2054 2036 avi
2101 1992 2157 2037 et
2209 1981 2380 2052 patris
2420 1981 2588 2036 nostri
2618 1981 2942 2035 continetur.
2978 1978 3046 2032 Et
3073 1978 3118 2033 si
3146 1984 3361 2030 mortua

1775 2089 1966 2129 uulnus
1998 2075 2079 2128 vel
2127 2081 2452 2142 praeceptum
2494 2072 2701 2140 regium
2733 2085 2895 2140 super
2936 2084 3028 2124 eas
3055 2067 3358 2136 interiacet,

1775 2164 2149 2220 describantur
2174 2162 2458 2234 diligenter
2489 2172 2650 2232 atque
2686 2162 2916 2217 ﬁdeliter
2942 2160 3172 2230 qualiter
3205 2157 3363 2213 factae

1776 2264 1920 2318 sunt,
1969 2263 2024 2308 et
2073 2253 2230 2308 nobis
2272 2253 2420 2308 missi
2473 2255 2643 2307 nostri
2688 2254 3039 2317 renuntient;
3095 2258 3150 2305 et
3181 2251 3363 2320 signa-

1778 2346 1847 2400 tis
1891 2344 2022 2415 ipsis
2060 2343 2379 2414 przeceptis,
2427 2343 2567 2398 sicut
2596 2343 2677 2397 lex
2706 2343 2946 2396 Romana
2973 2340 3238 2410 praecipit,
3294 2338 3362 2392 ad

1777 2445 2020 2491 nostram
2060 2435 2406 2505 prazsentiam
2461 2434 2660 2488 deferri
2715 2433 2934 2496 faciant,
2969 2431 3109 2486 sicut
3137 2431 3188 2484 in
3214 2429 3365 2500 capi-

1778 2526 2039 2584 tularibus
2065 2527 2470 2596 progenitorum
2504 2533 2812 2580 nostrorum
2849 2524 3178 2579 continetur.

1846 2623 1899 2675 7.
1949 2620 2104 2688 Quia,
2150 2629 2206 2673 ut
2257 2620 2640 2690 comperimus,
2685 2619 2865 2688 plures
2899 2617 3057 2672 nobis
3089 2615 3363 2685 petierunt

1778 2712 1980 2778 alodes,
2027 2721 2083 2766 et
2125 2717 2371 2782 petentes
2428 2724 2640 2778 parum,
2685 2709 2804 2779 plus
2855 2708 2979 2762 inde
3013 2714 3360 2776 acceperunt,

1776 2803 2026 2859 volumus
2054 2812 2114 2857 ut
2140 2801 2293 2856 missi
2323 2799 2492 2856 nostri
2519 2800 2618 2854 hoc
2645 2799 2933 2870 diligenter
2983 2796 3261 2866 inquirant
3307 2802 3365 2849 et

1777 2896 2108 2961 describant,
2136 2901 2191 2949 et
2219 2893 2365 2964 ipsos
2395 2893 2642 2947 homines
2671 2907 2793 2946 cum
2829 2889 3112 2962 prmceptis
3156 2887 3222 2943 ad
3266 2900 3363 2944 nuo

1778 2995 1949 3046 stram
1974 2985 2320 3057 prazsentiam
2348 2983 2532 3039 venire
2561 2981 2781 3038 faciant.
3237 3001 3239 3003 ί

1850 3081 1904 3137 8.
1959 3077 2032 3134 Ut
2076 3076 2226 3133 missi
2269 3074 2442 3131 nostri
2493 3075 2558 3129 de
2592 3075 2840 3130 omnibus
2868 3071 3126 3130 censibus
3149 3068 3231 3125 vel
3267 3083 3363 3139 pa-

1783 3171 2060 3227 raveredis
2105 3184 2240 3240 quos
2283 3166 2478 3222 Franci
2509 3166 2755 3220 homines
2792 3165 2857 3220 ad
2893 3164 3091 3234 regiam
3125 3168 3368 3232 potesta-

1785 3272 1893 3319 tem
1935 3261 2215 3317 exsolvere
2259 3258 2477 3322 debent,
2541 3257 2833 3326 inquirant,
2878 3263 2933 3310 et
2983 3254 3071 3309 ubi
3127 3268 3222 3323 per
3272 3265 3367 3306 ne-
3444 3261 3446 3264 '

1783 3353 2016 3424 gloctum
2039 3351 2319 3406 dimissum
2376 3357 2488 3412 est,
2513 3347 2713 3403 exsolvi
2747 3346 2962 3410 faciant,
2999 3356 3054 3400 et
3079 3345 3367 3415 diligenter

1783 3447 1850 3500 de
1876 3443 2100 3515 singulis
2130 3441 2474 3497 comitatibus
2501 3448 2694 3495 cuncta
2738 3438 3068 3501 describant,
3117 3447 3172 3491 et
3208 3435 3366 3489 nobis

1783 3536 2112 3592 renuntient.
2165 3517 2428 3589 Similiter
2476 3541 2531 3587 et
2579 3532 2645 3586 de
2700 3531 2859 3585 terris
2889 3529 2978 3560 ηδ’
3034 3527 3362 3591 censalibus,

1783 3637 1840 3684 et
1877 3627 1943 3682 de
1988 3625 2148 3681 rebus
2201 3625 2267 3678 ad
2313 3638 2469 3678 casas
2497 3621 2589 3676 Dei
2626 3621 2856 3689 traditis,
2909 3621 3050 3675 unde
3077 3633 3272 3675 census
3295 3617 3363 3670 ad

1782 3729 1990 3791 partem
2017 3718 2158 3790 regis
2185 3715 2354 3771 exivit
2379 3715 2698 3791 antiquitus.
2741 3715 2805 3768 Et
2830 3714 2872 3768 si
2905 3713 3099 3782 aliquis
3125 3711 3362 3781 aliquam

1784 3811 2162 3867 auctoritatem
2214 3807 2416 3877 regiam
2463 3783 2588 3860 iiide
2626 3804 2954 3869 ostenderit,
3013 3804 3079 3858 ad
3125 3811 3363 3857 nostram

1781 3902 2128 3975 prmsentiam
2167 3899 2340 3968 ipsam
2372 3896 2744 3952 auctoritatem
2774 3894 2972 3950 deferri
2997 3893 3214 3949 faciant.

1855 3995 1908 4050 9.
1942 3994 2159 4067 (Assae.
2195 4007 2270 4057 iv,
2326 4005 2376 4045 c.
2399 3989 2514 4059 48.)
2566 3987 2636 4052 Ut
2664 3987 2813 4046 missi
2852 3987 3020 4042 nostri
3051 3987 3114 4041 de
3136 3985 3267 4040 locis
3295 3985 3362 4039 ad

1783 4085 2021 4142 claustra
2045 4082 2428 4139 cauonicorum
2454 4079 2980 4142 vel‘monachorum,
3021 4077 3109 4131 ubi
3144 4090 3366 4131 necesse

1783 4173 1969 4240 fuerit,
2000 4181 2185 4228 nostra
2207 4172 2526 4226 auctoritate
2553 4178 2936 4240 exsequantur,
2967 4170 3107 4224 sicut
3138 4167 3191 4221 in
3215 4169 3352 4238 capi-

1785 4267 2046 4323 talaribus
2079 4266 2163 4320 avi
2191 4275 2246 4321 et
2275 4265 2446 4335 patris
2474 4265 2642 4319 nostri
2674 4264 2992 4318 continetur.

1855 4357 1941 4411 10.
1995 4354 2146 4426 (Cap.
2207 4354 2320 4423 49.)
2366 4353 2436 4409 Ut
2461 4354 2528 4410 de
2559 4355 2713 4409 nonis
2743 4364 2796 4409 et
2827 4354 3056 4410 decimis
3109 4353 3175 4407 ad
3211 4370 3366 4413 casas

1787 4447 1879 4502 Del
1921 4445 2206 4501 reddendis
2252 4445 2401 4500 missi
2450 4446 2619 4499 nostri
2670 4454 3066 4514 exsequantur,
3130 4445 3269 4499 sicut
3311 4445 3364 4500 iu

1705 4564 1760 4624 Ι)
1784 4537 2021 4608 praefatis
2055 4535 2444 4605 capitularibus
2471 4537 2797 4590 continetur.

1855 4640 1942 4694 ll.
1986 4637 2135 4710 (cap.
2162 4636 2292 4708 85.)
2343 4635 2416 4691 Ut
2464 4636 2530 4691 de
2583 4652 2926 4701 uno,manso
2973 4638 3040 4692 ad
3080 4637 3364 4693 ecclesiam

1782 4733 1910 4788 dato
1939 4728 2115 4784 nullus
2153 4742 2346 4782 census
2369 4742 2543 4798 neque
2568 4727 2760 4782 caballi
2791 4736 2976 4798 pastus
3005 4745 3034 4783 a
3061 4729 3366 4785 senioribus

1783 4823 1848 4878 de
1877 4820 2209 4893 presbyteris
2257 4820 2586 4889 requiratur,
2639 4822 2779 4876 sicut
2819 4821 2872 4875 in
2901 4821 3125 4892 praefato
3156 4825 3367 4894 Capitu-

1781 4912 1884 4966 lari
1940 4912 2269 4969 continetur.
2331 4909 2439 4965 Sed
2483 4924 2659 4981 neque
2687 4912 2753 4966 de
2801 4912 3020 4968 terrulis
3046 4928 3109 4968 ac
3140 4914 3367 4970 viueolis

1783 5020 1881 5074 pro
1903 5003 2020 5059 loco
2047 5001 2334 5072 sepulturae
2363 5001 2428 5057 ad
2454 5002 2670 5057 easdem
2713 4981 2970 5060 ecclesias
2997 5005 3155 5069 datis,
3191 5022 3366 5075 neque

1787 5097 1853 5149 de
1874 5095 2118 5160 decimis,
2145 5094 2282 5148 sicut
2308 5093 2358 5147 in
2391 5093 2688 5149 canonibus
2716 5101 2770 5150 et
2801 5095 2854 5149 in
2883 5096 3120 5166 praefatis
3151 5096 3362 5166 capitu-

1784 5184 1987 5240 larihus
2024 5183 2348 5238 continetur.
2397 5182 2548 5255 (Cap.
2578 5184 2692 5256 84.)
2740 5186 2807 5240 Et
2827 5187 2916 5241 ubi
2949 5188 3222 5241 inventum
3254 5187 3365 5241 fue-

1787 5277 1859 5331 rit
1885 5285 1939 5331 et
1961 5291 1990 5330 a
2012 5273 2192 5330 missis
2221 5276 2438 5338 nostris,
2484 5276 2628 5344 quod
2655 5277 2898 5343 seniores
2941 5277 3056 5332 sine
3082 5277 3364 5332 conscien-

1789 5371 1862 5428 tia
1893 5368 2270 5440 episcoporum
2300 5369 2645 5440 presbyteros
2669 5368 2736 5424 de
2757 5368 3000 5426 ecclesiis
3027 5369 3252 5439 eiiciunt
3271 5371 3364 5423 vel

1793 5461 1845 5515 in
1873 5459 2116 5524 ecclesiis
2147 5467 2411 5523 statuunt,
2471 5459 2618 5514 missi
2649 5461 2818 5513 nostri
2859 5459 3001 5514 sicut
3046 5460 3098 5514 in
3129 5460 3367 5530 prmfatis

1793 5551 2177 5621 capitularibus
2199 5552 2523 5616 continetur,
2555 5551 2676 5606 inde
2705 5552 2918 5606 faciant.
2949 5539 3016 5606 Et
3036 5553 3367 5623 episcopi‘de

1373 5681 1607 5740 VARIE
1648 5687 2046 5745 LECTIONES.

181 5783 266 5820 "3’
291 5783 531 5855 Subiecta
563 5783 613 5837 4.

695 5787 782 5818 ¹¹’⁶⁰
817 5787 948 5844 nulli
984 5788 1216 5847 ﬁdelium
1248 5794 1300 5847 4.
1381 5793 1469 5826 ¹¹³¹
1502 5799 1800 5867 requirant,
1831 5811 1888 5854 ut
1921 5816 2012 5854 eas
2041 5799 2204 5853 Sirm.

2285 5800 2376 5831 “"’
2405 5800 2599 5854 ceteris
2620 5799 2671 5853 4.
