3874 5340
601 333 720 399 723

1316 338 1608 395 APPEND.
1649 339 1738 393 AD
1768 336 1938 394 SEC.
1979 337 2049 394 Χ.
2083 366 2156 379 -——
2179 334 2618 395 MONUMENTA
2659 334 3145 395 DIPLOMATICA.

3698 343 3770 411 ω

599 452 813 514 clericis
855 452 1138 510 hominum
1169 460 1478 509 nostrorum
1534 452 1609 507 ita
1663 450 1898 520 faciant,
1946 452 2087 507 sicut
2128 452 2181 507 in
2214 454 2256 515 Α
2288 450 2587 505 necessitas
2606 447 2777 515 venit,
2806 448 2993 505 dicunt
3020 464 3082 506 se
3118 449 3174 507 in
3204 457 3442 506 nostrum
3468 451 3632 511 venire
3649 461 3770 513 servi-

599 547 798 606 eisdem
827 543 1219 614 eapitularihus
1243 544 1569 610 continetur.

668 635 758 689 12.
809 633 882 690 Ut
930 636 1087 693 missi
1137 634 1303 691 nostri
1323 631 1585 701 justitias,
1629 642 1894 703 quantum
1922 632 2180 704 temporis

599 723 831 796 qualitas
858 725 1195 804 permiserit,
1230 723 1478 779 omnibus
1519 723 1882 794 indigentibus
1931 722 2176 791 faciant;

596 826 651 875 et
693 813 843 884 quod
882 816 1041 872 modo
1079 830 1177 887 pro
1203 813 1464 884 qualitate
1504 814 1589 883 vel
1626 815 1893 885 brevitate
1925 815 2181 884 temporis
2212 828 2215 835 '

594 906 782 973 facere
825 923 931 964 non
979 896 1278 980 potuerint,
1330 906 1619 963 comitibus
1663 905 2063 972 commendent,
2119 913 2181 960 ut

597 1007 844 1070 tempore
877 1013 1119 1077 congruo
1145 1000 1224 1055 eis
1249 999 1423 1071 legem
1469 1000 1524 1054 ét
1549 997 1813 1068 justitiam
1849 994 2070 1053 faciant.
2112 996 2181 1050 Et

594 1090 651 1147 in
677 1091 791 1148 suis
812 1091 1215 1159 memorialibus
1262 1092 1522 1147 adnotent
1551 1091 1617 1146 de
1644 1091 1843 1160 quibus
1891 1089 2181 1151 comitibus

597 1182 1155 1249 commendaverunt;
1205 1183 1337 1238 utsi
1369 1183 1567 1239 iterum
1597 1181 1671 1249 illi
1703 1181 1954 1237 homines
1996 1194 2057 1236 se
2092 1195 2181 1249 res

597 1274 956 1347 clamaverint
996 1274 1141 1345 quod
1161 1273 1430 1343 justitiam
1477 1274 1680 1329 habere
1723 1287 1830 1327 non
1862 1280 2176 1342 potuerunt,

597 1382 699 1425 nos
728 1368 831 1438 ipsi
859 1367 1244 1438 investigemus
1277 1374 1333 1431 et
1371 1366 1724 1435 decernamus
1760 1379 1929 1443 quare
1950 1362 2055 1420 hoc
2077 1361 2179 1439 ipsi

600 1459 830 1533 comites
858 1459 1213 1525 demiserunt.
2166 1447 2179 1455 ’

610 1532 615 1539 ’
666 1532 756 1605 15.
802 1534 875 1606 Ut
900 1549 946 1606 si
991 1548 1238 1605 inﬁdeles
1283 1547 1455 1607 nostri
1502 1562 1562 1609 se
1603 1546 1960 1604 adunaverint
1990 1549 2058 1605 ad
2080 1550 2177 1605 de-

592 1642 953 1711 vastationem
996 1642 1148 1713 regni
1191 1642 1385 1713 nostri,
1435 1641 1622 1698 ﬁdeles
1665 1641 1861 1713 nostri,
1899 1649 2010 1697 tam
2060 1642 2179 1713 epi-

591 1736 769 1809 sc0pi,
817 1750 981 1807 quam
1033 1735 1294 1802 abbates,
1353 1744 1410 1792 et
1456 1736 1721 1805 comites,
1779 1744 1838 1792 et
1876 1736 2181 1801 abbatissa:

2284 540 2438 607 tium,
2461 540 2713 609 uolumus
2732 548 2792 612 ut
2822 540 3018 613 aliquis
3042 541 3108 597 de
3132 541 3219 612 his
3246 543 3333 612 qui
3358 542 3411 596 in
3431 541 3516 598 illa
3541 552 3661 600 terra
3689 564 3772 603 ma.

2281 645 2429 702 nent,
2462 640 2518 688 et
2556 648 2675 689 eam
2707 641 2896 689 contra
2925 619 3191 691 inimicos
3215 642 3425 689 nostros
3447 634 3693 692 defendere
3708 642 3770 695 de-

2279 722 2429 788 bent,
2464 722 2717 794 deinceps
2763 723 2903 780 hanc
2944 723 3288 789 occasionem
3335 723 3555 792 habeat;
3594 726 3771 784 sedtum

2281 814 2581 871 necessitas
2594 814 2778 882 fuerit,
2793 815 2935 871 sicut
2954 814 3327 885 praediximus,
3342 817 3410 871 ad
3432 816 3774 877 missosnostros

2280 910 2336 958 et
2364 904 2430 958 ad
2463 918 2622 974 pares
2643 918 2771 959 suos
2797 912 3110 959 occurrant.
3147 903 3214 959 Et
3241 904 3287 959 si
3335 919 3435 960 nos
3458 920 3572 975 eum
3600 906 3674 939 ““
3694 925 3774 981 Spe-

2281 993 2494 1050 cialiter
2522 996 2589 1050 ad
2621 1008 2721 1050 nos
2748 995 2938 1053 venire
2961 995 3415 1060 mandaverimus,
3446 1004 3536 1050 aut
3555 996 3652 1068 ipse
3670 1001 3774 1056 nobis

2281 1086 2647 1155 necessariam
2696 1099 2915 1142 causam
2970 1086 3038 1145 de
3072 1096 3256 1142 nostra
3311 1085 3558 1145 ﬁdelitate
3594 1093 3779 1157 nuntiare

2280 1172 2531 1241 voluerit,
2561 1174 2953 1245 plenitudinem
2980 1174 3259 1239 hominum
3293 1176 3386 1208 ¹²δ⁶
3410 1191 3612 1234 suorum
3632 1178 3715 1234 illic
3732 1181 3776 1235 ad

2282 1272 2522 1321 nostram
2552 1263 2869 1336 ﬁdelitatem
2891 1267 3292 1343 exsequendam
3318 1265 3563 1332 dimittat,
3587 1277 3634 1322 et
3652 1269 3777 1324 missis

2280 1354 2482 1417 nostris
2502 1353 2587 1409 vel
2638 1354 2861 1426 paribus
2905 1356 3019 1412 suis
3064 1356 3169 1412 hoc
3214 1366 3406 1424 natum
3458 1356 3622 1413 faciat.
3660 1359 3777 1415 Aliter
3818 1422 3819 1425 η

2282 1452 2465 1503 autem
2494 1446 2547 1502 in
2578 1447 2778 1511 nullam
2828 1456 3039 1519 partem
3090 1447 3157 1511 de
3181 1448 3277 1505 illa
3317 1458 3460 1504 terra
3509 1459 3685 1521 pergat,
3709 1451 3776 1509 nisi
3818 1522 3819 1527 η

2281 1551 2405 1593 cum
2427 1530 2701 1593 communi
2741 1538 2971 1596 consilio
2997 1538 3083 1597 vel
3122 1537 3583 1603 commendatione
3600 1538 3672 1589 “9’
3694 1539 3778 1594 mis-

2280 1644 2465 1686 sorum
2495 1638 2810 1695 nostrorum
2835 1639 2933 1689 aut
2954 1629 3285 1700 reliquorum
3301 1628 3536 1685 ﬁdelium
3553 1638 3779 1685 nostrorum

2280 1722 2371 1792 qui
2400 1721 2547 1787 illam
2603 1729 2804 1787 terram
2833 1719 3125 1781 defendere
3167 1721 3387 1778 debent.
3421 1719 3489 1787 Et
3512 1720 3641 1776 missi
3664 1721 3780 1777 nostri

595 1842 717 1882 rum
765 1825 1033 1890 homines,
1086 1827 1181 1882 sed
1206 1834 1259 1881 et
1285 1826 1387 1896 ipsi
1422 1826 1649 1883 comites
1691 1841 1757 1882 ac
1789 1825 1933 1883 γεεδί
1977 1826 2175 1893 nostri,
2211 1820 2256 1881 Β
2283 1828 2406 1870 cum
2432 1811 2701 1884 episcopis
2726 1820 2784 1868 et
2806 1812 3095 1868 comitibus
3118 1826 3184 1869 ac
3220 1810 3398 1870 vassis
3418 1809 3620 1874 nostris,
3642 1811 3778 1881 quisn-

592 1930 689 1979 seu
736 1915 911 1978 ceteri
929 1916 1133 1999 quique
1161 1913 1345 1971 ﬁdeles
1374 1914 1467 1970 Dei
1501 1930 1566 1970 ac
1588 1915 1784 1981 nostri,
1822 1915 1888 1970 de
1912 1929 2022 1970 uno
2046 1914 2181 1975 mis-c.

593 2007 769 2086 satico
814 2022 873 2065 se
907 2009 963 2064 in
1003 2022 1121 2073 uno
1158 2008 1398 2067 adunare
1429 2016 1737 2079 procurent.
1787 2008 1855 2064 Et
1898 2009 2051 2072 missi
2079 2024 2177 2066 110'.

592 2101 694 2165 stri
719 2101 787 2158 de
808 2101 931 2172 ipso
972 2101 1250 2159 missatioo
1277 2101 1670 2172 providentiam
1699 2102 1955 2173 habeant,
2002 2102 2178 2173 quali-

594 2201 681 2256 ter
702 2192 1075 2265 unusquisque
1099 2194 1407 2265 episcOpus,
1437 2194 1521 2250 vel
1547 2193 1736 2259 abbas,
1762 2210 1856 2249 seu
1880 2194 2181 2262 abbatissa,

595 2298 720 2355 eum
743 2282 889 2345 omni
916 2283 1251 2355 plenitudine
1270 2293 1325 2345 et
1341 2287 1652 2347 necessarie
1677 2286 1858 2344 hostili
1886 2297 2174 2357 apparatu,

595 2380 652 2431 et
682 2374 750 2429 ad
777 2384 1011 2444 tempus,
1048 2391 1176 2431 suos
1200 2376 1447 2433 homines
1486 2376 1612 2432 illuc
1651 2377 2016 2433 transmiserit
2051 2393 2177 2436 cum

598 2466 1017 2537 guntfanonario
1063 2468 1155 2507 ⁸⁸⁸³
1210 2468 1359 2541 (152)
1416 2470 1508 2539 qui
1545 2471 1612 2525 de
1664 2470 1779 2526 suis
1819 2471 2041 2540 par-ibus
2084 2472 2177 2505 ωδ

595 2571 720 2619 cum
760 2557 941 2613 missis
989 2558 1192 2625 nostris
1242 2558 1506 2615 rationem
1537 2559 1774 2625 habeat;
1831 2569 1887 2614 et
1939 2560 2179 2630 qualiter

594 2644 698 2718 ipsi
723 2647 951 2705 comites
977 2658 1035 2706 et
1061 2650 1204 2706 vassi
1240 2650 1411 2712 nostri
1437 2665 1530 2709 seu
1566 2651 1734 2705 ceteri
1762 2651 1963 2722 quique
1992 2651 2086 2708 Dei
2110 2650 2175 2706 ﬁ-e

598 2735 746 2809 deles
782 2736 850 2793 ad
883 2736 987 2795 hoc
1011 2738 1369 2809 occurrerint,
1413 2739 1567 2795 nobis
1595 2740 1799 2810 scripto
1843 2742 2176 2799 renuntient.

591 2826 665 2885 Et
688 2828 735 2884 si
766 2829 833 2885 de
856 2845 967 2891 uno
990 2829 1266 2887 missatico
1293 2830 1361 2886 ad
1393 2829 1495 2887 hoc
1532 2832 1826 2902 praevalere
1852 2848 1958 2896 non
1984 2842 2177 2905 potue-

592 2915 726 2983 rint,
774 2918 842 2974 ad
866 2919 1032 2974 alium
1071 2919 1407 2983 missatieum
1429 2920 1680 2977 celeriter
1713 2923 1909 2980 missos
1941 2938 2069 2980 suos
2097 2923 2178 2991 di-

592 3006 793 3079 rigant,
823 3017 880 3064 et
904 3024 1116 3076 omnes,
1167 3009 1310 3066 sicut
1344 3012 1713 3081 praediximus,
1755 3016 1822 3070 de
1846 3015 1951 3071 alio
1981 3017 2180 3072 missa-

2282 1918 2383 1979 per
2414 1918 2585 1977 aquas
2610 1910 2956 1969 commanent
2980 1917 3079 1974 per
3118 1917 3255 1975 quas
3280 1900 3524 1957 inﬁdeles
3562 1901 3699 1956 nostri
3736 1900 3781 1954 ad
3818 1944 3819 1947 η

2276 2009 2505 2062 regnum
2535 2003 2781 2064 nostrum
2830 2002 3135 2061 transeunt,
3184 1993 3442 2048 ordinent
3488 1991 3686 2063 qualiter
3715 1991 3777 2045 ille

2276 2099 2445 2141 naves
2473 2083 2869 2150 custodiantur,
2894 2099 2964 2140 ne
2993 2082 3235 2138 inﬁdeles
3249 2084 3425 2149 nostri
3443 2083 3506 2138 ad
3530 2096 3778 2151 regnumne-

2277 2187 2448 2234 strum
2476 2178 2861 2239 devastandum
2879 2176 3112 2233 transire
3123 2176 3356 2248 possint.
3374 2175 3441 2229 Et
3467 2189 3558 2245 per
3577 2172 3698 2254 cujus
3718 2188 3778 2226 ae-

2277 2271 2508 2345 glectum
2537 2271 2667 2341 ipsae
2682 2285 2846 2327 naves
2858 2278 3047 2340 postea
3063 2271 3201 2332 bene
3216 2268 3501 2325 custoditae
3516 2284 3610 2323 non
3621 2266 3779 2328 iuerint,

2278 2362 2434 2426 nobis
2463 2361 2819 2421 renuntietur.
2842 2370 2903 2416 ut
2928 2376 3025 2417 nos
3049 2362 3411 2418 decernamus
3430 2359 3639 2429 qualiter
3654 2356 3703 2412 de
3721 2356 3779 2411 illo

2276 2461 2655 2522 contemptum
2682 2452 2937 2531 praecepti
2978 2452 3175 2519 nostri,
3203 2451 3363 2525 quasi
3395 2451 3462 2506 de
3480 2448 3706 2527 proditore
3720 2461 3781 2517 ρι-
3818 2448 3819 2477 ῖ

2280 2543 2420 2607 ῑνὶω,
2452 2542 2537 2613 agi
2560 2541 2777 2605 debeat.

2349 2650 2436 2706 15.
2476 2650 2548 2706 Ut
2574 2650 2620 2705 si
2650 2650 2803 2707 missi
2832 2652 3007 2708 nostri
3039 2651 3200 2707 talem
3245 2660 3473 2714 causam
3502 2648 3553 2705 in
3584 2646 3653 2702 illa
3682 2653 3782 2699 terra

2277 2740 2606 2807 invenerint,
2658 2756 2823 2812 quam
2874 2744 2942 2796 ad
2991 2742 3239 2798 debitum
3282 2740 3452 2796 ﬁnem
3499 2753 3590 2796 nec
3612 2750 3686 2807 per
3715 2735 3782 2788 ista

2277 2830 2531 2900 capitula,
2560 2845 2660 2888 nec
2694 2847 2793 2904 per
2817 2832 3055 2901 capitula
3084 2832 3494 2903 progenitorum
3530 2836 3779 2887 nostrorum,

2277 2937 2454 2993 neque
2481 2937 2579 2993 per
2607 2923 2798 2995 legalia
2828 2923 3065 2994 capitula
3091 2924 3398 2993 perducere
3438 2920 3643 2990 possint,
3679 2913 3781 2969 nobis

2277 3012 2677 3081 rationabiliter
2693 3022 2750 3069 et
2781 3016 3054 3071 veraciter
3081 3013 3411 3069 remandare
3451 3014 3715 3083 procurem,
3746 3008 3782 3056 ιιι

598 3096 708 3167 tice
728 3098 795 3168 ad
823 3098 943 3159 illos
971 3099 1062 3169 qui
1097 3100 1337 3170 indigent
1368 3104 1657 3173 praeparati
1681 3115 1990 3161 occurrant.
2035 3105 2104 3176 Et
2129 3107 2175 3163 si
2205 3114 2250 3176 (ζ
2281 3120 2382 3162 nos
2411 3105 2515 3171 illis
2534 3105 2916 3165 remandemus
2940 3105 3178 3174 qualiter
3201 3104 3330 3171 inde
3365 3117 3525 3178 agere
3548 3099 3743 3155 debeant

598 3185 679 3256 illi
707 3188 813 3249 duo
864 3188 1127 3244 missatici
1172 3191 1239 3253 ad
1262 3192 1366 3253 hoc
1394 3207 1501 3257 non
1532 3191 1864 3261 suﬁ‘ecerint,
1918 3196 2076 3253 nobis
2110 3198 2179 3254 ad

598 3287 815 3350 tempus
840 3280 944 3342 hoc
988 3284 1266 3349 mandent,
1321 3284 1555 3353 qualiter
1580 3292 1671 3342 aut
1691 3299 1789 3355 per
1817 3302 1937 3353 nos,
1967 3297 2062 3343 aut
2082 3302 2180 3359 per

598 3368 768 3430 ﬁlium
795 3382 1056 3443 nostrum,
1087 3376 1334 3447 aut.sicut
1362 3377 1673 3444 viderimus,
1701 3380 1784 3435 eis
1812 3382 2178 3438 necessarium

601 3463 855 3533 solatium
908 3469 1360 3549 transmittamus,
1415 3479 1681 3541 quatenus
1716 3472 1767 3526 in
1798 3487 1964 3543 regno
1992 3481 2180 3531 nostro

600 3554 778 3612 nullus
812 3567 998 3623 noster
1025 3560 1254 3629 inﬁdelis
1295 3562 1379 3631 vel
1410 3564 1714 3633 contrarius
1745 3562 1922 3631 locum
1953 3565 2182 3631 nocendi

598 3645 815 3723 habeat.

675 3740 762 3794 14.
804 3741 875 3799 Ut
894 3744 1044 3815 quia,
1068 3753 1209 3802 sicut
1234 3746 1560 3813 audivimus,
1589 3748 1809 3821 quidam
1843 3750 1895 3805 in
1924 3749 2178 3809 domibus

602 3832 716 3905 suis
741 3835 980 3905 resident
1002 3837 1256 3909 quamdiu
1277 3852 1469 3909 pacem
1489 3840 1689 3895 habere
1714 3850 1959 3907 possunt,
1982 3851 2179 3896 etcum

2356 3194 2444 3259 16-
2488 3194 2557 3267 Ut
2581 3197 2818 3263 ministri
2864 3197 3126 3253 comitttm
3163 3196 3217 3252 in
3262 3186 3782 3268 unoquoquecomitatu

2285 3284 2595 3354 dispensam
2646 3287 2934 3342 missorum
2982 3294 3314 3351 nostrorum,
3366 3300 3401 3339 a
3447 3280 3785 3354 quibuscumque

2284 3374 2403 3431 dari
2433 3362 2611 3444 debet,
2644 3377 2931 3447 recipiant,
2958 3377 3102 3432 sicut
3142 3376 3198 3432 in
3236 3375 3498 3433 tractoria
3531 3375 3784 3433 nostraeno-

2285 3469 2518 3530 tinetur;
2568 3477 2624 3523 et
2668 3468 2767 3539 ipsi
2818 3467 3264 3525 ministerialibus
3306 3467 3590 3523 missorum
3632 3464 3782 3518 nostro-

2285 3575 2405 3614 rum
2448 3560 2540 3617 “!°
2578 3575 2698 3615 eam
2748 3561 2995 3615 reddant.
3053 3559 3203 3627 Missi
3252 3566 3442 3614 autem
3488 3550 3637 3610 nostri
3661 3544 3783 3618 ριόῖῖε

2286 3651 2470 3723 deant,
2494 3666 2564 3707 ne
2597 3667 2699 3723 pro
2729 3652 2831 3707 hac
2855 3652 3141 3707 occasione
3172 3650 3298 3706 inde
3343 3644 3571 3703 ministri
3597 3639 3781 3697 comitum

2285 3742 2538 3813 amplius,
2576 3743 2680 3803 nisi
2710 3753 2973 3819 quantum
3016 3743 3071 3807 in
3103 3742 3365 3807 tracmria
3393 3746 3574 3797 nostra
3609 3727 3783 3790 contine:

2286 3842 2394 3899 tur,
2428 3833 2553 3889 inde
2577 3833 2800 3907 exigant
2834 3834 2947 3890 ⁸³⁸⁸.

1141 4011 1516 4089 IILOTHARII
1553 4013 1597 4079 Il
1633 4012 2167 4081 SACRAMENTUM.
2194 4012 2286 4077 DE
2325 4012 2790 4084 THEOTBERGA
2826 4011 3263 4085 BECIPIENDA.

1907 4197 2029 4280 (An.
2065 4195 2189 4253 865.
2228 4196 2367 4270 Aug.
2403 4197 2484 4270 5.)

668 4375 1081 4452 Sacramentum
1109 4378 1451 4452 a_rluodecim
1482 4378 1875 4452 hominibus_ex
1904 4389 2057 4452 parte
2078 4379 2693 4452 Hlotharii__przestitum,
2716 4380 2973 4444 servatur.
2993 4381 3054 4441 in
3077 4378 3378 4452 Annalibus
3425 4370 3675 4452 ilincmari
3698 4364 3777 4421 Ηοσ

600 4462 750 4505 num.
775 4447 959 4512 Germ.
992 4447 1090 4504 SS.
1124 4448 1279 4506 Tom.
1311 4450 1354 4519 ι,
1390 4467 1447 4532 p.
1477 4449 1600 4518 468,,
1625 4450 1750 4519 469,
1775 4447 2099 4527 Ratr'ologia:
2120 4448 2266 4519 tom.
2293 4447 2454 4519 CXV,
2478 4452 2620 4507 unde
2644 4452 2775 4523 illud
2798 4452 2887 4507 hic
2917 4450 3266 4521 repetendum
3292 4448 3611 4504 censuimus.

677 4624 875 4691 Jurans
902 4625 1159 4698 promitto
1186 4640 1285 4699 ego
1312 4626 1436 4685 talis
1461 4638 1560 4698 per
1585 4626 1701 4683 haec
1723 4636 1960 4698 quatuor
1988 4635 2181 4684 sancta

598 4712 801 4769 Christi
831 4715 1134 4793 evangelia,
1174 4733 1294 4789 qua:
1342 4718 1592 4773 manibus
1622 4717 1755 4772 meis
1785 4725 1968 4789 tango,
2015 4724 2211 4788 atque”

606 4804 739 4866 istas
760 4816 1072 4865 sanctorum
1103 4808 1377 4880 reliquias,
1405 4809 1528 4880 quia
1557 4808 1739 4867 senior
1772 4823 1924 4864 meus
1953 4809 2178 4864 lllotha-

595 4897 721 4955 rius
741 4911 856 4966 rex,
888 4898 1029 4954 ﬁlius
1056 4900 1328 4971 quondam
1356 4899 1460 4970 piae
1487 4898 1882 4955 recordationis
1906 4897 2175 4953 Hlotharii

607 4991 938 5048 serenissimi
965 4992 1329 5064 imperatoris,
1363 4989 1559 5046 amodo
1589 4998 1645 5044 et
1668 4989 1924 5061 deinceps
1947 4987 2182 5059 accipiet

2284 4632 2341 4681 et
2367 4640 2487 4688 eam
2515 4624 2594 4682 sic
2637 4623 2861 4680 habebit
2907 4623 2961 4678 in
3005 4623 3281 4688 omnibus,
3302 4621 3464 4680 'sicut
3488 4619 3630 4676 decet
3658 4619 3787 4705 regis!

2284 4717 2487 4780 habere
2525 4716 2768 4787 reginam
2802 4729 3050 4770 uxorem.
3083 4715 3150 4769 Et
3188 4722 3411 4784 propter
3439 4710 3548 4780 jam
3576 4706 3693 4760 {atas
3713 4699 3789 4749 dir

2284 4807 2565 4863 scnsiones
2587 4821 2762 4876 neque
2789 4807 2843 4861 in
2865 4807 2996 4871 vita,
3028 4821 3202 4875 neque
3232 4806 3285 4860 in
3330 4800 3600 4863 membris,
3620 4801 3753 4861 ιιαιιιε
3770 4796 3790 4835 ι

2283 4896 2542 4967 Ρνξλθάἱοιο
2590 4897 2825 4967 seniore,
2847 4911 2968 4951 meo
2992 4894 3292 4958 Hlothario,
3326 4905 3500 4961 neque
3530 4902 3559 4941 a
3588 4876 3792 4938 nullo'bo-

2283 4984 2490 5055 minum
2514 4986 2630 5057 ipso
2659 4986 2949 5056 instigante
2979 4994 3072 5039 aut
3094 4983 3389 5039 auxiliante
3434 4975 3794 5086 veletiamtco:
