3960 6320
119 429 214 486 7ξὸ

1131 414 1561 475 ιιήΑΝυοιιυΜ
1599 410 1841 471 REGUM
1876 406 2218 469 CAPITULA
2229 407 2360 465 ΜΔ.

3234 399 3371 455 ητεσ

116 542 205 605 bit,
230 540 372 594 sicut
416 528 597 603 regem
651 535 805 591 decet
854 532 1058 588 habere
1084 542 1311 586 uxorem
1349 526 1687 599 legitimam:
1714 528 1761 587 Α
1788 523 1965 594 etrqul
2002 514 2384 584 interfuerunt,
2406 518 2540 573 .htec
2564 522 2730 572 sunt:
2760 511 3064 568 llardnieus
3092 509 3365 580 archiepis

114 648 172 689 ea
201 640 384 687 tamen
412 631 645 694 ratione,
669 637 729 681 ut
763 624 855 681 sic
890 638 957 681 se
980 623 1174 678 amodo
1227 619 1517 683 custodiat,
1548 616 1689 671 sicut

114 723 267 777 decet
292 733 517 775 uxorem
540 732 640 773 suo
661 716 863 773 seniori
912 713 966 768 in
1006 710 1257 767 omnibus
1279 708 1573 764 observare
1590 705 1689 760 bo-

112 827 318 869 norem.
348 809 475 866 llaec
509 816 637 864 sunt
687 805 905 862 nomina
955 818 1142 860 eorum
1194 799 1288 872 qui
1329 799 1433 854 hoc
1471 796 1688 865 jurave-

112 914 235 960 runt
281 902 404 958 :De
462 900 747 957 comitibus
798 896 962 962 Milo,
1014 893 1349 957 Ratharius,
1403 886 1686 952 Erlandus,

111 997 472 1054 Theutmarus
495 1034 510 1060 ,
554 990 992 1056 Weremboldus,
1046 985 1301 1044 Recolqu
1346 998 1548 1041 comes.
1606 981 1688 1037 De

108 1086 703 1150 vassalisErleboldus,
741 1081 1043 1147 Vult‘ridus,
1074 1078 1341 1143 Eidull'us,
1401 1076 1688 1132 Bertmun-

107 1183 227 1249 dus,
285 1179 600 1239 Nithardus.
634 1178 923 1232 Arnostus.
974 1173 1088 1229 Hoc
1126 1167 1370 1244 jurath
1412 1177 1497 1223 est
1526 1180 1689 1237 super

107 1281 341 1342 quatuor
378 1270 471 1325 Dei
503 1267 779 1338 evangelia
810 1266 973 1338 atque
1002 1263 1453 1335 pretiosissimum
1484 1260 1688 1330 lignum

106 1374 306 1428 sancte
336 1363 627 1418 Dominicze
644 1360 821 1416 crucis
844 1368 899 1415 et
921 1358 1053 1413 alias
1068 1364 1377 1413 sanctorum
1404 1352 1689 1421 reliquias,

107 1456 156 1508 in
201 1454 325 1508 loco
375 1453 466 1523 qui
513 1452 714 1507 dicitur
766 1450 1114 1514 Vindonissa,
1161 1448 1249 1503 die
1293 1446 1451 1502 tertia
1488 1444 1691 1498 mensis

104 1541 358 1614 Augusti,
388 1540 682 1596 indictione
712 1540 798 1595 l3.
856 1538 968 1594 [ioc
1006 1539 1206 1593 factum
1238 1544 1323 1592 est
1356 1532 1691 1604 temporibus

105 1632 284 1688 domni
316 1641 399 1686 ter
422 1630 723 1687 beatissimi
743 1640 798 1685 et
827 1628 1122 1701 coangelici
1151 1624 1357 1681 Nicolai
1387 1620 1688 1694 apostolici,

102 1724 374 1780 mediante
424 1732 481 1779 et
518 1723 891 1780 'coustituente
940 1720 1171 1777 Arsenio
1219 1713 1514 1774 venerabili
1572 1712 1690 1783 epi-

103 1831 287 1885 seopo,
339 1815 505 1871 misso
562 1820 617 1870 et
670 1813 1025 1886 apocrisiario
1064 1826 1291 1867 summie
1338 1814 1540 1865 sanetae
1597 1819 1692 1861 ca-

1790 629 1987 686 seopus
2048 609 2512 671 Besintionensis,
2581 604 2874 662 Remedins
2927 602 3365 672 archiepiscopus

1789 704 2194 771 Laudunensis,
2216 703 2333 758 Ade
2367 698 2806 769 archiepiscopus
2843 694 3181 756 Biennensis,
3220 690 3369 744 [lod-

1789 799 1980 854 landus
2001 796 2331 865 archiepiscc
2342 807 2441 863 pus
2462 788 2811 851 Arelatensis,
2833 785 3134 841 Adventius
3154 781 3366 851 episco-

1788 905 1906 962 pus,
1935 887 2234 952 Mettensis,
2280 884 2405 939 Atto
2424 881 2709 952 cpiscopus
2735 875 3120 939 Barduneusis.
3152 874 3365 929 Franco

1787 982 2074 1054 episcopus
2133 977 2307 1034 sancti
2361 971 2652 1030 Landberti
2677 1009 2694 1037 ,
2756 966 3020 1025 ltataldus
3077 964 3373 1035 episcopus

1791 1069 2246 1142 Stratiburgensis
2272 1110 2287 1135 ,
2342 1065 2625 1123 Fulcricus
2675 1060 2987 1132 capellanus
3045 1064 3100 1115 et
3166 1054 3369 1110 missus

1791 1163 2107 1237 imperialis.
2145 1163 2221 1218 De
2264 1174 2431 1229 regno
2484 1165 2665 1211 autem
2692 1152 2876 1208 Karoli
2906 1150 3061 1205 Isaae
3083 1147 3370 1217 episcopus

1790 1233 2190 1326 Linguinensis,
2250 1249 2558 1306 Erkanraus
2601 1244 2885 1314 episcopus
2934 1233 3366 1299 Catalaunensis,

1788 1351 1857 1407 de
1880 1364 2106 1421 quorum
2155 1344 2405 1401 manibus
2444 1340 2509 1397 e'x
2536 1347 2691 1409 parte
2741 1333 2921 1392 Karoli
2950 1331 3091 1402 regis
3117 1334 3368 1397 suscepta

1791 1451 1876 1500 est
1897 1419 2264 1509 i'l‘beodberga
2312 1434 2495 1508 regina
2539 1433 2608 1487 ab
2633 1428 2882 1492 Arsenio,
2925 1420 3223 1479 venerabili
3251 1419 3372 1509 epi-

1792 1549 1956 1603 scopo
1980 1541 2037 1588 et
2072 1508 2250 1601 legato
2278 1525 2587 1598 apostolica:
2610 1520 2774 1582 sedis,
2803 1532 2908 1573 una
2934 1530 3056 1572 cum
3074 1508 3372 1582 prtenomi-

1792 1626 1938 1682 natis
1971 1618 2392 1692 archiepiscopis
2429 1626 2488 1672 et
2523 1611 2825 1685 episcopis;
2856 1604 3197 1663 adstantibus
3239 1613 3371 1655 vero

1793 1720 1847 1775 in
1874 1717 2062 1774 eodem
2100 1714 2220 1769 loco
2245 1712 2311 1767 de
2339 1709 2567 1767 diversis
2592 1705 2772 1775 regnis
2796 1698 3067 1755 nobilibus
3093 1692 3227 1749 viris
3247 1703 3372 1745 cum

1795 1807 2140 1867 multitudine
2157 1802 2337 1875 p0puli
2366 1799 2577 1872 publice
2598 1797 2712 1853 haec
2738 1790 3049 1849 videntibus
3067 1792 3124 1843 et
3149 1781 3372 1875 audien-
3444 1820 3453 1829 .

104 1906 316 1962 tholica:
339 1914 501 1977 atque
528 1904 839 1977 apostolicae
867 1902 1034 1969 sedis,
1066 1899 1412 1975 apostolicam
1452 1897 1686 1953 habente
1720 1875 1761 1935 Β
1792 1902 1956 1967 ﬁlms,
1992 1868 2475 1968 quorum-nomina
2510 1902 2606 1958 per
2628 1882 2812 1941 omnia
2834 1895 2941 1937 non
2960 1868 3372 1934 valuimushuic.

104 2000 478 2055 auctoritatem
508 2007 565 2054 et
608 1998 785 2069 legato
820 1996 1060 2067 ejusdem
1095 1992 1280 2050 damni
1309 1990 1515 2047 Nicolai
1550 2003 1683 2059 apo-

106 2092 296 2152 stolici.
343 2091 571 2148 Nomina
616 2091 993 2163 episcoporum
1042 2089 1098 2145 in
1127 2098 1357 2159 quorum
1390 2079 1683 2155 praesentia

1792 1992 1993 2051 inferre
2013 1988 2243 2062 paginae.

241 2264 641 2329 HLUDOWIC!
674 2266 717 2326 ll
740 2230 1208 2324 lMPERATOfilS
1244 2256 1703 2321 CONSTI'I‘UTlO
1734 2256 1829 2313 DE
1866 2248 2214 2310 EXERCITU
2253 2238 2722 2305 BENEVENTUM
2758 2231 3250 2301 PROMOVENQO;
3420 2256 3423 2263 ς

630 2378 633 2381 ,
1634 2409 1688 2484 (Α

1800 2406 1950 2478 sos.)
2018 2376 2021 2379 ’
2828 2372 2847 2377 γ’

175 2581 393 2639 Editam
433 2594 463 2634 a
485 2576 713 2635 Camillo
741 2574 1060 2647 Peregrinio
1086 2572 1408 2647 inrliistoria

109 2651 407 2714 Casinensi,
438 2665 540 2719 ope
569 2647 807 2719 ejusdem
835 2644 1037 2719 codicis
1063 2663 1119 2719 _n.
1145 2644 1513 2719 555_membr_.
1540 2654 1665 2719 sae:

1469 2562 1736 2639 rincipum
1764 2563 2243 2639 Langobardorum
2276 2558 2477 2639 10"].13
2513 2572 2566 2628 p.
2597 2553 2666 2611 99
2687 2553 2819 2639 μᾳι.
2856 2567 2939 2639 ex
2978 2548 3184 2639 codice
3215 2546 3375 2639 unico

1704 2617 2239 2702 ifi‘iéihihnobis
2267 2630 2467 2687 evoluti
2506 2617 2928 2683 émendatiorem
2972 2621 3235 2677 sistimus.
3282 2617 3372 2673 Di-

111 2706 454 2780 adactionem
475 2706 803 2790 'capi'tuui'in
834 2718 1021 2773 codice
1062 2716 1204 2771 haud
1225 2714 1440 2771 obviam
1472 2710 1727 2768 Balnzius
1756 2706 2073 2790 introduxit.

108 2901 424 2957 Constitutio
451 2898 792 2970 promotionis
837 2896 1095 2970 exercitus
1124 2890 1495 2970 observationis
1529 2879 1763 2958 ραι·ιὶοο
1794 2903 1925 2961 ergo
1973 2886 2176 2944 nullum
2232 2876 2428 2942 laicum
2470 2883 2796 2953 relinquant.
2843 2876 3179 2946 Quicumque
3228 2869 3373 2927 enim

219 2972 318 3027 bus
355 2962 657 3037 Beneventi,
689 2970 782 3024 sub
808 2968 1094 3024 indictione
1120 2966 1304 3036 quinta
1337 2962 1561 3017 decima.

177 3084 230 3139 l.
274 3082 614 3154 Quicumque
658 3082 725 3138 de
751 3080 1040 3137 mobilibus
1091 3075 1363 3149 widrigild
1396 3089 1553 3132 suum
1590 3073 1690 3129 ha-

106 3175 236 3230 bere
293 3181 513 3245 potest,
567 3181 760 3243 pergat
799 3170 854 3227 in
909 3172 1084 3226 hoste.
1125 3167 1228 3237 Qui
1278 3180 1409 3222 vero
1458 3163 1691 3219 medium

104 3264 374 3336 widrigild
429 3262 619 3328 habet,
686 3262 822 3317 duos
864 3258 1041 3330 juncti
1087 3258 1142 3315 in
1169 3271 1337 3313 unum
1377 3254 1692 3325 qualitatem

106 3356 401 3421 instruant,
434 3365 497 3411 ut
529 3356 667 3411 bene
710 3354 790 3410 ire
835 3352 1062 3424 possint.
1112 3351 1383 3419 Pauperes
1404 3361 1533 3402 vero
1573 3360 1694 3416 per-

103 3463 251 3503 sonae
280 3449 348 3503 ad
383 3447 685 3504 custodiam
732 3446 1059 3500 maritimam
1083 3442 1167 3497 vel
1194 3442 1383 3513 patria:
1423 3448 1689 3509 pergant;

104 3541 183 3595 ita
225 3539 496 3604 videlicet,
538 3539 715 3611 utqui
745 3538 863 3609 plus
887 3552 1051 3609 quam
1087 3538 1273 3597 decem
1302 3534 1500 3590 solidos
1532 3531 1694 3586 habet

104 3632 174 3688 de
223 3630 538 3697 mobilibus,
584 3631 651 3687 ad
690 3631 919 3686 eandem
957 3628 1256 3686 custodiam
1304 3624 1524 3679 vadant.
1588 3622 1695 3689 Qui

102 3736 234 3779 vero
262 3737 372 3778 non
403 3721 524 3794 plus
569 3737 730 3793 quam
770 3722 958 3791 decem
1003 3716 1395 3777 solidoshabet
1422 3716 1488 3771 de
1515 3714 1691 3770 mobi-

106 3813 265 3879 libus,
298 3813 445 3869 nilei
473 3813 801 3884 requiratur.
827 3812 883 3868 Si
913 3821 1069 3883 pater
1088 3825 1304 3882 quoque
1326 3824 1490 3863 unum
1524 3807 1691 3862 lilium

105 3903 375 3971 habuerit,
414 3910 471 3958 et
502 3903 615 3974 ipse
643 3901 787 3960 ﬁlius
833 3902 1017 3958 utilior
1042 3910 1199 3972 patre
1225 3908 1337 3964 est,
1392 3898 1690 3954 instructus

104 4012 136 4052 a
184 4003 347 4068 patre
395 4003 607 4067 pergat.
680 3992 815 4049 Nam
862 3993 907 4048 si
953 4003 1110 4063 pater
1179 3990 1366 4046 utilior
1408 3997 1512 4056 est,
1578 3987 1693 4057 ipse

102 4098 314 4162 pergat.
359 4088 419 4146 Si
467 4106 598 4146 vero
639 4090 772 4145 duos
821 4088 961 4146 tilios
1002 4088 1290 4154 habuerit,
1362 4086 1692 4156 quicumque

102 4193 167 4236 ex
208 4180 295 4237 eis
354 4181 542 4238 utilior
584 4180 776 4247 fuerit,
856 4180 970 4251 ipse
1015 4188 1242 4252 pergat;
1320 4177 1458 4233 alius
1506 4184 1687 4231 autem

1794 2987 1983 3035 contra
2030 2980 2169 3034 hanc
2195 2976 2586 3033 institutionem
2626 2983 2912 3029 remanere
2940 2962 3369 3038 praesumpserit,

1793 3070 2071 3141 proprium
2106 3067 2227 3138 ejus
2266 3084 2297 3125 a
2328 3066 2543 3132 missis,
2561 3064 2705 3136 quod
2727 3061 2818 3093 “5'
2846 3060 3033 3117 subter
3058 3056 3369 3114 ordinatum

1792 3164 2086 3228 habemus,
2134 3158 2530 3233 praesentaliter
2559 3156 2626 3211 ad
2654 3160 2900 3211 nostrum
2946 3164 3083 3221 opus
3133 3146 3376 3218 recipere

1787 3257 2071 3327 jussimus,
2094 3264 2149 3309 et
2182 3254 2330 3309 illum
2360 3248 2507 3307 foras
2528 3247 2746 3317 ejicere.
3240 3304 3243 3307 λ

1862 3349 1918 3404 2.
1958 3348 2221 3405 Omnibus
2263 3344 2408 3401 enim
2437 3352 2622 3399 notum
2652 3353 2774 3396 esse
2803 3337 3071 3403 volumus,
3099 3333 3225 3405 quia
3257 3331 3372 3403 jam

1794 3460 1824 3499 a
1852 3442 2124 3513 prioribus
2155 3439 2358 3495 nostris
2392 3434 2548 3506 juxta
2594 3433 2736 3489 hanc
2783 3428 3179 3491 institutionem
3226 3423 3376 3489 tunc

1793 3536 2033 3595 fuerunt,
2083 3533 2176 3587 scd
2224 3545 2321 3598 pro
2374 3522 2746 3581 misericordia
2794 3531 3120 3588 recuperare
3164 3527 3378 3568 merue-

1793 3635 1939 3679 runt.
1992 3620 2145 3677 Nune
2182 3628 2362 3674 autem
2396 3614 2698 3672 certissime
2730 3609 2944 3673 scitote,
2992 3603 3381 3673 cujuscumque

1792 3714 2097 3787 proprietas
2149 3711 2285 3766 tulta
2336 3706 2519 3772 fuerit,
2568 3705 2660 3757 vix
2704 3718 2734 3756 a
2780 3700 2936 3757 nobis
2976 3693 3380 3767 promerebitur

1793 3804 2221 3875 recuperatione.

1860 3874 1937 3953 5.7
1958 3896 2002 3952 A
2024 3894 2186 3951 ﬂuvio
2212 3892 2360 3947 Pado
2389 3903 2560 3960 usque
2587 3884 2785 3942 Trebia
2830 3882 2903 3939 sit
2945 3880 3141 3936 missus
3184 3874 3374 3943 lotsel-

1792 4006 1933 4047 mus.
1982 3989 2125 4043 inter
2150 3986 2355 4043 Padum
2403 3992 2459 4038 et
2488 3980 2737 4037 Ticinum
2763 3974 3020 4032 Eriull‘us.
3058 3973 3208 4030 Inter
3235 3968 3375 4025 Tici-
3424 4018 3429 4023 .

1790 4096 1920 4139 num
1976 4091 2032 4136 et
2074 4078 2226 4135 Adda
2273 4075 2643 4131 Erembertus.
2709 4070 2854 4126 Inter
2893 4068 3044 4123 Adda
3081 4072 3136 4122 et
3163 4062 3371 4121 Addita

1790 4176 2183 4234 Landebertus.
2213 4170 2295 4226 Ab
2326 4169 2526 4224 Addiza
2555 4179 2727 4237 usque
2753 4164 2951 4220 Forum
3000 4157 3125 4215 Julii
3151 4155 3383 4214 Τθοᾱυιο

100 4284 223 4325 cum
251 4278 408 4342 patre
451 4281 747 4326 remaneat.
773 4248 926 4338 Quod
956 4268 1000 4325 si
1015 4248 1210 4339 plures
1238 4268 1374 4323 ﬁlios
1413 4266 1687 4333 habuerit,
1719 4248 1768 4309 Ι)
1795 4269 1915 4324 dus.
1946 4268 2140 4322 Petrus
2189 4271 2244 4319 et
2272 4260 2585 4317 Arthemius
2630 4255 2900 4329 episcopi,
2944 4251 3148 4323 junctis
3196 4263 3385 4305 secum

98 4363 347 4418 utiliores
400 4375 590 4418 omnes
642 4372 909 4434 pergant;
971 4370 1177 4417 tantum
1210 4377 1351 4415 unus
1386 4368 1686 4425 remaneat,

97 4454 189 4523 qui
239 4453 485 4509 inutilior
534 4448 715 4523 fuerit.
777 4453 849 4509 De
889 4452 1149 4507 fratribus
1204 4449 1469 4514 indivisis,
1532 4449 1688 4519 juxta

96 4542 459 4614 capitularem
494 4543 696 4601 domini
745 4551 798 4597 et
844 4542 1106 4615 genitoris
1135 4541 1303 4596 nostri
1330 4540 1600 4604 volumus,
1631 4545 1691 4593 ut

95 4634 139 4687 si
170 4635 312 4690 duos
350 4633 575 4702 fuerint,
605 4633 763 4689 ambo
793 4641 1040 4705 pergant.
1074 4630 1130 4687 Si
1159 4640 1268 4687 tres
1295 4631 1514 4694 fuerint,
1548 4644 1690 4684 unus

95 4730 189 4799 qui
220 4728 470 4785 inutilior
502 4728 847 4800 apparuerit,
879 4736 1195 4794 remaneat;
1234 4727 1399 4784 ceteri
1440 4735 1687 4797 pergant.

94 4820 152 4878 Si
188 4836 412 4893 quoque
445 4821 627 4892 plures
648 4836 839 4877 omnes
878 4820 1121 4876 utiliores
1164 4820 1535 4891 apparuerint,
1568 4835 1692 4888 per-

92 4921 226 4983 gant
257 4929 273 4979 ;
326 4928 467 4969 unus
505 4911 744 4968 inutilior
786 4922 1083 4967 remaneat.
1118 4912 1191 4967 De
1239 4927 1342 4982 qua
1378 4910 1691 4965 condicione

89 5003 371 5070 volumus,
421 5012 480 5058 ut
510 5014 696 5074 neque
728 5018 822 5074 per
871 5011 1221 5074 praeceptum,
1272 5019 1445 5072 neque
1470 5020 1567 5075 per
1594 5002 1690 5057 ad-

87 5091 461 5159 vocationem,
494 5102 586 5148 aut
612 5108 1009 5166 quamcumque
1030 5095 1368 5149 occasionem
1394 5102 1688 5149 excusatus

87 5186 180 5251 sit,
238 5191 335 5240 aut
393 5199 577 5240 comes
634 5193 727 5240 aut
774 5184 1050 5254 gastaldus
1080 5183 1161 5238 vel
1220 5184 1450 5239 ministri
1501 5198 1689 5238 eorum

87 5276 269 5330 ullum
323 5284 640 5331 excusatum
701 5276 978 5340 habeant;
1019 5285 1216 5345 praeter
1247 5275 1387 5345 quod
1424 5290 1605 5330 comes
1634 5260 1689 5328 in

87 5378 430 5436 unoquoque
484 5364 744 5419 comitatu
796 5380 958 5418 unum
1012 5364 1283 5434 relinquat
1317 5363 1409 5433 qui
1440 5363 1686 5418 euunlem

82 5458 279 5512 locum
329 5456 619 5522 custodiat,
656 5466 711 5511 et
739 5456 874 5511 duos
902 5472 1023 5511 Clllll
1055 5471 1224 5513 uxore
1270 5472 1386 5511 sua.
1438 5455 1688 5526 Episcopi

1792 4361 1974 4417 missis
1999 4359 2373 4429 episcoporum
2398 4352 2747 4422 etcomitum,
2777 4349 2923 4411 Piso,
2951 4346 3125 4409 Luca;
3148 4340 3379 4398 Pistoris

1791 4462 1846 4510 et
1876 4451 2042 4507 Lunis
2070 4447 2474 4511 Teutmundus;
2505 4443 2800 4506 Florentia,
2831 4438 3078 4496 Volterra
3122 4445 3178 4491 et
3206 4433 3379 4489 Aritio

1791 4541 2148 4604 leselmus;
2197 4538 2380 4594 Clusio
2424 4544 2479 4590 et
2505 4535 2647 4590 Sena
2677 4533 2941 4588 Andreas.
2993 4530 3050 4585 ln
3081 4527 3385 4583 ministerio

1792 4634 2050 4700 Witouis,
2080 4633 2295 4687 llimmo
2338 4640 2392 4686 et
2416 4629 2652 4685 Joannes
2702 4625 2988 4694 episcopus
3023 4622 3089 4677 (le
3115 4620 3379 4675 Forcona.

1796 4728 1854 4782 In
1896 4725 2197 4781 ministerio
2241 4721 2559 4792 Verengari,
2627 4714 3007 4772 liiselmundus
3073 4709 3380 4781 episcopus.

1793 4819 1851 4876 In
1884 4820 2062 4874 littore
2096 4816 2302 4881 Italico,
2332 4811 2688 4873 Ermelridus,
2714 4808 2953 4873 Macedo,
2981 4804 3381 4862 etVull'ericus.

1865 4914 1921 4967 4.
1965 4910 2027 4966 Hi
2056 4910 2303 4965 volumus
2330 4917 2389 4963 ut
2416 4904 2671 4979 populum
2708 4902 2947 4972 cjiciarit,
2995 4906 3052 4956 et
3076 4896 3383 4954 custodiam

1797 5002 2151 5076 przevideaut,
2179 5012 2234 5056 ct
2258 4998 2513 5069 populum
2558 4995 2608 5049 in
2633 4993 2855 5050 castella
2887 4991 3128 5047 residere
3157 4988 3382 5048 faciant,

1796 5095 1960 5149 etiam
2000 5100 2055 5146 et
2098 5082 2222 5145 cum
2269 5103 2419 5159 pace.
2470 5083 2606 5141 Nam
2654 5084 2698 5139 si
2738 5083 2936 5139 missus
2980 5079 3176 5151 aliquis
3216 5088 3383 5130 ausus

1798 5185 1962 5240 fuerit
2010 5182 2447 5255 prsetermittcrc.
2497 5178 2627 5250 quin
2672 5177 2946 5233 ominibus
2974 5173 3066 5207 ³³⁵⁸
3104 5167 3256 5255 (155)
3297 5179 3385 5221 re-

1795 5254 2121 5340 manserint,
2154 5272 2548 5345 pracsentaliter
2598 5266 2871 5340 proprium
2921 5254 3133 5327 tollant,
3175 5265 3231 5313 et
3254 5269 3378 5313 eum

1796 5364 1930 5421 foris
1989 5364 2229 5437 cjiciant.
2279 5363 2346 5418 Et
2395 5361 2441 5418 si
2499 5361 2753 5417 inventus
2794 5354 2959 5412 fuerit
3017 5347 3378 5423 ipsemissus,
3420 5352 3429 5367 “

1794 5457 2071 5529 proprium
2103 5473 2258 5514 suum
2292 5456 2503 5528 perdat.
2554 5453 2619 5508 Et
2648 5451 2691 5508 si
2721 5463 2905 5507 comes
2948 5445 3179 5516 aliquem
3223 5452 3389 5494 excu-

1420 5572 1652 5630 νΑιιιΑῖ
1690 5575 2090 5633 LECTIONES.

163 5693 263 5724 ’³⁸⁰
296 5695 407 5764 lege
429 5697 723 5753 secundum
749 5701 888 5769 quod
922 5714 970 5755 c.
996 5716 1048 5758 ο.
1075 5701 1129 5756 h.
1208 5701 1297 5735 ¹¹⁸¹
1325 5700 1397 5754 ita
1424 5676 1627 5755 correxi
1651 5700 1743 5767 qui
1773 5698 2098 5753 nominibus.

1569 5785 1801 5843 NOTAE.

147 5872 327 5947 ,(155)
366 5876 405 5932 i.
438 5892 487 5934 e.
519 5876 790 5934 homines.
