3960 6320
201 399 288 459 729

1186 398 1613 456 FRANCORUM
1656 399 1895 456 REGUM
1933 398 2419 456 CAPITULARIA.

3326 347 3431 456 πςό

198 531 326 581 rere,
368 515 511 571 slcut
554 513 738 570 ﬁdeles
787 514 930 571 illius
972 525 1336 587 agnoscuntur
1368 517 1570 572 dolere.
1619 516 1750 573 Pro—
1777 529 1824 587 Α
1926 517 2131 572 Oratio.
2171 517 2395 572 Domine
2421 522 2628 580 sancte,
2659 522 2814 584 pater
2840 515 3201 584 omnipotens,
3231 521 3436 569 aeterne

192 618 359 678 pterea
389 605 525 675 petit
566 607 996 662 benedictionem
1038 610 1392 678 episcopalem
1440 625 1601 678 super
1628 625 1760 664 uxo-

1860 607 2022 670 Deus,
2061 607 2152 676 qui
2204 611 2470 676 potestate
2512 603 2727 657 virtutis
2777 611 2880 657 tuae
2918 603 2984 658 de
3034 602 3203 656 nihilo
3243 612 3435 656 cuncta

189 713 292 751 rem
319 711 472 750 suam
503 697 719 762 venire;
754 707 812 752 ut
845 698 1008 752 talem
1055 698 1295 753 sobolem
1323 700 1372 754 ei
1405 700 1664 755 Dominus
1693 701 1763 754 de
1857 695 2050 760 fecisti,
2077 704 2132 750 et
2155 695 2428 763 dispositis
2450 691 2814 747 universitatis
2840 691 3098 755 exordiis,
3130 690 3332 746 homini
3365 691 3430 743 ad

185 785 263 848 illa
293 785 545 855 dignetur
573 785 797 850 donare,
821 788 962 841 unde
990 796 1177 842 sancta
1209 787 1460 859 Ecclesia
1481 789 1753 855 solatium,

180 884 225 928 et
249 889 476 944 regnum
502 876 861 930 necessariam
889 877 1278 944 defensionem,
1307 888 1361 931 et
1391 877 1575 933 ﬁdeles
1607 878 1754 934 illius

175 966 530 1020 desiderabile
577 967 927 1035 adjutorium,
957 979 1010 1022 et
1043 971 1144 1026 ista
1175 970 1558 1029 Christianitas
1605 979 1753 1038 opta-

171 1056 328 1110 bilem
359 1057 802 1126 tranquillitatem
833 1068 888 1113 et
919 1060 1088 1129 legem
1111 1070 1273 1130 atque
1309 1061 1595 1130 justitiam,
1625 1063 1749 1115 dum

169 1145 274 1199 illis
302 1160 442 1214 quos
477 1145 656 1202 adhuc
680 1149 866 1210 habet,
897 1160 1172 1204 annuente
1213 1159 1269 1204 et
1293 1161 1618 1219 cooperante
1647 1151 1752 1206 Do—

165 1235 339 1299 mino,
371 1235 545 1304 possit
572 1235 793 1291 habere.
817 1237 882 1291 Et
908 1239 974 1293 de
999 1240 1102 1294 hoc
1138 1240 1191 1294 in
1220 1241 1423 1295 sanctis
1455 1240 1749 1310 Scripturis

163 1325 436 1380 habemus
457 1327 856 1392 auctoritatem,
886 1330 1008 1398 quia
1041 1330 1180 1384 sicut
1201 1331 1459 1385 Dominus
1487 1332 1552 1384 ad
1577 1332 1749 1386 Abra-

161 1414 290 1468 ham
315 1415 492 1481 dixit;
516 1415 585 1469 In
618 1418 813 1471 semine
838 1427 927 1471 tuo
953 1419 1320 1475 benedicentur
1347 1437 1523 1479 omnes
1551 1432 1743 1490 gentes,

157 1506 243 1562 cui
265 1505 384 1574 jam
410 1507 723 1564 centenario
745 1509 812 1564 de
835 1512 1193 1581 nonagenaria
1216 1529 1383 1568 uxore
1407 1512 1553 1568 lsaac
1579 1513 1745 1568 lilium

154 1599 331 1664 dedit,
364 1599 440 1653 ita
478 1609 531 1655 et
565 1601 740 1670 ipsum
769 1601 919 1658 lsaac
963 1619 1184 1658 uxorem
1215 1605 1452 1660 sterilem
1500 1607 1746 1674 accipere

152 1691 315 1758 fecit,
344 1700 407 1746 ut
435 1701 491 1747 et
527 1693 582 1748 in
609 1693 732 1760 hoc,
765 1695 907 1750 sicut
945 1697 999 1750 in
1031 1696 1212 1750 multis
1240 1697 1377 1752 solet
1414 1697 1613 1762 facere,
1646 1698 1747 1752 mi-

152 1781 480 1837 sericordia:
513 1797 624 1838 suae
658 1782 962 1854 largitatem
1008 1785 1336 1840 ostenderet.
1370 1786 1430 1840 Et
1469 1787 1594 1841 inde
1616 1787 1746 1841 dicit

1856 789 2140 858 imaginem
2169 796 2314 840 tuam
2358 787 2500 839 facto
2535 784 2893 853 inseparabile
2941 782 3183 838 mulieris
3226 781 3436 850 adjuto-

1853 877 1994 932 rium
2039 877 2345 943 condidisti,
2379 891 2444 930 ac
2474 875 2707 932 femineo
2732 876 2944 944 corpori
2975 875 3040 928 de
3071 873 3208 933 virili
3239 873 3433 927 dedisti

1851 983 2014 1026 carne
2045 969 2389 1038 principium,
2427 968 2624 1023 docens
2674 968 2800 1037 quia
2836 967 2978 1036 quod
3007 981 3070 1019 ex
3096 979 3205 1018 uno
3229 962 3433 1032 placuit

1852 1058 1945 1112 tibi
1979 1058 2210 1123 institui,
2243 1072 2346 1110 non
2379 1056 2538 1111 liceat
2566 1056 2634 1111 ab
2663 1055 2881 1109 homine
2915 1053 3176 1124 separari,
3222 1051 3431 1120 respice

1849 1147 2115 1217 propitius
2156 1161 2318 1219 super
2358 1146 2496 1200 hanc
2543 1143 2794 1199 famulam
2843 1153 2989 1196 tuam
3033 1140 3266 1195 maritali
3311 1139 3433 1208 jun-

1847 1244 1990 1290 ctam
2019 1236 2312 1299 consortio,
2341 1249 2462 1304 qua:
2501 1243 2588 1288 tua
2619 1249 2676 1288 se
2706 1234 2907 1301 expetit
2935 1233 3274 1302 protectione
3307 1246 3426 1284 mu-

1847 1326 1973 1380 niri.
2022 1325 2104 1380 Sit
2148 1326 2199 1380 in
2225 1341 2288 1379 ea
2321 1325 2509 1395 jugum
2541 1325 2846 1380 dilectionis
2870 1333 2926 1379 et
2951 1325 3119 1394 pacis.
3151 1323 3350 1378 Fidelis
3377 1333 3432 1376 et

1847 1425 1993 1470 casta
2019 1415 2183 1470 nubat
2208 1417 2260 1470 in
2289 1417 2525 1481 Christo,
2555 1416 2920 1484 imitatrixque
2952 1423 3268 1470 sanctarum
3301 1429 3426 1483 per-

1845 1519 2065 1564 maneat
2115 1511 2456 1565 feminarum.
2507 1511 2590 1564 Sit
2636 1511 2881 1566 amabilis
2930 1519 2990 1564 ut
3041 1509 3241 1564 Rachel
3287 1509 3425 1571 viro,

1845 1599 2060 1668 sapiens
2108 1608 2167 1653 ut
2215 1597 2478 1663 Rebecca,
2534 1598 2770 1670 longaeva
2816 1607 2871 1653 et
2919 1597 3091 1653 ﬁdelis
3139 1606 3198 1652 ut
3244 1596 3426 1651 Sarra.

1845 1691 1988 1746 Nihil
2021 1692 2073 1745 in
2111 1706 2174 1745 ea
2213 1706 2278 1745 ex
2315 1690 2524 1744 actibus
2571 1691 2684 1746 suis
2735 1700 2925 1745 auctor
2969 1689 3430 1760 praevaricationis

1844 1791 2087 1850 usurpet.
2117 1779 2264 1834 Nexa
2295 1781 2416 1834 fidei
2464 1782 2730 1836 mandatis
2756 1791 3094 1850 permaneat,
3139 1781 3229 1835 uni
3271 1780 3428 1834 thoro

151 1872 472 1943 Scriptura,
513 1874 636 1943 quia
666 1874 972 1944 deprecatus
1013 1887 1087 1931 est
1130 1876 1286 1931 Isaac
1328 1877 1610 1932 Dominum
1647 1895 1742 1948 pro
1770 1873 2024 1955 Bjuncta
2071 1883 2354 1929 contactus
2413 1874 2647 1928 inlicitos
2700 1874 2889 1943 fugiat.
2945 1875 3150 1929 Muniat
3193 1870 3423 1928 infirmi-

151 1979 326 2019 ποτε
367 1981 488 2030 sua,
531 1981 590 2019 eo
635 1966 774 2034 quod
818 1975 950 2020 esset
997 1966 1223 2032 sterilis,
1264 1976 1320 2022 et
1363 1967 1628 2038 concepit.
1678 1968 1746 2022 Et

153 2068 268 2107 non
323 2054 400 2108 sit
447 2053 598 2110 vobis
639 2055 876 2122 mirum,
934 2070 1032 2111 cur
1082 2066 1242 2112 antea
1289 2057 1391 2112 hoc
1442 2072 1547 2112 non
1597 2055 1742 2113 fecit.

157 2143 323 2211 Quia,
354 2145 493 2200 sicut
537 2160 691 2200 sacra
717 2145 996 2217 Scriptura
1026 2148 1193 2214 dicit,
1221 2148 1276 2202 in
1302 2147 1596 2217 primordio
1622 2162 1746 2204 cou-

159 2238 455 2306 juzzctionis
504 2239 728 2294 masculi
781 2248 836 2294 et
895 2239 1108 2296 feminae
1158 2241 1294 2296 dixit
1358 2241 1616 2297 Dominus
1673 2241 1742 2296 ad

165 2329 334 2384 Evam
360 2349 373 2384 :
403 2330 484 2383 Ad
508 2330 673 2384 virum
697 2340 844 2386 tuum
868 2320 967 2386 erit
997 2335 1263 2387 conversio
1290 2342 1404 2396 tua,
1433 2343 1482 2387 et
1519 2334 1627 2402 ipse
1649 2333 1745 2388 do-

171 2421 451 2474 minabitur
489 2421 584 2476 tui.
615 2422 682 2476 Et
719 2439 842 2478 cum
881 2423 994 2492 jam
1024 2433 1209 2480 essent
1237 2423 1476 2480 moribus
1517 2425 1568 2478 in
1607 2425 1740 2496 legi-

176 2514 301 2567 tima
343 2513 716 2583 conjunctione
751 2517 948 2571 maturi
977 2525 1031 2572 et
1059 2527 1326 2588 provectae
1355 2519 1532 2574 aetatis
1565 2518 1741 2573 Abra-

176 2603 292 2657 ham
328 2615 381 2658 et
425 2605 611 2672 Sarra,
646 2615 720 2675 et,
758 2615 817 2662 ut
861 2617 1082 2664 sanctus
1125 2607 1317 2663 Petrus
1363 2608 1523 2671 dicit,
1577 2607 1741 2663 Sarra

177 2693 432 2749 obediebat
472 2698 714 2762 Abralue,
746 2698 1015 2753 dominum
1057 2715 1173 2752 eum
1208 2715 1420 2765 uocans,
1467 2699 1602 2754 dixit
1629 2699 1740 2754 Do-

177 2783 346 2839 minus
383 2785 450 2840 ad
494 2786 788 2853 Abraham,
828 2790 970 2858 quod
1019 2799 1180 2844 antea
1222 2804 1322 2844 nec
1367 2790 1466 2859 ipsi
1503 2805 1602 2846 nec
1635 2790 1740 2846 alio

177 2873 369 2930 homini
415 2876 642 2948 legimus
685 2879 833 2934 illum
877 2881 1113 2936 dixisse:
1168 2879 1358 2936 Omnia
1395 2898 1512 2953 qua:
1549 2882 1741 2936 dixerit

179 2965 266 3019 tibi
299 2965 481 3033 Sarra,
521 2970 648 3022 audi
679 2987 850 3026 vocem
888 2972 1023 3041 ejus.
1066 2969 1183 3026 Jam
1211 2972 1355 3028 enim
1383 2981 1438 3028 et
1467 2973 1738 3028 Abraham

175 3056 443 3127 presbyter
469 3059 662 3114 merito
685 3061 998 3128 vocabatur,
1019 3070 1072 3117 et
1095 3061 1406 3118 defecerant
1433 3063 1736 3129 muliebria,

178 3145 227 3206 id
255 3154 334 3200 est
373 3149 547 3204 omnis
587 3149 860 3206 lascivitas
900 3150 1108 3218 Sarrae;
1149 3160 1206 3208 et
1242 3160 1368 3208 tunc
1414 3157 1740 3223 acceperunt

1847 1976 2010 2022 latent
2035 1981 2188 2022 suam
2216 1965 2409 2021 robore
2433 1966 2743 2035 disciplina.
2776 1967 2858 2020 Sit
2876 1967 3198 2021 verecundia
3223 1965 3424 2034 gravis,

1843 2057 2050 2128 pudore
2085 2055 2428 2120 venerabilis,
2463 2056 2721 2110 doctrinis
2751 2056 3050 2116 caelestibus
3078 2055 3307 2110 erudita.
3342 2055 3425 2108 Sit

1844 2147 2095 2204 foecunda
2123 2147 2178 2202 in
2216 2146 2313 2202 tibi
2348 2146 2542 2216 placita
2581 2146 2784 2210 sobole,
2821 2147 2891 2202 sit
2921 2147 3144 2216 probata
3182 2154 3234 2200 et
3265 2145 3419 2198 inno-

1843 2253 1988 2294 cens.
2043 2238 2311 2307 Percipiat
2340 2252 2438 2308 per
2475 2237 2616 2291 hanc
2656 2251 2866 2291 sacram
2907 2235 3313 2299 misericordias,
3367 2242 3422 2286 et

1842 2331 2081 2396 lmtitim,
2137 2339 2192 2384 et
2239 2329 2586 2386 exultationis
2635 2329 2735 2384 olei
2785 2330 3092 2388 unctionem
3140 2329 3425 2383 san‘ltatem

1843 2421 2059 2487 mentis,
2093 2420 2517 2478 incolumitatem
2547 2421 2806 2492 corporis,
2840 2419 3058 2472 tutelam
3096 2417 3304 2480 salutis,
3339 2430 3422 2470 se-

1842 2511 2127 2564 curitatem
2157 2511 2290 2580 spei,
2321 2509 2819 2564 corroborationem
2861 2507 3007 2570 tidei,
3036 2503 3420 2576 plenitudinem

1841 2601 2106 2656 caritatis.
2149 2601 2361 2656 Corona
2411 2615 2554 2664 eam,
2616 2601 2862 2664 Domine,
2917 2613 3116 2654 corona
3170 2597 3418 2667 justitiai,

1841 2710 2038 2751 corona
2064 2709 2184 2749 eam
2215 2694 2480 2749 fructibus
2509 2695 2711 2749 sanctis
2738 2704 2794 2748 et
2820 2694 3074 2762 operibus
3104 2690 3420 2746 benedictis.

1843 2786 1927 2842 Sit
1955 2787 2162 2842 meritis
2181 2795 2236 2840 et
2265 2786 2481 2841 nomine
2505 2796 2667 2855 atque
2692 2785 2889 2839 virtute
2919 2784 3120 2854 regina,
3145 2781 3414 2836 adsistens

1841 2878 1895 2933 in
1924 2878 2025 2932 hoc
2059 2877 2240 2932 seculo
2269 2876 2373 2931 tlde
2403 2884 2546 2930 recta
2574 2885 2629 2930 et
2661 2875 2913 2945 operibus
2948 2874 3126 2938 bonis,
3165 2879 3220 2928 et
3248 2871 3300 2924 in
3332 2869 3414 2923 fu~

1841 2975 1962 3022 turo
2004 2969 2210 3024 honore
2238 2976 2293 3021 et
2341 2966 2510 3038 gloria
2550 2975 2807 3022 coronata
2852 2979 2882 3019 a
2913 2964 3119 3019 dextris
3161 2961 3327 3031 regis,
3365 2959 3420 3014 in

1838 3061 2039 3116 vestitu
2082 3061 2342 3116 bonorum
2373 3073 2618 3130 operum,
2651 3059 2982 3114 circumdata
3021 3056 3279 3110 virtutum
3305 3068 3415 3122 ,va-

1840 3155 2054 3210 rietate.
2099 3152 2210 3208 Fac
2239 3152 2382 3206 illam
2414 3151 2576 3207 talem
2613 3149 2849 3206 sobolem
2891 3161 3149 3220 generare
3189 3159 3310 3214 qua:
3347 3143 3416 3198 ad

174 3233 588 3301 benedictionem
636 3241 856 3297 seminis
881 3241 1150 3298 benedicti
1191 3257 1221 3296 a
1251 3241 1498 3309 Domino,
1539 3243 1593 3298 in
1629 3257 1736 3311 quo
1764 3238 1810 3302 C
1841 3244 2077 3316 paradisi
2107 3243 2182 3298 tui
2215 3243 2487 3313 pertineat
2515 3241 2886 3296 hereditatem.
2918 3239 3140 3303 Prazsta,
3174 3235 3417 3297 Domine,

173 3323 555 3391 benedicuntur
593 3344 781 3388 omnes
821 3341 1028 3403 gentes.
1077 3333 1269 3388 Amen.
1324 3332 1420 3390 His
1457 3349 1587 3404 ergo
1624 3333 1743 3390 fnhi

173 3419 593 3487 auctoritatibus,
625 3421 681 3477 in
721 3423 1096 3494 dispensandis
1120 3424 1212 3479 Dei
1236 3425 1412 3490 donis,
1439 3427 1530 3496 qui
1557 3427 1624 3482 ab
1655 3426 1744 3482 illo

173 3508 394 3566 ministri
429 3511 546 3583 ejus
584 3527 770 3581 sumus
801 3514 868 3569 ad
895 3515 998 3572 hoc
1026 3515 1329 3577 constituti,
1357 3523 1417 3580 ut
1449 3515 1560 3574 Leo
1587 3516 1741 3596 dicit,

169 3617 273 3665 non
313 3605 569 3662 debemus
614 3621 738 3663 esse
785 3607 1048 3675 difﬁciles,
1096 3623 1198 3666 nec
1243 3609 1554 3663 devotorum
1606 3610 1745 3680 peti-

170 3694 342 3750 tiones
366 3695 677 3767 negligere;
701 3699 938 3753 maxime
965 3699 1011 3754 si
1041 3699 1186 3769 ipsas
1211 3698 1499 3768 petitiones
1525 3699 1747 3754 eviden.

168 3783 309 3840 tibus
357 3785 569 3842 indiciis
619 3801 684 3842 ex
741 3788 836 3844 Dei
881 3788 1172 3844 viderimus
1217 3789 1568 3859 inspiratione
1612 3803 1743 3844 con-

165 3885 363 3945 ceptas.
405 3875 540 3944 Quia
580 3878 856 3950 multiplex
895 3880 1266 3938 misericordia
1309 3881 1406 3936 Dei
1457 3881 1531 3938 ita
1581 3880 1742 3936 saluti

155 3965 413 4024 humanae
436 3967 719 4032 subvenire
743 3971 1000 4038 decrevit,
1027 3981 1086 4026 ut
1109 3972 1377 4043 prtecipue
1405 3973 1743 4038 sacerdotum

154 4057 646 4128 supplicationibus
696 4061 812 4130 ipsa
867 4061 1013 4116 salus
1067 4063 1259 4117 debeat
1323 4062 1575 4117 obtineri.
1643 4062 1744 4118 Cui

159 4148 336 4217 aperi,
371 4157 432 4203 ut
470 4149 522 4203 in
551 4150 720 4206 sacris
760 4151 933 4206 literis
967 4151 1211 4223 legimus,
1241 4152 1362 4222 ipss
1383 4150 1632 4209 Salvator
1662 4155 1743 4209 in-

157 4238 416 4303 tervenit,
462 4254 563 4294 nec
600 4255 834 4310 unquam
873 4243 942 4297 ab
980 4243 1064 4297 his
1101 4244 1257 4300 abest
1303 4260 1424 4314 qua:
1478 4245 1743 4308 ministris

163 4332 283 4385 suis
298 4333 642 4400 exsequenda
662 4335 1132 4392 commisitdicens
1155 4353 1169 4392 :
1194 4337 1329 4392 Ecce
1361 4353 1452 4408 ego
1482 4339 1741 4400 vobiscum

153 4436 275 4473 sum
311 4421 552 4476 omnibus
581 4423 780 4478 diebus.
813 4424 882 4480 Et
924 4425 968 4480 si
998 4426 1125 4495 quid
1166 4441 1262 4495 per
1290 4427 1603 4482 servitutem
1640 4444 1738 4483 no-

153 4521 329 4568 stram
363 4511 503 4568 bono
529 4514 717 4570 ordine
751 4525 807 4572 et
847 4517 1166 4588 gratulando
1199 4518 1484 4594 implemus
1519 4519 1736 4585 all‘ectu,

153 4611 213 4655 ut
240 4601 353 4657 Leo
385 4602 536 4671 dicit,
567 4618 672 4672 non
711 4605 1045 4680 ambigamus
1073 4622 1170 4676 per
1198 4606 1459 4680 Spiritum
1494 4619 1738 4674 sanctum

154 4695 316 4759 nobis
354 4695 521 4751 fuisse
544 4694 820 4761 donatum.
849 4698 918 4768 Et
951 4699 1090 4765 ideo,
1121 4699 1336 4766 fratres,
1375 4702 1630 4778 quoniam
1664 4703 1737 4766 ita

155 4794 263 4851 est,
289 4795 347 4855 et
389 4796 572 4842 nostra
607 4803 706 4858 pro
737 4789 889 4857 vobis
928 4791 1273 4860 ministratio,
1305 4801 1360 4846 et
1397 4802 1575 4848 vestra
1611 4808 1740 4863 erga

156 4893 257 4933 nos
295 4878 588 4947 conjuncta
616 4879 850 4946 devotio,
906 4890 963 4948 ut
1005 4898 1110 4936 una
1149 4882 1244 4937 liat
1281 4883 1420 4952 apud
1452 4885 1738 4954 Dominum

158 4969 504 5042 supplicatio,
547 4971 687 5026 sicut
735 4972 982 5044 legimus,
1031 4974 1156 5042 quia
1204 4974 1271 5028 ad
1313 4975 1416 5044 hoc
1454 4977 1736 5032 constituti

157 5069 285 5125 sunt
328 5062 662 5129 sacerdotes,
693 5071 751 5117 ut
795 5063 945 5133 prius
980 5081 1076 5134 pro
1105 5065 1240 5134 suis,
1275 5066 1467 5122 deinde
1505 5083 1603 5138 pro
1638 5083 1737 5139 po-

156 5155 268 5225 puli
307 5168 467 5210 orent
510 5156 764 5226 peccatis,
796 5165 851 5212 et
879 5158 1056 5214 oratio
1094 5158 1256 5227 [iebat
1299 5161 1417 5221 sine
1463 5161 1738 5227 intermis-

159 5247 311 5306 sione
356 5245 422 5302 ad
468 5245 634 5303 Deum
672 5263 768 5318 pro
792 5246 974 5315 Petro,
1017 5249 1068 5304 id
1103 5259 1184 5306 est
1212 5265 1309 5323 pro
1345 5253 1493 5308 omni
1525 5254 1736 5322 episco-

159 5351 352 5406 porum
385 5335 570 5404 choro,
597 5338 876 5403 orantibus
914 5339 1067 5395 nobis
1101 5355 1198 5410 pro
1235 5343 1508 5397 communi
1532 5353 1737 5409 nostra,

163 5429 330 5484 immo
357 5443 455 5498 pro
481 5429 641 5484 totius
664 5429 904 5486 ecclesiae
933 5445 997 5486 ac
1017 5431 1194 5502 populi
1225 5433 1547 5490 necessitate
1575 5445 1740 5505 atque

164 5523 354 5584 salute.
384 5537 668 5580 commune
689 5531 872 5581 votum
896 5525 1056 5582 etiam
1085 5535 1264 5582 vestra
1292 5530 1594 5585 communis
1615 5545 1741 5599 pro-

165 5623 426 5684 sequatur
451 5615 625 5671 oratio
653 5615 791 5686 apud
821 5632 943 5673 eum
971 5617 1063 5687 qui
1107 5616 1236 5671 facit
1275 5619 1557 5674 unanimes
1587 5621 1740 5675 habi-

168 5719 283 5761 tare
308 5707 359 5760 in
388 5707 566 5774 domo,
594 5719 646 5765 et
669 5709 800 5766 vivit
824 5718 878 5766 et
907 5719 1096 5779 regnat
1125 5710 1177 5766 in
1203 5710 1382 5767 secula
1410 5711 1736 5772 seculorum.

167 5799 359 5853 Amen.

1845 3335 1970 3392 huic
1999 3335 2210 3390 famulae
2239 3345 2343 3390 tute
2370 3343 2576 3389 tantum
2605 3335 2850 3390 caritatis
2881 3333 3127 3388 affectum
3157 3339 3211 3387 et
3256 3330 3422 3393 mise-

1847 3425 2092 3482 ricordiae
2142 3425 2379 3480 studium
2427 3433 2590 3494 atque
2633 3423 2908 3494 religionis
2949 3429 3314 3492 augmentum,
3361 3427 3421 3473 ut

1845 3524 1998 3581 tuum
2015 3515 2218 3594 iugiter
2241 3515 2904 3594 promereatur‘auxilium.
2932 3513 3117 3568 Callidi
3147 3512 3412 3582 serpentis

1845 3606 1914 3662 ab
1943 3621 2007 3660 ea
2033 3621 2236 3662 venena
2266 3605 2482 3676 repelle,
2512 3613 2568 3660 et
2602 3605 2770 3660 lorica
2817 3605 2940 3658 ﬁdei
2989 3604 3227 3658 indutam
3263 3611 3418 3656 scuto

1845 3698 2036 3754 salutis
2089 3713 2208 3758 eam
2267 3698 2523 3764 defende,
2585 3705 2741 3752 actus
2787 3694 2902 3770 ejus
2957 3695 3204 3765 corrige,
3254 3694 3420 3747 vitam

1845 3790 2096 3854 emenda,
2136 3803 2314 3843 mores
2341 3803 2624 3858 compone,
2651 3796 2708 3842 et
2733 3802 2850 3840 eam
2897 3786 2947 3840 in
2978 3791 3254 3840 senectute
3282 3783 3420 3837 bona

1843 3882 1912 3937 ad
1946 3880 2187 3937 caelestia
2233 3896 2398 3951 regna
2428 3878 2664 3950 digneris
2693 3878 3004 3948 perducere.
3039 3875 3145 3930 Per
3191 3873 3419 3928 eundem

1845 3973 2128 4029 Dominum
2159 3982 2422 4029 nostrum.

1915 4070 2149 4133 Coronet
2193 4077 2244 4123 te
2274 4066 2530 4122 Dominus
2566 4061 2732 4136 gloria
2780 4074 2834 4119 et
2877 4065 3081 4120 honore
3125 4071 3178 4118 et
3227 4058 3420 4130 sempi-

1847 4169 1999 4218 terna
2022 4158 2378 4230 protectione.
2411 4156 2510 4223 Qui
2538 4156 2669 4211 vivit
2693 4165 2746 4210 et
2769 4164 2972 4226 regnat,

1916 4253 2058 4307 Deus
2102 4251 2461 4321 omnipotens,
2505 4249 2594 4318 qui
2641 4247 2915 4304 benedixit
2955 4245 3125 4300 Adam
3157 4251 3211 4298 et
3251 4241 3416 4296 Evam

1843 4342 2029 4408 dicens
2062 4361 2074 4396 :
2105 4341 2329 4397 Crescite
2355 4351 2402 4394 et
2432 4338 2866 4410 multiplicamini,
2899 4346 2954 4393 et
2990 4335 3420 4407 patriarcharum

1842 4435 2119 4490 benedixit
2138 4434 2408 4505 conjugia,
2437 4433 2636 4502 quique
2665 4448 2785 4486 cum
2814 4431 2980 4486 Tobia
3009 4429 3157 4484 misit
3185 4426 3422 4495 Raphael

1846 4526 2094 4596 angelum
2116 4540 2294 4590 suum,
2321 4524 2474 4592 cujus
2499 4523 2800 4580 ministerio
2829 4521 3148 4590 daemonium
3169 4517 3422 4588 eil‘ugavit

1768 4593 1818 4654 D
1845 4632 1875 4669 a
1909 4593 2072 4670 Sarra
2103 4629 2271 4668 uxore
2306 4614 2494 4684 ipsius,
2525 4612 2809 4667 benedicat
2841 4621 2892 4666 te
2918 4622 2972 4665 et
3002 4609 3145 4662 illam
3183 4608 3418 4662 futuram

1847 4725 2070 4767 uxorem
2098 4718 2266 4775 tuam,
2311 4718 2372 4762 ut
2415 4706 2708 4769 secundum
2749 4712 3072 4776 praeceptum
3103 4699 3312 4756 Domini
3342 4698 3420 4754 ef-

1845 4804 1968 4860 fecti
2002 4805 2107 4859 duo
2133 4803 2188 4856 in
2217 4813 2383 4856 carne
2409 4813 2533 4862 una,
2565 4798 2706 4866 quod
2736 4796 2872 4850 Deus
2889 4793 3088 4864 jungit,
3130 4793 3290 4846 homo
3314 4805 3416 4843 non

1845 4903 2080 4968 separet,
2110 4903 2166 4950 et
2207 4893 2299 4947 det
2335 4891 2486 4946 vobis
2523 4887 2946 4944 benedictionem
2977 4885 3042 4939 de
3075 4897 3195 4938 rore
3226 4881 3338 4936 caeli
3366 4887 3421 4933 et

1846 4990 1912 5048 de
1953 4985 2276 5058 pinguedine
2320 4992 2497 5038 term.
2546 4980 2919 5034 Beuedicimus
2970 4977 3112 5030 enim
3162 4972 3314 5027 vobis
3366 4971 3418 5024 in

1841 5079 2058 5135 nomine
2095 5075 2303 5132 Domini
2334 5093 2346 5128 :
2388 5075 2479 5144 qui
2516 5073 2696 5132 mittat
2736 5069 2954 5142 angelos
2981 5083 3108 5124 suos
3136 5067 3326 5126 honos,
3360 5067 3418 5113 ut

1840 5183 1938 5223 vos
1963 5165 2273 5222 custodiant
2296 5178 2529 5234 semper,
2559 5171 2614 5216 et
2637 5175 2850 5217 omnem
2874 5153 3209 5230 phantasiam
3239 5159 3293 5204 ct
3324 5163 3420 5202 ne-

1841 5258 2067 5330 quitiam
2107 5264 2269 5324 atque
2307 5252 2600 5318 versutiam
2644 5250 2882 5308 omnium
2916 5245 3266 5316 malignorum
3311 5238 3420 5306 spi-

1841 5331 2040 5405 rituum
2087 5355 2142 5403 et
2190 5346 2465 5401 hominum
2502 5359 2532 5400 a
2566 5344 2722 5398 vobis
2752 5340 3045 5410 depellant,
3089 5343 3143 5390 et
3172 5335 3240 5388 ab
3269 5333 3415 5386 omni

1843 5441 2248 5512 inquinamento
2275 5437 2452 5493 omnis
2494 5435 2760 5500 adulterii,
2801 5432 3160 5498 omnibusque
3205 5422 3415 5480 insidiis

1842 5529 2092 5585 humanis
2147 5541 2202 5584 et
2242 5529 2522 5584 diabolicis
2562 5534 2861 5598 protegant,
2913 5521 3174 5583 muniant,
3223 5526 3277 5572 et
3327 5515 3416 5570 de-

1842 5619 2082 5674 fendant.
2107 5618 2291 5675 Gratia
2321 5619 2523 5674 domini
2552 5617 2720 5673 nostri
2751 5615 2876 5670 Jesu
2907 5611 3126 5676 Christi,
3154 5609 3243 5678 qui
3269 5621 3416 5660 amo-

1843 5727 1956 5766 rem
2007 5721 2061 5766 et
2112 5713 2362 5767 timorem
2425 5726 2580 5765 suum
2640 5708 2839 5779 jugiter
2905 5706 3156 5764 cordibus
3220 5705 3415 5758 vestris

1844 5801 2126 5870 infundat;
2187 5813 2247 5860 ut
2305 5802 2704 5858 consenescatis
2763 5801 2964 5872 pariter
3025 5801 3076 5856 in
3141 5805 3413 5854 senectute
