3960 6320
606 370 704 426 751

1292 367 1585 426 APPE‘ND.
1625 366 1716 423 AD
1747 352 1929 423 SEC.
1969 364 2038 420 Χ.
2077 393 2150 406 -—-
2187 361 2619 421 MONUMENTA
2657 364 3142 427 DIPLOMATICA.
3698 363 3770 422 75!

603 481 769 548 bona,
799 490 854 537 et
892 481 1121 538 videatis
1163 480 1301 537 filios
1342 477 1573 534 ﬁliorum
1601 486 1900 533 vestrorum
1937 474 2190 530 ﬂorentes
2218 481 2262 539 Α
2292 477 2670 533 communione
2711 485 3161 547 perseverantes.
3201 472 3267 529 ad
3319 470 3475 527 vitam
3525 476 3771 543 peri-enini.

605 574 662 629 in
706 574 983 631 voluntate
1026 573 1255 640 Domini,
1300 579 1355 626 et
1383 586 1485 640 pax
1530 568 1804 626 vobiscum
1843 573 2184 637 permaneat,

604 673 766 735 atque
800 665 853 719 in
885 665 986 721 fide
1015 673 1185 730 recta,
1213 679 1276 719 ac
1316 663 1471 718 bonis
1496 661 1773 732 operibus,
1803 668 1861 715 et
1885 658 2183 715 concordia

604 753 779 815 bona.
823 764 878 810 et
916 769 1100 811 amore
1151 753 1417 825 conjugali
1465 754 1710 817 sincero,
1757 764 1969 806 necnon
2018 756 2075 804 et
2130 747 2185 803 in

606 846 944 906 confessione
987 858 1187 906 sanctae
1233 846 1492 903 trinitatis
1524 854 1581 902 et
1605 844 1864 901 Ecclesia:
1908 840 2187 899 catholicre

2288 579 2566 627 aeternam.
2591 568 2746 637 Quod
2773 569 2887 638 ipse
2904 575 3160 638 praestare
3181 565 3437 635 dignetur,
3458 556 3596 634 cujus
3610 579 3772 635 regnum

2287 670 2346 718 et
2371 661 2654 731 imperium
2682 660 2801 717 sine
2827 658 2935 715 ﬁne
2955 663 3237 730 permanet
3260 655 3314 710 in
3333 652 3502 711 secula
3524 653 3770 711 seculorum.

2289 751 2484 809 Amen.

1453 995 1843 1055 HLUDOWICI
1884 993 1972 1050 ET
2012 989 2271 1051 KAROLI
2308 983 2726 1044 CONVENTUS
2763 980 3042 1043 METTIS.

1768 1153 1892 1224 (An.
1919 1150 2042 1208 868.
2070 1150 2201 1205 Jun.
2225 1156 2444 1206 exeunte
2467 1142 2546 1199 vel
2570 1142 2709 1215 Jul.)

682 1320 1025 1383 Sirmondus,
1055 1315 1615 1390 primussacramenti
1649 1312 1766 1381 ejus
1790 1327 1857 1390 est
1883 1310 2074 1390 codice
2093 1305 2435 1390 Laiidirnensi
2458 1310 2523 1390 ut
2537 1295 3780 1390 videturneditor,“et-lialuniusa‘nnoigniti?

608 1366 1032 1462 adiilgiii‘iéiliii
1100 1366 1624 1462 'éi'é'i'riééiip'nig‘ﬁi
1645 1366 1929 1462 postudiem
1950 1381 2021 1462 ξι)
2045 1379 2190 1462 Junii
2214 1392 2320 1462 quo
2348 1371 3155 1462 cari-ilioneus}?incipiant.
3182 1366 3781 1462 a‘n‘telina‘len‘dasfep‘tﬂn.

608 1436 1672 1532 'a'ii.5.’.5"..1‘a'.‘.'.3sine};
1696 1436 2073 1532 collocandum
2100 1456 2203 1504 est.
2233 1436 2551 1532 'Couventus
2598 1441 2757 1532 hujus
2791 1436 3150 1532 .iljincmanus‘
3162 1436 3511 1532 laetitia-nvem

980 1506 1817 1593 Eiiiié'sei'iéiénfininavap'mi
1844 1520 2023 1603 Mettis
2049 1519 2250 1574 factum
2277 1532 2398 1603 esse
2420 1506 3004 1603 indereili'nelv‘idetur,
3047 1506 3783 1603 qugd

611 1575 2173 1671 ,Atduenvnaeonsistentem
2201 1588 2447 1652 rediisse,
2478 1592 2534 1640 et
2553 1583 2680 1639 inde
2700 1581 3041 1638 Hlotharium
3066 1575 3098 1635 ἐξ
3121 1578 3302 1635 Mettis
3339 1575 3702 1633 Francofurtum
3719 1582 3801 1647 pc-f

611 1673 772 1731 tiisse
794 1672 963 1729 dicat.

608 1854 760 1908 Anno
790 1853 1167 1909 incarnationis
1190 1851 1478 1906 Dominicis
1512 1848 1635 1916 868,
1666 1848 1949 1902 indictione
1989 1845 2180 1914 prima,
2214 1825 2259 1886 Β
2288 1838 2456 1899 rendo
2482 1851 2548 1893 ac
2569 1836 2623 1892 in
2662 1834 2972 1903 dividendo,
3004 1835 3165 1892 sicuti
3189 1833 3313 1906 plus
3337 1831 3600 1904 aequaliter
3626 1840 3701 1887 aut
3719 1847 3784 1888 nos

681 1924 858 1979 Metti:
899 1924 1292 1996 ciritate__npud
1335 1930 1573 1996 sanctum
1621 1918 1929 1996 4rnuifum,
1970 1916 2064 1996 ita.
2092 1932 2185 1984 pa-

680 1996 873 2049 ctiones
929 1996 1064 2049 inter
1104 1986 1467 2052 Illndowicum
1522 2000 1571 2044 et
1624 1987 1879 2042 Karolum
1930 1986 2185 2056 gloriosos

682 2064 825 2134 reges
866 2064 1022 2133 facta:
1058 2072 1198 2134 sunt,
1234 2064 1315 2115 Itis
1355 2060 1714 2134 praesentibus.
1766 2057 2188 2134 "incutere-qr}-

680 2124 1042 2206 chiepisropo,
1118 2124 1382 2206 Liutberto
1448 2129 1870 2206 archiepiscopo,
1926 2124 2187 2206 _§_ltfrido

679 2197 949 2273 episcopo,
968 2205 1091 2256 item
1123 2200 1408 2273 liincmaro
1438 2197 1883 2273 episcopo__(l55),
1926 2197 2188 2273 Witgarie

680 2265 962 2355 episeopot
969 2270 1321 2355 15.6),1‘0done
1349 2265 1586 2342 episcopo
1608 2265 1790 2341 (157),
1819 2265 1963 2341 regni
1998 2265 2189 2323 Karoli
2241 2281 2246 2286 ‘

680 2342 897 2415 gloriosi
928 2342 1061 2415 regis
1076 2342 1180 2398 ⁷29.

679 2476 887 2531 Amodo
914 2483 969 2532 et
1001 2476 1251 2546 deinceps
1279 2475 1348 2530 ad
1385 2474 1480 2529 Dei
1508 2472 1861 2539 voluntatem,
1892 2479 1948 2527 et
1986 2477 2192 2528 sancta

612 2566 868 2625 Ecclesiae
894 2565 1341 2621 restaurationem
1394 2571 1449 2618 et
1492 2564 1758 2619 honorem
1799 2570 1963 2632 atque
2005 2561 2194 2618 defert.

610 2658 839 2722 sionem,
869 2667 925 2712 et
953 2657 1019 2711 ad
1062 2664 1305 2711 nostrum
1336 2670 1675 2712 communem
1704 2656 1966 2712 honorem
1994 2663 2049 2710 et
2086 2653 2194 2710 sal-

610 2757 919 2804 vamentum
956 2757 1117 2818 atque
1156 2747 1477 2818 profectum,
1527 2754 1586 2803 et
1624 2747 1693 2803 ad
1734 2746 2086 2803 salvationem
2129 2759 2195 2801 ac

611 2855 799 2911 pacem
825 2840 1116 2896 Christiani
1147 2839 1326 2911 populi
1359 2840 1518 2896 nobis
1554 2839 1852 2905 commissi,
1902 2839 1989 2894 isti
2036 2837 2194 2894 fratri

611 2949 734 2990 meo
776 2934 974 2991 Karolo
1012 2944 1069 2991 et
1111 2936 1337 2992 consilio
1381 2946 1437 2992 et
1488 2936 1690 2992 auxilio
1729 2937 1782 2992 in
1823 2950 1952 2992 vera
1996 2936 2195 2993 frater.

611 3026 803 3091 nitate,
838 3035 1098 3096 quantum
1132 3028 1275 3083 Deus
1306 3028 1435 3084 mihi
1482 3029 1623 3084 scire
1666 3036 1717 3083 et
1761 3044 1921 3100 posse
1963 3029 2192 3094 dederit,
2238 3022 2245 3029 ’

614 3116 789 3172 fidelis
828 3117 1040 3188 adjutor
1063 3135 1175 3176 ero.
1216 3119 1284 3175 Et
1314 3119 1363 3174 si
1390 3119 1534 3174 Dens
1572 3120 1730 3176 nobis
1758 3120 1991 3189 amplius
2018 3120 2196 3177 adhuc

2285 1940 2376 1988 aut
2406 1928 2578 1987 nostri
2620 1940 2938 1986 communes
2975 1926 3165 1982 fideles
3210 1923 3514 1981 invenerint
3537 1936 3654 1993 quos
3682 1937 3785 1978 com»

2284 2021 2435 2079 muni
2467 2033 2739 2077 consensu
2764 2017 3109 2089 elegerimus,
3136 2024 3192 2072 et
3218 2015 3277 2071 in
3307 2014 3420 2086 ipsa
3444 2013 3674 2071 divisione
3700 2027 3786 2068 con-

2286 2112 2588 2177 sentiendo,
2624 2121 2683 2169 et
2720 2112 2777 2168 in
2817 2109 3091 2175 habendo,
3129 2116 3186 2166 et
3219 2108 3277 2163 in
3306 2106 3650 2164 conservando
3678 2114 3787 2175 atque

2287 2203 2646 2269 defendendo,
2675 2211 2784 2257 tam
2813 2200 2958 2256 istud
2983 2200 3129 2270 quod
3158 2198 3426 2255 habemus
3454 2210 3601 2267 quam
3622 2206 3669 2252 et
3691 2193 3787 2265 quod

2287 2297 2445 2353 nobis
2468 2297 2533 2352 de
2554 2293 2797 2365 przefatis
2816 2292 3281 2364 regnis-Dominus
3302 2288 3629 2353 concesserit,
3646 2288 3789 2357 absque

2289 2392 2576 2449 dolositate
2627 2399 2723 2446 aut
2769 2387 3088 2457 deceptiotie
3135 2385 3224 2443 vel
3275 2382 3709 2456 superabteptione
3739 2380 3788 2434 illi

2290 2485 2536 2541 sincerus
2568 2480 2860 2542 auxiliator
2900 2486 2958 2535 et
3000 2484 3327 2547 cooperator
3370 2489 3482 2541 ero,
3527 2473 3649 2531 sicut
3683 2483 3789 2524 veru

2291 2572 2464 2630 frater
2493 2586 2624 2627 vero
2653 2570 2813 2627 fratri
2843 2585 2942 2641 per
2964 2576 3172 2626 rectum
3197 2580 3325 2625 esse
3352 2566 3545 2631 debet;
3580 2564 3625 2619 in
3644 2562 3733 2627 hoc,
3753 2569 3790 2612 ut

2293 2665 2409 2735 ipse
2468 2662 2720 2721 similiter
2770 2675 2902 2732 erga
2952 2674 3040 2716 me
3094 2664 3411 2715 conservet.
3461 2649 3789 2710 Mundeburdem

2292 2762 2476 2813 autem
2507 2761 2563 2809 et
2589 2749 2960 2807 defensionem
2992 2757 3192 2828 saliuae
3220 2746 3482 2803 Romanae
3513 2742 3713 2801 ecclesia
3727 2754 3789 2810 pa-

2292 2846 2432 2903 riter
2464 2843 2947 2906 conservabimus;
2996 2840 3052 2897 in
3080 2840 3202 2904 hoc,
3246 2847 3311 2895 ut
3344 2836 3561 2894 Romani
3588 2831 3791 2907 pontiﬁces

2294 2935 2453 2995 nobis
2480 2934 2721 2991 debitum
2749 2932 3011 2988 honorem
3040 2937 3391 2995 conservent,
3412 2927 3544 2983 sicut
3567 2938 3714 2980 eorum
3730 2934 3792 2973 an-

2297 3036 2600 3085 tecessores
2654 3024 2857 3080 nostris
2909 3019 3353 3079 antecessoribus
3405 3016 3795 3074 conservaverunt

2297 3120 2388 3177 Sic
2410 3135 2497 3176 me
2521 3119 2663 3175 Deus
2691 3116 2909 3187 adjuvet
2929 3124 2988 3170 et
3015 3114 3104 3170 isti
3129 3112 3330 3169 sancti.

614 3204 681 3263 de
703 3209 881 3280 regnis
908 3218 1162 3282 nepotum
1187 3220 1494 3265 nostrorum
1519 3210 1825 3277 donaverit,
1855 3219 1910 3267 et
1934 3211 1989 3266 in
2018 3213 2203 3282 acqui-
2229 3209 2276 3273 C
2377 3209 2633 3269 Similiter
2659 3220 2709 3266 et
2731 3207 2964 3264 Karoius
2990 3205 3304 3263 Hludowico
3325 3202 3574 3277 promisit.

1605 3387 1858 3445 KAROLI
1890 3388 1931 3443 ll
1956 3386 2374 3446 CONVENTUS
2408 3387 2593 3445 APUD
2632 3386 2902 3447 PISTAS.

1738 3542 1863 3616 (An.
1893 3542 2019 3600 869.
2044 3541 2177 3599 Jun.
2207 3549 2445 3607 exeunte,
2480 3536 2674 3613 Julia.)

692 3700 966 3760 Sirmoudi
989 3712 1044 3760 et
1066 3703 1273 3761 Baluzii
1294 3703 1561 3760 editiones
1607 3676 1940 3777 repetimus.

617 3860 747 3921 Hth
767 3881 884 3935 quin
911 3873 1197 3935 sequuntur
1226 3863 1456 3934 capitula
1478 3865 1757 3919 constituta
1793 3873 1913 3918 sunt
1941 3881 1973 3918 a
2002 3865 2195 3920 domno

689 3946 865 3990 nostro
906 3935 1122 3999 Knrolo,
1172 3951 1288 4006 rege
1328 3935 1574 4005 glorioso,
1599 3950 1715 3990 cum
1749 3935 1971 4006 consilio
1999 3945 2047 3990 et
2073 3952 2200 3990 con-

685 4022 841 4076 sensu
894 4004 1254 4076 episcoporum
1296 4004 1359 4059 ac
1395 4014 1685 4076 ceterorum
1738 4004 1835 4076 Dei
1862 4015 1929 4076 ret
1979 4022 2199 4076 suorum

685 4073 931 4144 ﬁdelium
961 4073 1075 4145 qui
1101 4075 1382 4145 adfuerunt
1405 4074 1459 4145 in
1494 4076 1607 4128 loco
1649 4076 1738 4145 qui
1766 4074 1960 4127 dicitur
2008 4073 2196 4140 Pieris,

689 4160 829 4199 anno
882 4143 1257 4199 incarnationis
1300 4144 1591 4198 ﬂaminica:
1641 4143 1781 4210 869,
1829 4160 1967 4199 anno
2024 4155 2197 4199 autem

691 4215 838 4285 regni
861 4217 941 4269 sui
967 4214 1057 4277 30,
1083 4215 1367 4269 indictione
1414 4214 1665 4285 secunda,
1707 4224 1756 4285 et
1801 4214 1866 4268 ab
1911 4230 1970 4269 eo
1997 4215 2200 4269 denun-

692 4283 826 4338 tiata
871 4294 991 4339 sunt
1010 4301 1045 4337 ιι
1068 4300 1122 4354 se
1143 4293 1192 4336 et
1217 4285 1280 4338 ab
1310 4284 1548 4338 omnibus
1575 4283 1818 4354 ﬁdelibus
1861 4286 1972 4340 suis
2018 4302 2200 4343 secun-

692 4355 820 4426 dum
853 4353 1263 4426 uniuscujusque
1280 4354 1513 4410 ordinem
1551 4365 1597 4410 et
1621 4371 1897 4426 personam
1928 4356 2199 4412 inviolabi-

692 4423 812 4479 liter
832 4422 1203 4480 conservando.

689 4514 741 4569 l.
782 4513 860 4569 De
881 4514 1083 4570 honore
1111 4524 1171 4571 et
1196 4514 1339 4570 cultu
1366 4514 1458 4570 Dei
1483 4523 1645 4586 atque
1677 4525 1988 4571 sanctarum
2021 4517 2191 4573 eccle-

618 4605 822 4662 siarum
846 4606 898 4660 in
922 4620 1086 4678 regno
1111 4616 1296 4662 nostro
1316 4606 1681 4673 decernimus,
1704 4617 1761 4662 ut
1788 4608 1929 4664 sicut
1954 4619 2197 4679 tempore

620 4697 706 4752 avi
732 4704 788 4753 et
814 4698 985 4769 patris
1008 4698 1181 4753 nostri
1206 4698 1434 4754 exculta:
1481 4707 1536 4756 et
1575 4700 1854 4755 honorata:
1881 4700 2115 4769 fuerunt,
2144 4710 2199 4758 et

619 4790 763 4848 sicut
786 4805 817 4845 a
838 4801 1024 4847 nostra
1052 4790 1305 4862 largitate
1333 4791 1611 4848 honoratae
1636 4802 1691 4848 et
1720 4793 1901 4849 ditata:
1935 4803 2080 4860 sunt,
2115 4794 2199 4850 vel

621 4883 881 4954 deinceps
925 4884 1146 4951 fuerint,
1192 4886 1341 4940 salva
1387 4887 1659 4959 aequitatis
1712 4888 1938 4949 ratione.
1980 4889 2050 4943 ita
2099 4888 2199 4944 sub

621 4977 964 5035 immunitate
1007 4990 1378 5051 permaneant.
1428 4983 1834 5055 Archiepisc0pi
1885 5001 2099 5056 quoque
2145 4995 2201 5041 et

610 5070 854 5141 episcopi
875 5078 930 5127 et
952 5072 1123 5127 ceteri
1152 5073 1464 5129 sacerdotes
1489 5089 1554 5130 ae
1596 5075 1737 5131 servi
1768 5086 1823 5133 et
1847 5078 2054 5133 ancillae
2079 5074 2195 5143 Dei,

2300 3886 2549 3942 fidelibus
2579 3885 2779 3941 nostris
2811 3886 2986 3941 honor
3032 3884 3213 3956 regius
3234 3884 3299 3942 et
3345 3890 3575 3955 potestas
3597 3894 3650 3936 ac
3671 3873 3793 3934 debita
3884 3876 3885 3927 ἰ

2300 3977 2633 4044 obedientia,
2677 3986 2839 4047 atque
2890 3976 3221 4046 adjutorinm
3269 3979 3340 4034 ad
3378 3990 3591 4051 regnum
3618 3976 3792 4027 nostmm

2300 4071 2691 4127 continendum
2715 4081 2771 4126 et
2793 4070 3204 4139 defensandum,
3247 4072 3408 4129 nobis
3444 4071 3495 4127 in
3541 4067 3795 4125 omnibuset

2300 4162 2368 4217 ab
2413 4161 2662 4217 omnibus
2706 4162 3003 4216 secundum
3056 4161 3483 4232 uniuscujusque
3527 4156 3725 4215 ordinem
3759 4152 3794 4202 ει

2299 4252 2615 4322 dignitatem
2644 4260 2807 4322 atque
2834 4252 3272 4322 possibilitatem,
3299 4253 3443 4309 sicut
3470 4248 3794 4319 temporeanle-

2299 4361 2574 4402 cessorum
2624 4356 2931 4402 nostrorum
2954 4346 3103 4416 juste
3126 4355 3182 4403 et
3230 4342 3612 4403 rationabiliter
3629 4344 3792 4395 consue‘

2299 4448 2473 4506 verat,
2502 4438 2843 4495 exhibentur.

2369 4531 2423 4584 '5.
2465 4528 2537 4584 Ut
2559 4545 2749 4586 omnes
2778 4531 2947 4588 nostri
2980 4531 3163 4588 fideles
3195 4531 3465 4587 veraciter
3500 4526 3600 4583 sint
3618 4524 3673 4579 de
3692 4514 3796 4571 nobis

2297 4621 2496 4685 securi,
2521 4621 2646 4692 quia
2672 4632 2933 4692 quantum
2956 4624 3129 4680 sciero
3152 4632 3205 4680 et
3221 4622 3370 4695 juste
3395 4637 3460 4678 ac
3480 4609 3795 4691 rationabili“?r

2301 4722 2550 4784 potuero,
2604 4712 2833 4770 Domino
2879 4714 3189 4784 adiuvante,
3214 4721 3639 4784 unumquemque
3660 4711 3797 4758 secun-

2299 4805 2426 4861 dum
2450 4805 2532 4861 sui
2572 4805 2783 4861 ordinis
2803 4805 3120 4877 dignitatem
3170 4813 3225 4861 et
3271 4817 3553 4876 personam
3598 4798 3801 4855 honorare

2299 4908 2353 4954 et
2374 4898 2584 4955 salvare
2604 4905 2657 4952 et
2680 4897 3000 4953 honoratum
3025 4911 3087 4952 ac
3110 4897 3375 4953 salvatum
3398 4880 3686 4953 conservare
3702 4880 3799 4976 volo.

2299 4997 2355 5044 et
2397 4974 2686 5058 unicuique
2738 5003 2925 5043 eorum
2985 4987 3037 5042 in
3081 5002 3180 5045 suo
3220 4988 3413 5043 ordine
3449 4980 3709 5068 secundum

2302 5087 2671 5150 competentes
2691 5078 2855 5150 leges,
2897 5089 3004 5134 tam
3032 5079 3334 5135 mundanas
3362 5091 3520 5147 quam
3546 5065 3802 5128 ecclesiasti-
3844 5078 3853 5089 υ

618 5164 820 5234 quique
840 5164 924 5221 vel
948 5180 1175 5239 quaeque
1196 5166 1249 5221 in
1279 5166 1485 5222 ordinis
1508 5168 1590 5223 sui
1621 5169 1903 5240 dignitate,
1934 5170 2196 5227 honorem
2229 5142 2277 5202 θ
2303 5142 2441 5239 cas;
2461 5181 2666 5228 rectam
2699 5142 2962 5228 rationem
3008 5179 3063 5227 et
3094 5169 3366 5241 justitiam
3421 5152 3804 5225 conservabOIC‘

618 5264 784 5326 atque
822 5256 1214 5317 immunitatem
1254 5259 1549 5324 secundum
1590 5275 1786 5329 sacras
1838 5262 1985 5335 leges
2022 5271 2076 5319 et
2106 5278 2194 5319 ca-

618 5361 789 5403 nones
816 5348 1071 5405 habeant.

688 5436 744 5492 2.
785 5437 853 5493 lit
878 5438 946 5495 ab
966 5422 1490 5517 archiepiscOpiset
1531 5445 1794 5521 episcopis
1841 5456 1897 5504 et
1952 5450 2020 5504 ab
2076 5448 2195 5506 aliis

2304 5263 2506 5319 nullum
2525 5263 2761 5319 fidelium
2787 5273 3095 5319 nostrorum
3117 5271 3301 5319 contra
3327 5260 3497 5333 legem
3516 5244 3800 5333 etjustitiatn.

2305 5353 2387 5410 vel
2411 5354 2786 5410 auctoritatem
2819 5369 2884 5409 ac
2907 5353 3110 5424 justam
3141 5354 3427 5416 rationem,
3476 5356 3563 5405 aut
3598 5330 3802 5424 damnabo

2304 5456 2396 5502 aut
2422 5447 2789 5515 dehonorabo,
2817 5420 3259 5521 aut-opprimam,
3278 5452 3372 5505 aut
3391 5437 3627 5502 indebitis
3646 5420 3801 5491 maelii

2159 5560 2385 5619 NOTAE.

694 5666 840 5732 U55)
867 5668 1226 5729 Lauduneusl.

697 5738 843 5808 (156)
870 5741 1200 5815 Augustano.

2377 5676 2525 5749 (157)
2549 5677 2937 5736 Bellovacensi.
