3960 6320
197 421 286 474 755

1158 409 1587 468 FRANCORUM
1624 408 1867 465 REGUM
1906 411 2388 468 CAPITULARIA.

3301 415 3406 472 πι

197 526 474 585 nationibus
498 522 756 594 aﬂligam;
788 529 843 576 et
873 521 1066 593 legem,
1095 529 1155 576 ut
1181 522 1569 591 praediximus,
1612 521 1729 575 uni-
1759 510 1804 565 Α
1833 526 1933 595 ipsi
1960 527 2347 598 archiepiscopi
2376 535 2428 583 et
2456 527 2692 597 episcopi
2726 530 2997 594 ohediant,
3027 537 3087 584 ut
3111 533 3407 586 secundum

196 619 368 686 cuique
393 619 802 684 competentem,
824 610 964 665 sicut
988 620 1362 666 antecessores
1384 611 1465 666 sui
1491 623 1734 681 tempore

195 713 562 762 antecessorum
592 715 833 755 meorum
866 699 1190 762 habuerunt,
1216 701 1270 756 in
1297 701 1442 755 omni
1475 701 1734 770 dignitate

198 806 243 853 et
263 795 455 858 ordine,
501 793 788 863 adjuvante
835 792 1082 856 Domino,
1121 801 1563 847 conservaturum
1612 806 1735 861 per-

193 887 330 948 dono,
353 883 565 938 cuilibet
607 883 871 936 duntaxat
913 898 980 937 ex
1034 883 1114 936 eis
1138 883 1229 952 qui
1276 883 1406 937 mihi
1455 881 1640 936 iideles
1679 889 1735 936 et

191 973 474 1028 obedientes
487 987 551 1024 ac
567 972 678 1024 veri
709 969 986 1038 adjutores
1011 981 1172 1039 atque
1192 969 1735 1038 coeperatoresjuxta

193 1077 324 1117 suum
353 1062 706 1116 ministerium
731 1070 786 1116 et
813 1076 1127 1130 personam,
1171 1063 1394 1115 consilio
1443 1070 1499 1114 c-t
1536 1059 1735 1114 auxilio

190 1153 452 1206 secundum
477 1166 631 1205 suum
661 1152 801 1206 scire
833 1161 890 1206 et
937 1167 1118 1220 posse,
1147 1162 1201 1207 et
1234 1154 1525 1209 secundum
1566 1153 1734 1206 Deum

191 1261 244 1300 ac
289 1244 572 1299 secundum
625 1244 865 1300 seculum
917 1244 1138 1308 fuerint,
1192 1248 1328 1300 sicut
1382 1261 1478 1316 per
1527 1254 1732 1300 rectum

189 1340 525 1408 unusquisque
576 1339 628 1392 in
662 1353 760 1394 suo
785 1339 973 1394 ordine
999 1348 1053 1394 et
1079 1348 1221 1393 statu
1273 1340 1380 1408 regi
1428 1355 1526 1394 suo
1552 1349 1606 1392 et
1636 1353 1734 1392 suo

189 1431 364 1485 seniori
396 1445 515 1484 esse
559 1429 739 1484 debet.
791 1429 859 1484 Et
913 1429 1144 1500 capitula
1189 1445 1308 1498 qnte
1337 1445 1468 1484 avus
1497 1438 1550 1483 et
1583 1438 1736 1498 pater

188 1531 346 1583 noster
371 1537 465 1592 pro
489 1531 636 1577 statu
665 1530 721 1577 et
756 1522 1062 1576 munimine
1107 1536 1308 1576 sanctre
1354 1522 1444 1575 Dei
1481 1520 1736 1574 Ecclesizn

187 1627 240 1665 ac
258 1612 613 1665 ministrorum
639 1611 756 1682 ejus
776 1619 831 1665 et
854 1626 956 1682 pro
982 1625 1114 1680 pace
1141 1625 1204 1664 ac
1237 1611 1446 1680 jnstitia
1471 1609 1648 1678 pepuli
1680 1617 1735 1662 et

185 1706 340 1774 quiete
364 1705 508 1776 regni
539 1705 958 1770 constituerunt,
981 1713 1035 1758 et
1055 1720 1174 1773 quae
1197 1720 1297 1772 nos
1326 1719 1446 1756 cum
1474 1702 1732 1758 fratribus

187 1796 357 1850 nostris
388 1795 603 1865 regibus
623 1802 682 1850 et
702 1796 900 1850 nostris
926 1810 991 1850 ac
1012 1808 1200 1850 eorum
1226 1795 1470 1850 ﬁdelibus
1493 1811 1733 1848 cominu-

186 1886 305 1940 niter
330 1884 729 1950 constituimus,
752 1887 846 1939 sed
879 1892 934 1938 et
962 1900 1082 1955 qua:
1114 1899 1216 1938 nos
1237 1885 1464 1938 consilio
1503 1893 1558 1938 et
1601 1895 1732 1938 con-

185 1996 318 2034 sensu
339 1981 709 2050 episcoporum
737 1995 805 2034 ac
830 1989 1140 2035 ceterorum
1177 1981 1270 2036 Dei
1319 1990 1373 2035 et
1422 1990 1728 2036 nostrorum

183 2071 410 2137 ﬁdeliora,
431 2087 530 2142 pro
558 2072 940 2142 supr-ascriptis
965 2072 1146 2127 causis
1185 2073 1239 2126 in
1274 2073 1500 2128 diversis
1520 2072 1731 2144 placitis

182 2164 352 2218 nostris
395 2162 767 2218 conservanda
813 2161 1120 2227 statuimus,
1175 2176 1497 2232 permanere
1536 2162 1730 2220 incon-

185 2249 316 2305 vulsa
340 2251 550 2306 decerni
561 2265 701 2306 mus.

235 2343 282 2396 ι.
318 2343 380 2397 Ut
407 2345 530 2413 quia
587 2343 732 2413 regia
780 2350 964 2397 nostra
993 2352 1235 2413 potestas
1264 2346 1392 2407 hoc,
1442 2345 1731 2414 adiuvante

181 2431 396 2497 Domine,
441 2433 638 2502 exequi
687 2448 785 2502 per
823 2433 1005 2486 omnia
1056 2435 1225 2502 cupit,
1276 2435 1422 2504 regni
1469 2435 1728 2498 ministri,

181 2534 403 2591 quantum
427 2525 572 2580 Deus
594 2525 736 2580 scire
759 2533 813 2578 et
841 2539 1000 2593 posse
1030 2525 1137 2580 illis
1163 2527 1464 2589 donaverit,
1513 2528 1726 2594 episco-

179 2616 245 2684 pis
283 2625 330 2671 et
365 2617 561 2672 ceteris
587 2615 960 2672 sacerdotibus
988 2632 1053 2672 ac
1087 2619 1259 2673 servis
1281 2627 1334 2673 et
1363 2619 1574 2672 ancillis
1611 2620 1728 2684 Dei,

180 2715 226 2760 ut
247 2722 383 2764 suum
413 2708 776 2762 ministerium
805 2707 1030 2777 implere
1060 2710 1290 2778 possint,
1318 2709 1542 2764 sicutab
1573 2718 1730 2763 ante-

180 2797 442 2853 cessoribus
469 2797 676 2852 nostris
701 2797 1114 2866 imperatoribus
1140 2807 1194 2852 et
1215 2799 1432 2868 regibus
1449 2808 1503 2852 et
1523 2814 1551 2852 a
1576 2800 1732 2853 nobis

181 2890 493 2944 constitutum
548 2897 652 2953 est,
710 2888 1037 2958 adjutorinm
1094 2898 1369 2958 praestent,
1419 2897 1475 2943 et
1531 2890 1733 2944 sanctis

179 2977 386 3032 ecclesiis
429 2987 484 3034 et
531 2977 910 3033 sacerdotibus
952 2993 1015 3033 ac
1060 2981 1234 3036 servis
1269 2989 1324 3034 et
1374 2980 1585 3035 ancillis
1612 2980 1726 3044 Dei,

178 3069 432 3122 secundum
460 3083 654 3124 sacras
685 3067 830 3137 leges
857 3078 964 3122 tam
1017 3071 1316 3125 mundanas
1345 3085 1506 3140 quam
1553 3069 1728 3124 eccle-

177 3157 406 3233 siasticas,
434 3170 487 3216 et
520 3161 818 3215 secundum
844 3161 1074 3229 capitula
1110 3163 1197 3218 avi
1227 3172 1284 3218 et
1321 3163 1493 3232 patris
1546 3163 1717 3218 nostri

177 3258 227 3301 ac
248 3258 440 3316 nostra,
467 3250 718 3306 debitum
770 3251 1028 3305 honorem
1079 3260 1135 3307 et
1160 3251 1557 3307 immunitatem
1599 3267 1730 3307 con-

179 3347 362 3394 servent
384 3349 434 3394 et
464 3339 790 3404 exhibeant,
814 3348 872 3393 ut
901 3340 1082 3410 quiete
1117 3355 1215 3410 pro
1241 3341 1534 3396 stabilitate
1577 3340 1728 3412 regni

175 3440 224 3481 ac
249 3437 414 3485 nostra
440 3440 496 3486 et
555 3429 769 3485 illorum
798 3430 971 3486 salute
1014 3429 1298 3486 Dominum
1344 3446 1573 3487 exorare
1606 3445 1729 3500 pos-

174 3517 278 3572 sint.

229 3606 275 3660 5.
311 3608 375 3666 Ut
399 3608 642 3683 episcopi
666 3609 974 3677 comitibus,
1001 3610 1205 3675 missis,
1229 3619 1283 3668 et
1307 3612 1479 3668 vassis
1503 3613 1725 3680 nostris,

174 3697 251 3752 sed
276 3708 325 3754 et
349 3700 477 3770 ipsis
507 3701 628 3757 suis
657 3701 906 3764 subditis,
937 3709 1052 3756 tam
1102 3701 1316 3758 clericis
1343 3718 1506 3774 quam
1553 3703 1725 3771 laicis,

174 3795 218 3839 et
240 3791 478 3846 comitum
535 3805 600 3847 ac
644 3791 997 3846 vassaliorum
1048 3801 1356 3848 nostrorum
1399 3791 1723 3860 hominibus,

173 3887 418 3944 paternam
466 3881 865 3951 benignitatem
921 3882 1216 3937 secundum
1282 3897 1440 3938 suum
1491 3883 1730 3940 ministe-

180 3964 320 4036 rium,
344 3983 397 4028 et
421 3973 669 4029 debitum
714 3974 973 4030 honorem
1022 3989 1086 4029 ac
1125 3975 1296 4045 legem
1339 3983 1396 4030 et
1437 3975 1726 4046 justitiam,

176 4061 434 4134 unicuique
486 4065 793 4121 secundum
837 4081 992 4120 suum
1039 4065 1286 4123 ordinem
1319 4082 1383 4122 ac
1411 4068 1728 4137 dignitatem

175 4147 455 4219 impendant
474 4163 538 4210 et
555 4163 896 4234 conservent,
924 4155 1064 4210 sicut
1083 4170 1252 4210 saeue
1275 4155 1420 4222 leges
1443 4166 1549 4210 tam
1573 4173 1725 4212 mun-

181 4239 310 4297 dahae
330 4259 491 4314 quam
525 4245 928 4309 ecclesiasticae,
984 4255 1040 4301 et
1079 4247 1312 4315 capitula
1357 4248 1440 4301 avi
1475 4255 1532 4302 et
1561 4249 1728 4318 patris

175 4338 320 4390 nostri
346 4339 669 4404 decernunt,
698 4346 754 4393 et
781 4338 922 4393 sicut
946 4338 1001 4392 in
1023 4337 1274 4407 capitulis
1328 4355 1358 4393 a
1401 4339 1556 4394 nobis
1594 4349 1650 4394 et
1695 4355 1728 4394 a

171 4423 653 4507 fratribusmostris
701 4431 918 4499 regibus
961 4445 1024 4484 ac
1068 4430 1444 4486 communibus
1480 4432 1727 4489 ﬁdelibus

171 4519 346 4574 nostris
364 4529 448 4575 est
475 4521 851 4586 constitutum,
879 4527 936 4574 et
980 4519 1118 4574 sicut
1164 4520 1496 4589 temporibus
1540 4520 1625 4574 avi
1671 4531 1727 4576 et

171 4608 318 4672 patris
345 4610 684 4680 nostrijnsta
733 4620 789 4665 et
837 4611 1171 4667 rationabilis
1220 4611 1555 4668 consuetudo
1597 4611 1720 4666 fuit.

171 4696 409 4758 Similiter
437 4704 668 4759 comites
688 4711 744 4759 et
771 4703 921 4759 missi
952 4718 1018 4758 ac
1043 4705 1183 4760 vassi
1243 4705 1412 4760 nostri
1456 4705 1725 4776 episcopis

170 4802 224 4846 ac
261 4795 589 4868 presbyteris
637 4793 876 4849 debitam
929 4795 1312 4860 reverentiam,
1367 4804 1424 4851 et
1482 4795 1725 4852 vassailis

169 4880 517 4953 episcoporum
543 4882 714 4954 legem
737 4892 790 4938 et
811 4883 1078 4952 justitiam
1107 4892 1160 4937 et
1191 4885 1428 4938 debitum
1462 4883 1724 4940 honorem

169 4967 480 5041 impendant,
509 4975 803 5032 secundum
835 4973 1089 5044 praefatas
1119 4974 1264 5044 leges
1283 4983 1340 5028 et
1381 4974 1605 5047 praelata
1635 4991 1724 5031 cas

168 5059 316 5127 pitula
343 5079 406 5120 ac
429 5064 709 5134 praefatam
733 5065 1200 5126 consuetudinem.

225 5152 274 5207 6.
312 5155 380 5212 Ut
408 5157 452 5216 si
477 5157 710 5227 episcopi
751 5157 863 5212 suis
893 5156 1104 5210 clericis
1140 5155 1336 5224 injuste
1363 5155 1611 5222 fecerint,
1638 5171 1722 5212 se-

167 5243 383 5301 cundum
413 5249 555 5317 quod
585 5247 728 5304 sacri
777 5261 1012 5303 canones
1056 5255 1112 5302 et
1156 5261 1324 5301 sacrae
1373 5247 1538 5317 leges,
1585 5263 1722 5316 quas

169 5330 384 5388 ecclesia
414 5335 684 5392 catholica
726 5335 918 5406 probat
943 5344 998 5392 et
1024 5343 1224 5402 servat,
1261 5335 1563 5406 praeﬁgunt,
1619 5336 1722 5390 hoc

169 5431 339 5476 eorum
389 5424 612 5495 judicio,
655 5439 897 5496 'quorum
947 5426 1208 5493 interest,
1255 5427 1548 5482 emendare
1597 5442 1720 5500 pro-

168 5520 360 5566 curent.

230 5603 279 5656 7.
318 5604 388 5662 Ut
429 5609 475 5664 si
504 5610 739 5682 episc0pi
771 5612 884 5667 suis
927 5612 1080 5668 laicis
1132 5612 1328 5682 injuste
1373 5612 1623 5683 fecerint,
1672 5625 1726 5672 et

171 5688 260 5758 ipsi
283 5693 404 5752 laici
432 5713 490 5754 se
509 5702 575 5757 ad
603 5717 700 5757 nos
729 5701 853 5757 inde
875 5703 1308 5770 reclamaverint,
1339 5716 1538 5761 nostra:
1568 5709 1726 5779 regiae

171 5789 408 5847 potestati
453 5795 741 5848 secundum
779 5803 1021 5850 nostrum
1065 5805 1118 5849 et
1165 5812 1319 5851 suum
1367 5800 1722 5856 ministerium

1833 629 2049 675 sanctos
2077 635 2332 686 canones,
2361 631 2415 677 et
2437 621 2591 690 juxta
2613 621 2760 693 leges
2797 637 2930 692 quas
2959 623 3187 679 ecclesia
3220 625 3380 680 catho

1833 709 1935 764 lica
1963 712 2157 781 probat
2198 721 2254 767 et
2300 723 2500 778 servat,
2529 721 2586 768 et
2629 713 2922 768 secundum
2951 714 3180 784 capitula
3227 730 3308 768 av:
3357 722 3412 769 et

1832 802 2000 872 patris
2028 805 2218 866 nostri,
2255 805 2356 859 hoc
2385 805 2675 858 emendare
2714 814 2928 869 curent,
2951 814 3006 859 et
3041 805 3182 859 sicut
3204 813 3410 874 tempo-

1833 896 1985 948 ribus
2015 896 2098 949 avi
2130 904 2184 950 et
2211 897 2382 966 patris
2429 897 2598 952 nostri
2645 896 2790 966 justa
2821 903 2876 950 et
2920 896 3255 952 rationabilis
3284 909 3414 951 con-

1835 987 2062 1041 suetudo
2090 986 2208 1042 fuit.

1904 1077 1956 1129 8.
1998 1077 2068 1131 Ut
2095 1078 2390 1148 presbyteri
2436 1078 2750 1147 parochiani
2795 1077 2909 1132 suis
2931 1077 3236 1132 senioribus
3259 1074 3412 1130 debi-

1837 1177 1945 1224 tam
2002 1172 2362 1225 reverentiam
2412 1181 2466 1227 et
2505 1180 2896 1242 compelentem
2944 1173 3201 1226 honorem
3251 1182 3412 1241 atque

1835 1261 2151 1330 obsequium
2181 1264 2476 1316 secundum
2510 1278 2664 1316 suum
2690 1263 3044 1317 ministerium
3078 1263 3408 1332 impendant,

1835 1350 1974 1404 sicut
2004 1351 2055 1405 in
2091 1352 2296 1419 legibus
2319 1353 2490 1406 sacris
2512 1361 2569 1406 et
2595 1353 2646 1406 in
2675 1352 2912 1422 prchatis
2960 1353 3208 1422 capitulis
3233 1351 3410 1407 conti-

1837 1451 2017 1500 netur,
2041 1450 2095 1494 et
2125 1442 2266 1496 sicut
2296 1443 2626 1512 temporibus
2657 1443 2740 1497 avi
2771 1451 2826 1497 et
2852 1443 3022 1511 patris
3072 1444 3240 1497 nostri
3266 1443 3412 1510 justa

1834 1539 1887 1582 et
1916 1531 2253 1585 rationabilis
2285 1531 2620 1585 consuetudo
2646 1531 2764 1586 fuit.
2791 1532 2942 1598 Quod
2975 1533 3018 1586 si
3047 1532 3145 1602 ipsi
3191 1530 3414 1600 presby-

1836 1620 1938 1675 teri
1967 1634 2072 1672 non
2117 1620 2364 1683 fecerint,
2417 1621 2660 1676 seniores
2708 1621 2918 1676 illorum
2961 1623 3250 1692 episcopis,
3304 1636 3413 1678 non

1834 1721 1930 1775 per
1957 1707 2295 1762 occasionem
2323 1717 2419 1763 aut
2463 1709 2746 1774 malitiam,
2793 1711 2885 1765 sed
2935 1725 3034 1779 per
3071 1712 3331 1766 rationem
3359 1719 3415 1766 et

1837 1797 2142 1861 veritatem,
2195 1799 2298 1852 hoc
2348 1800 2686 1856 innotescere
2734 1803 3016 1868 studeant;
3071 1810 3128 1857 et
3173 1803 3412 1872 episcopi

1838 1888 2181 1958 presbyteros
2227 1891 2518 1945 secundum
2570 1907 2724 1946 suum
2780 1893 3138 1948 ministerium
3185 1894 3413 1962 etleges

1834 1977 2234 2033 ecclesiasticas
2269 1979 2450 2033 taliter
2476 1981 2763 2050 castigent,
2791 1984 2966 2037 uthoc
2985 1983 3101 2037 illos
3124 1983 3414 2038 emendare

1833 2067 2096 2132 delectet;
2131 2068 2368 2137 qualiter
2389 2085 2510 2124 cum
2557 2073 2862 2127 necessaria
2910 2073 3255 2142 benignitatis
3281 2087 3437 2127 conv

1831 2159 2013 2213 cordia
2043 2165 2098 2210 et
2124 2157 2194 2210 illi
2219 2175 2316 2232 pro
2345 2161 2648 2217 senioribus
2695 2164 2809 2218 suis
2858 2178 3040 2226 orare,
3085 2174 3140 2218 et
3167 2164 3413 2220 seniores

1833 2251 2044 2307 illorum
2071 2269 2227 2310 sacra
2269 2253 2442 2310 ollicia
2489 2262 2547 2308 et
2585 2253 2764 2310 divina
2813 2257 3065 2324 mysteria
3093 2270 3229 2325 puro
3248 2253 3414 2310 corde

1831 2359 1929 2412 per
1961 2345 2080 2399 illos
2105 2347 2382 2415 suscipere
2407 2345 2636 2416 possint.

1901 2435 1954 2490 9.
1995 2434 2064 2490 Ut
2090 2436 2134 2490 si
2163 2435 2387 2490 abbates
2413 2436 2496 2490 vel
2543 2436 2847 2499 abbatissae,
2903 2445 2995 2492 aut
3040 2426 3266 2492 comites
3309 2450 3407 2492 seu

1831 2526 1971 2579 vassi
2006 2526 2196 2590 nostri,
2233 2535 2324 2582 aut
2349 2526 2514 2582 ceteri
2550 2526 2666 2580 laici
2695 2527 2922 2581 clericos
2951 2526 3244 2596 probabilis
3289 2527 3414 2580 vitae

1831 2623 1886 2667 et
1908 2612 2170 2670 doctrinae
2199 2616 2468 2686 episcopis
2490 2617 2752 2669 canonice
2777 2616 3171 2670 consecrandos
3192 2615 3416 2684 suisque

1834 2703 1887 2757 in
1915 2704 2160 2760 ecclesiis
2203 2707 2609 2762 constituendos
2650 2707 2962 2772 obtulerint,
2996 2707 3138 2762 nulla
3172 2706 3415 2776 qualibet

1831 2794 2118 2849 occasione
2144 2810 2238 2848 eos
2261 2795 2496 2864 episcopi
2521 2796 2601 2850 vel
2645 2796 2875 2850 ministri
2901 2811 3089 2850 eorum
3122 2795 3409 2866 rejiciant;

1831 2892 1886 2937 et
1929 2884 2165 2952 episcopi
2220 2886 2548 2954 praevideant
2604 2900 2764 2952 quem
2809 2885 3064 2940 honorem
3110 2884 3412 2956 presbyteri

1832 2990 1932 3044 pro
1955 2974 2201 3029 ecclesiis
2227 2976 2340 3030 suis
2389 2975 2696 3030 senioribus
2737 2976 2851 3031 suis
2903 2977 3140 3032 tribuere
3191 2978 3409 3034 debent.

1833 3065 1898 3118 Et
1926 3065 2163 3135 episcopi
2196 3067 2484 3135 parochias
2523 3075 2578 3121 et
2605 3067 2842 3122 decimas
2881 3068 3118 3138 antiquis
3167 3069 3412 3124 ecclesiis

1833 3166 2082 3223 servent;
2112 3166 2166 3212 et
2187 3158 2430 3216 seniores
2461 3158 2856 3212 immunitatem
2884 3160 2948 3213 de
2993 3173 3184 3214 manso
3225 3160 3292 3213 ad
3322 3173 3413 3214 ec-

1833 3248 2058 3302 clesiam
2083 3248 2210 3303 dato
2231 3257 2559 3304 conservent
2590 3267 2602 3302 :
2629 3259 2683 3303 et
2709 3264 2815 3304 non
2840 3251 2955 3304 sine
2979 3251 3302 3306 auctoritate
3327 3250 3414 3306 vel

1831 3353 2099 3392 consensu
2149 3338 2551 3407 episcoporum,
2607 3339 2911 3410 presbyteri
2971 3339 3026 3392 in
3085 3339 3413 3408 quibuslibet

1829 3428 2074 3483 ecelesiis
2098 3430 2498 3484 constituantur
2519 3428 2602 3483 vel
2627 3430 2984 3498 expelluntur,
2999 3429 3138 3484 sicut
3159 3431 3211 3506 in
3238 3431 3414 3501 primo

1831 3519 1970 3575 libro
2000 3520 2359 3590 capitulorum
2407 3520 2493 3574 avi
2543 3527 2598 3574 et
2650 3521 2819 3589 patris
2846 3521 3042 3586 nostri,
3093 3529 3149 3577 et
3188 3520 3412 3575 sicutin

1831 3611 2085 3681 capitulis
2111 3613 2282 3682 patris
2305 3613 2500 3679 nostri,
2555 3628 2699 3668 anno
2749 3614 2815 3668 16
2845 3614 3058 3683 imperii
3084 3613 3200 3682 ejus
3231 3614 3409 3680 factis,

1831 3703 2161 3758 continetur.
2214 3705 2280 3760 Et
2329 3704 2635 3761 senioribus
2663 3707 3102 3780 presbyterorum
3132 3707 3234 3763 hoc
3270 3707 3414 3763 suill-

1830 3793 1959 3856 ciat,
1981 3803 2034 3854 et
2065 3795 2293 3865 amplius
2322 3811 2420 3864 per
2443 3795 2747 3864 ingeniosas
2775 3797 3204 3853 machinationes
3233 3812 3262 3850 a
3291 3813 3412 3867 pre-

1829 3883 2065 3953 sbyteris
2119 3899 2224 3938 non
2280 3885 2501 3954 exigant
2552 3884 2636 3940 vel
2689 3885 2998 3955 exquirant,
3031 3887 3134 3940 nisi
3181 3888 3320 3942 sicut
3354 3888 3410 3942 in

1829 3975 2034 4030 eisdem
2079 3975 2328 4045 capitulis
2355 3977 2439 4032 avi
2485 3985 2540 4030 et
2585 3978 2757 4048 patris
2802 3979 2974 4032 nostri
3002 3994 3068 4033 ac
3093 3980 3294 4034 nostris
3327 3988 3413 4034 est

1829 4066 2206 4131 constitutum,
2238 4083 2306 4121 ne
2336 4065 2504 4120 Deum
2547 4064 2839 4129 oﬁ‘endant,
2867 4077 2922 4123 et
2943 4082 3042 4136 pro
3066 4067 3216 4122 lucro
3242 4076 3412 4122 terre-

1828 4169 1921 4220 no,
1951 4157 2096 4224 quod
2142 4155 2304 4218 absit,
2350 4170 2477 4211 suas
2506 4157 2717 4212 animas
2762 4155 3010 4225 perdant,
3059 4163 3116 4212 et
3169 4165 3410 4212 nostram

1828 4247 2088 4300 offensam
2117 4247 2418 4309 incurrant,
2441 4261 2506 4300 ac
2551 4255 2671 4316 post
2710 4246 2946 4302 debitam
2971 4247 3408 4304 emendationem

1827 4336 2044 4408 dignam
2069 4337 2458 4392 harmiscaram
2483 4353 2512 4389 a
2536 4337 2691 4392 nobis
2728 4337 3053 4406 dispositam
3086 4338 3407 4392 sustineant.

1827 4429 1895 4482 Et
1915 4429 2156 4499 episcopi
2187 4440 2293 4483 tam
2321 4427 2566 4483 seniores
2605 4427 3042 4499 presbyterorum
3092 4443 3253 4497 quam
3284 4440 3408 4497 pre-

1827 4522 2098 4590 sbyteros,
2143 4520 2239 4574 sed
2280 4528 2335 4574 et
2383 4519 2613 4587 scipsos,
2664 4519 2991 4583 custodiant,
3036 4534 3104 4573 ne
3145 4517 3268 4572 laici
3316 4531 3410 4587 per

1829 4610 2209 4680 ignorantiam,
2238 4619 2293 4664 et
2323 4610 2624 4679 presbyteri
2653 4624 2751 4679 per
2782 4611 3186 4675 necessitatem,
3232 4620 3287 4664 et
3307 4609 3411 4680 ipsi

1828 4699 2067 4770 episcopi
2099 4699 2180 4756 vel
2214 4700 2447 4756 ministri
2487 4713 2675 4754 eorum
2709 4715 2806 4770 per
2833 4702 3182 4771 cupiditatem
3206 4710 3262 4756 et
3282 4716 3410 4755 ava-

1830 4793 2036 4861 ritiam,
2063 4793 2208 4866 quod
2238 4792 2399 4856 absit,
2422 4794 2476 4846 in
2508 4791 2870 4847 Simoniacam
2903 4793 3150 4848 haeresim
3175 4793 3404 4858 cadant;

1829 4886 1979 4954 quia,
2008 4897 2066 4939 ut
2090 4893 2309 4940 sanctus
2331 4883 2628 4956 Gregorius
2648 4884 2801 4948 dicit,
2831 4885 2922 4953 qui
2948 4885 3168 4954 praemio
3184 4883 3266 4938 vel
3288 4899 3409 4954 gra-

1831 4978 1904 5037 tia
1936 4986 2030 5030 aut
2055 4977 2450 5046 supplicatione
2495 4976 2734 5030 indebita
2771 4977 2838 5030 ad
2869 4991 3054 5030 sacros
3077 4975 3297 5030 ordines
3318 4989 3412 5030 ac-

1828 5067 1973 5123 cedit
1999 5067 2081 5122 vel
2101 5069 2775 5138 promovetur,haereticus
2798 5083 2828 5121 a
2852 5067 3081 5124 Domino
3097 5069 3404 5136 deputatur,

1830 5168 1939 5215 tam
1969 5159 2060 5215 ille
2081 5158 2172 5228 (lui
2201 5170 2575 5228 promovetur,
2605 5175 2764 5230 quam
2793 5159 2882 5216 ille
2904 5176 2934 5214 a
2958 5176 3066 5231 quo
3091 5158 3270 5213 taliter
3288 5173 3407 5228 pro-

1829 5261 2094 5317 movetur,
2127 5261 2182 5307 et
2201 5251 2354 5320 cujus
2385 5253 2690 5308 interventu
2735 5251 2915 5307 taliter
2942 5261 3321 5320 promovetur;
3351 5259 3408 5306 et

1827 5341 1918 5410 qui
1942 5356 2041 5412 pro
2076 5341 2167 5398 tali
2191 5342 2533 5398 ordinatione
2573 5343 2780 5397 inlicita
2829 5341 3068 5411 quolibet
3093 5340 3416 5410 maloinged

1831 5432 1944 5500 nio,
1975 5433 2120 5502 quod
2145 5432 2314 5487 Deum
2363 5432 2535 5488 latere
2583 5447 2692 5487 non
2719 5438 2917 5500 potest,
2949 5429 3151 5500 aliquid
3197 5429 3408 5484 dederit

1832 5526 1918 5580 vel
1946 5526 2235 5597 acceperit,
2264 5525 2347 5581 vel
2372 5527 2637 5581 mediator
2663 5524 2838 5578 factus
2864 5523 3042 5588 fuerit,
3068 5539 3097 5575 a
3114 5523 3243 5587 Deo,
3267 5523 3406 5577 sicut

1829 5633 2067 5674 canones
2089 5618 2184 5674 Dei
2215 5619 2405 5688 spiritu
2428 5617 2628 5674 conditi
2657 5617 3042 5679 demonstrant,
3070 5615 3402 5670 condemna-

1835 5723 1921 5766 tur
1962 5728 2060 5782 per
2111 5712 2326 5768 illorum
2376 5711 2639 5781 judicium
2687 5709 2778 5778 qui
2819 5725 2943 5766 cum
2990 5709 3100 5766 Deo
3147 5711 3200 5765 in
3249 5709 3403 5765 caelis

1831 5813 2059 5876 regnant
2079 5813 2132 5861 et
2162 5807 2214 5860 in
2243 5805 2403 5861 terris
2433 5803 2705 5860 miraculis
2731 5814 3036 5860 coruscant.
3071 5805 3400 5862 Damnantur
