3960 6320
600 380 703 446 735

1297 396 1706 461 APPENDJtD
1742 400 1916 460 SIEC.
1962 400 2029 458 Χ.
2069 434 2139 445 --
2172 402 3141 469 MONUMENTA.DIPLOMATICA.
3701 422 3777 478 736

605 505 792 576 utique
850 476 1183 578 in'przise‘nti
1213 498 1416 577 sectile,
1444 514 1803 595 comburendi
1850 516 1971 586 igne
1996 532 2186 587 perpe-
2212 527 2261 581 Α
2289 522 2926 591 omnibusjudicantibus
2957 523 3087 580 dicit
3113 540 3124 578 :
3170 522 3236 579 lu
3270 541 3369 595 qua
3404 523 3592 597 judicio
3617 534 3779 601 judica-

600 603 719 660 tuo,
767 596 900 652 tales
928 599 1292 669 negotiatores
1318 602 1491 670 pravi,’
1521 618 1644 657 cum
1691 607 1834 675 quod
1872 606 2018 675 juste
2044 607 2182 663 bene

600 687 811 744 meritis
836 688 969 743 dare
1015 691 1186 759 gratis
1229 691 1445 758 debent,
1488 692 1782 763 justitiam,
1831 698 1971 753 sicut
2015 699 2180 754 Judas

600 775 898 839 Christum,
923 778 1034 846 qui,
1065 787 1124 832 ut
1144 779 1277 834 dicit
1304 780 1617 851 Apostolus,
1644 783 1820 840 factus
1845 795 1929 840 est
1966 787 2121 842 nobis
2149 804 2182 843 a

602 862 714 919 Deo
730 864 963 934 justitia,
992 869 1253 934 vendidit,
1278 870 1353 927 ita
1386 880 1439 926 et
1464 873 1548 927 isti
1577 874 1740 929 Deum
1771 886 1977 946 patrem
2005 880 2180 933 omni-

600 962 901 1024 potentem,
923 967 978 1011 et
997 959 1223 1013 eandem
1243 960 1514 1029 justitiam
1541 964 1840 1032 Christum,
1866 977 2024 1036 atque
2050 984 2180 1022 con-

597 1044 1008 1101 substantialem
1036 1048 1144 1104 illis
1172 1060 1418 1105 sanctum
1461 1054 1749 1123 Spiritum,
1777 1059 1867 1126 qui
1892 1074 1988 1129 per
2012 1059 2182 1128 impo-

598 1132 851 1190 sitionem
900 1142 1160 1192 manuum
1202 1143 1618 1199 sacerdotalium
1656 1147 2182 1205 hominibustrihui—

604 1233 710 1289 tur,
745 1228 1003 1297 quoniam
1035 1242 1237 1286 sancta:
1266 1231 1551 1291 Trinitatis
1579 1252 1687 1292 una
1722 1248 1803 1294 est
1846 1249 2059 1304 natura,
2084 1256 2180 1297 vo-

601 1314 808 1385 luntas,
829 1328 885 1374 et
908 1322 1174 1391 operatio,
1203 1325 1404 1392 gradus
1454 1328 1852 1386 ecclesiasticos
1904 1334 2181 1403 temporali

605 1411 895 1466 commodo
938 1412 1131 1468 dantes
1177 1415 1262 1470 vel
1314 1420 1643 1489 accipientes
1688 1425 1960 1491 vendunt;
2003 1437 2057 1481 ct
2090 1428 2179 1496 qui

600 1500 833 1569 pretium
857 1503 1085 1572 proinde
1112 1505 1336 1575 donant,
1366 1521 1554 1565 emunt
1576 1524 1882 1582 peccatum,
1910 1527 1966 1570 et
2008 1517 2181 1573 hanc-

601 1590 697 1646 tici
726 1590 894 1660 ﬁunt;
946 1603 1002 1649 et
1024 1596 1117 1665 qui
1144 1600 1422 1667 praemium
1450 1604 1680 1674 proinde
1720 1609 2014 1677 accipiunt,
2040 1612 2179 1668 sicut

601 1680 745 1737 idem
768 1693 988 1742 sanctus
1011 1687 1348 1746 demonstrat
1369 1688 1687 1766 Gregorius,
1718 1698 1845 1755 iacti
1869 1711 1924 1756 et
1944 1704 2046 1772 ipsi
2070 1704 2184 1760 ha:-

597 1769 753 1824 retici
772 1785 866 1827 eos
886 1775 1104 1832 malitiae
1126 1794 1237 1833 suae
1258 1781 1452 1850 gladiis
1473 1788 1727 1842 occidunt
1743 1804 1879 1857 quos
1902 1769 2178 1851 viviﬁcare

597 1860 861 1919 orationis
881 1880 992 1920 sua:
1016 1866 1408 1927 intercessione
1430 1874 1752 1932 debuerunt.

672 1950 760 2003 10.
800 1951 870 2007 Ut
918 1969 1077 2010 nemo
1122 1959 1428 2029 cpiscopus,
1462 1979 1621 2019 nemo
1659 1969 1941 2039 presbyter
1964 1986 2181 2028 excom-

601 2040 844 2096 municet
868 2042 1120 2113 aliquem,
1154 2058 1442 2119 antequam
1468 2068 1630 2109 causa
1665 2059 1924 2125 probetur
1961 2072 2180 2135 propter

597 2144 761 2199 quam
783 2136 1138 2193 ecclesiastici
1165 2156 1404 2198 canones
1432 2145 1534 2201 hoc
1559 2147 1673 2202 ﬁeri
1695 2150 1910 2219 jnbent,
1933 2161 1989 2206 et
2008 2154 2179 2212 donec

601 2219 753 2275 illum
780 2225 871 2294 qui
897 2230 1158 2297 peccavit,
1189 2241 1244 2286 et
1268 2232 1395 2288 inde
1421 2244 1514 2290 aut
1563 2226 1755 2308 sponte
1779 2241 2058 2299 confessus
2086 2254 2180 2300 aut

599 2326 787 2382 aperte
812 2320 1096 2376 convictus
1126 2322 1307 2391 inerit,
1337 2331 1629 2386 secundum
1670 2338 2037 2405 evangelicum
2085 2342 2179 2374 ³⁸⁸³

592 2415 944 2476 ιιιτεοεριιιιιι,
995 2420 1054 2464 ιιι
1103 2413 1169 2467 ad
1221 2418 1654 2477 emendationem
1696 2433 1751 2479 et
1791 2429 2168 2503 paenitentiam

601 2495 811 2563 redeat,
839 2505 1226 2559 commonitum
1264 2507 1479 2567 haheat.
1526 2512 1626 2580 Qui
1661 2495 1912 2585 peccator
1933 2495 1992 2576 tsi
2022 2536 2176 2578 com-

600 2589 838 2647 monitus
860 2593 926 2649 de
959 2606 1110 2651 certa
1140 2607 1195 2654 et
1219 2601 1505 2660 manilesta
1533 2622 1697 2663 causa
1747 2618 1805 2665 ut
1833 2612 1898 2667 ad
1928 2617 2178 2671 emenda-

598 2681 798 2737 tionem
825 2693 879 2740 et
907 2691 1300 2760 correptionem
1327 2696 1537 2764 redeat,
1571 2700 1885 2761 inobedlens
1911 2716 1964 2761 et
1990 2707 2174 2763 incor-

596 2772 824 2842 rigihilis
868 2784 1251 2850 permanserit,
1305 2796 1360 2842 et
1407 2791 1474 2844 ad
1521 2796 1953 2852 emendationem
2000 2801 2177 2857 redire

597 2863 870 2936 noluerit,
942 2879 999 2924 et
1058 2878 1672 2938 excornmunicationem
1735 2888 2052 2944 canOnicam
2111 2890 2177 2946 de

592 3155 722 3198 suos
766 3153 862 3199 aut
888 3161 987 3216 per
1016 3148 1227 3207 litteras
1254 3167 1381 3211 suas
1425 3158 1711 3230 episcopus
1741 3162 1921 3232 adeat,
1951 3176 2011 3222 ut
2038 3184 2173 3225 con-

2282 613 2483 678 ueritis,
2528 613 2866 683 judicabitur
2909 615 2973 669 de
3004 616 3163 669 vobis.
3213 615 3315 670 Et:
3351 615 3498 672 Beati
3538 624 3616 690 qui
3649 636 3781 678 custo-

2256 710 2257 713 “
2282 702 2433 756 diunt
2449 704 2717 773 judicium
2739 715 2786 759 et
2818 704 3018 775 faciant
3033 706 3298 776 justitiam
3326 708 3379 761 in
3403 710 3537 763 omni
3558 719 3755 781 tempore.

2357 794 2444 849 12.
2479 794 2550 850 Ut
2573 796 2810 866 episcopi
2837 805 3000 866 atque
3022 796 3157 850 abba
3168 804 3269 862 tes,
3292 807 3347 852 et
3367 799 3580 855 comites
3606 817 3659 856 ac
3678 809 3780 858 russi

2283 884 2478 950 nostri,
2510 896 2565 939 et
2592 901 2782 941 omnes
2814 886 2999 941 ﬁdeles
3035 885 3178 951 laici,
3207 888 3455 943 concordi
3482 890 3725 947 dilectione
3747 903 3783 947 ct

2283 978 2526 1033 unanimi
2556 978 2835 1034 voluntate
2871 979 2937 1033 ad
2978 979 3069 1033 Dei
3096 988 3152 1033 et
3179 989 3381 1034 sancta?
3404 980 3629 1035 ecclesia:
3648 999 3699 1038 ac
3718 978 3782 1036 no-

2284 1075 2456 1120 strum
2484 1076 2539 1122 et
2568 1069 2718 1137 regni
2742 1069 2914 1123 nostri
2945 1069 3205 1125 honorem
3226 1077 3279 1124 et
3301 1079 3496 1124 statum
3516 1083 3658 1142 atque
3678 1088 3783 1127 com-

2283 1171 2505 1211 munem
2535 1168 2777 1213 nostram
2806 1158 3158 1214 salvationem
3178 1200 3194 1224 ,
3235 1160 3356 1215 sine
3392 1161 3581 1216 invidia
3607 1173 3653 1217 et
3674 1165 3785 1217 muli-

2281 1247 2520 1303 volentia
2569 1256 2732 1318 atque
2782 1249 3020 1304 indebita
3067 1250 3448 1315 contentione,
3496 1255 3784 1308 communiter

2284 1336 2564 1393 decertare
2590 1349 2903 1409 procurent,
2936 1349 2995 1394 ut
3023 1354 3126 1409 pax
3152 1350 3206 1394 et
3226 1340 3458 1409 justitia,
3487 1350 3541 1397 et
3563 1358 3670 1397 vera
3695 1360 3783 1399 Clllll

2285 1429 2378 1483 Dei
2401 1430 2679 1485 voluntate
2700 1432 3012 1496 concordia,
3040 1432 3183 1487 inter
3203 1448 3302 1488 nos
3323 1449 3506 1490 omnes
3530 1443 3580 1490 et
3600 1436 3646 1491 in
3667 1453 3784 1506 regno

2283 1529 2472 1576 nostro
2500 1531 2749 1587 maneat;
2780 1523 2938 1592 quia,
2963 1524 3103 1579 sicut
3134 1535 3321 1580 sancta
3365 1526 3627 1597 Scriptura
3661 1529 3781 1584 dicit;

2280 1610 2499 1666 Iustitia
2515 1612 2676 1667 elevat
2700 1624 2925 1684 gentem,
2948 1617 3165 1670 miseros
3179 1617 3306 1685 facit
3322 1618 3533 1688 populos
3556 1636 3781 1689 peccatum.

2282 1702 2349 1758 Et
2374 1704 2465 1759 ubi
2498 1720 2605 1760 non
2638 1714 2724 1761 est
2756 1722 2883 1762 vera
2928 1723 3051 1763 cum
3098 1709 3195 1764 Dei
3239 1710 3516 1767 voluntate
3538 1715 3783 1777 concordia,

2282 1790 2354 1846 ibi
2393 1792 2497 1848 nisi
2544 1795 2613 1848 ad
2648 1793 2911 1862 judicium
2955 1811 3064 1850 non
3112 1797 3323 1852 habitat
3362 1798 3519 1864 Deus,
3555 1801 3654 1870 qui,
3688 1801 3785 1855 sicut
3886 1786 3887 1789 “

2206 1888 2255 1948 Β
2282 1882 2521 1953 psalmus
2548 1882 2701 1949 dicit,
2744 1884 2874 1955 facit
2916 1887 3191 1942 unanimes
3233 1888 3468 1943 habitare
3509 1890 3559 1943 in
3590 1890 3730 1954 domo,
3751 1890 3784 1943 id

2278 1982 2382 2038 est,
2408 1973 2461 2027 in
2486 1983 2674 2030 sancta
2696 1975 2947 2031 ecclesia.
2973 1977 3031 2032 in
3055 1994 3161 2047 qua
3184 1978 3417 2035 ﬁdeliter
3438 1980 3783 2037 consistentibus

2279 2064 2528 2134 spiritum
2553 2066 2795 2123 caritatis
2821 2067 3083 2135 infundit;
3109 2070 3200 2139 qui
3222 2080 3445 2140 propter
3464 2071 3660 2127 nimiam
3681 2074 3781 2127 cari-

2283 2161 2448 2208 tatem
2486 2169 2665 2219 suam,
2705 2172 2813 2227 qua
2844 2157 3033 2214 dilexit
3079 2175 3198 2225 nos,
3245 2160 3471 2217 tradidit
3505 2163 3781 2231 semetipsum

2278 2260 2379 2315 pro
2415 2247 2605 2315 nobis;
2649 2257 2706 2303 et
2745 2265 2869 2305 cum
2910 2266 3155 2305 essemus
3186 2252 3387 2306 mortui
3414 2251 3467 2306 in
3493 2253 3696 2323 peccatis
3717 2267 3782 2307 no-

2279 2338 2429 2403 stris,
2461 2339 2864 2396 conviviﬁcavit
2898 2356 2999 2396 nos
3045 2342 3097 2395 in
3141 2342 3453 2412 semetipso,
3502 2352 3557 2398 ut
3599 2358 3782 2398 essemus

2279 2431 2451 2485 sancti
2480 2440 2533 2485 ct
2565 2431 2896 2487 immaculati
2936 2434 2988 2487 in
3030 2441 3324 2503 conspectu
3358 2432 3473 2503 ejus
3509 2435 3559 2490 in
3593 2435 3780 2498 caritate,

2279 2528 2335 2576 et
2361 2521 2531 2577 simus
2552 2531 2848 2578 sectatores
2871 2524 3135 2579 bonorum
3162 2539 3413 2594 operum,
3436 2525 3487 2580 in
3512 2526 3679 2596 quibus
3694 2541 3778 2580 cum

2276 2610 2385 2667 ﬁde
2434 2623 2579 2668 recta
2620 2622 3031 2683 perseverantes
3073 2616 3455 2686 perveniamus
3487 2631 3671 2681 omnes,
3701 2616 3779 2685 ipso

2275 2702 2640 2770 praeveniente
2683 2702 2973 2773 adiuvante
3012 2709 3070 2758 et
3115 2702 3521 2775 subsequente,
3562 2706 3623 2761 ad
3661 2719 3772 2774 regna

2276 2791 2556 2847 caelorum.

2346 2883 2437 2939 15.
2459 2885 2553 2917 ¹¹⁸⁶
2566 2885 2815 2958 Episc0pi
2844 2884 3122 2958 privilegia
3145 2885 3410 2944 Romanae
3429 2889 3563 2945 sedis
3579 2895 3627 2943 et
3644 2901 3775 2956 regum

2274 2960 2543 3044 praecepta
2600 2976 2847 3033 ecclesiis
2893 2977 3009 3033 suis
3053 2978 3377 3034 conﬁrmata
3430 2979 3569 3051 vigili
3617 2976 3777 3034 solertia

2278 3064 2609 3133 custodiant,
2636 3073 2696 3121 ut
2720 3067 2917 3123 exinde
2940 3067 3258 3124 auctorabili
3294 3069 3547 3124 ﬁrmitate
3570 3074 3774 3123 tueantur.

2277 3154 2460 3212 Nonas
2482 3166 2538 3212 et
2560 3157 2818 3224 decimas,
2835 3160 2977 3213 unde
2997 3165 3261 3214 statutum
3279 3168 3390 3225 est,
3406 3160 3595 3230 absque
3610 3154 3774 3225 alicujus

593 3235 910 3304 stringatur,
943 3248 1210 3309 quatenus
1239 3244 1307 3299 ad
1358 3248 1788 3307 emendationem
1817 3269 1882 3310 ac
1907 3258 2170 3326 paeniten-

2277 3247 2611 3304 contradictu
2641 3248 2924 3319 recipiant.
2962 3250 3040 3305 De
3072 3250 3237 3306 terris
3263 3251 3564 3309 censalibus
3594 3257 3641 3307 et
3671 3256 3776 3319 pote-

590 3322 722 3378 tiam
751 3326 919 3383 isdem
942 3342 1198 3400 peccator
1219 3336 1442 3404 redeat;
1470 3355 1536 3396 ne
1563 3342 1775 3398 dicatur
1800 3322 1956 3404 nobis
1995 3365 2027 3404 a
2068 3353 2173 3407 Do-

589 3413 898 3511 minoquod
920 3421 1047 3477 olim
1080 3426 1276 3496 populo
1302 3432 1470 3486 veteri
1492 3433 1560 3489 ab
1582 3450 1647 3490 eo
1671 3436 1898 3511 legimus
1921 3441 2121 3497 dictum
2152 3459 2167 3499 :

590 3505 886 3565 Anathema
914 3514 968 3567 in
997 3516 1169 3571 medio
1196 3520 1293 3573 tui.
1337 3520 1467 3577 Non
1485 3527 1680 3594 poteris
1700 3505 1841 3584 aiore
1864 3547 2041 3586 coram
2069 3535 2171 3588 ini-

586 3595 736 3652 micis
762 3601 883 3656 tuis.
928 3602 984 3659 Si
1015 3614 1195 3663 autem
1245 3609 1386 3667 idem
1426 3624 1688 3684 peccator
1714 3619 1780 3677 de
1800 3622 2085 3680 manifesta
2113 3633 2169 3681 et

588 3690 936 3756 comprobata
957 3694 1092 3751 vela
1122 3712 1182 3754 se
1211 3710 1402 3771 sponte
1438 3705 1687 3763 confessa
1710 3724 1874 3766 causa
1897 3712 1962 3767 ad
1991 3714 2166 3785 paeni-

586 3778 814 3833 tentiam
865 3784 1051 3840 venire
1105 3789 1355 3862 voluerit,
1415 3795 1511 3853 sed
1569 3798 1743 3870 ipsam
1788 3778 2162 3873 paenitentiam

584 3875 808 3937 propter
825 3869 1023 3928 faidam
1046 3881 1342 3943 secundum
1359 3869 1602 3943 canones,
1618 3869 1895 3961 suscipere
1909 3902 1962 3949 et
1981 3896 2164 3965 quiete

585 3967 749 4023 agere
768 3973 874 4014 non
899 3966 1156 4033 potuerit,
1180 3970 1463 4043 episcopus
1477 3991 1576 4045 per
1592 3993 1651 4033 se
1666 3979 1748 4035 vel
1769 3996 1865 4051 per
1884 3983 2164 4042 ministros
2254 3998 2259 4001 '

585 4054 678 4100 aut
703 4064 802 4119 per
824 4051 1032 4111 litteras
1056 4071 1181 4114 suas
1207 4063 1410 4132 regiam
1443 4077 1684 4125 nostram
1714 4073 1799 4127 vel
1828 4074 1902 4129 rei
1933 4077 2161 4145 publica:

582 4147 785 4194 nostrae
830 4150 1147 4210 potestatem
1176 4150 1355 4217 adeat,
1398 4164 1460 4210 ut
1513 4158 1629 4226 ipsa
1676 4160 1820 4217 faida
1864 4168 2160 4223 secundum

586 4230 1036 4290 constitutionem
1063 4240 1149 4293 avi
1179 4249 1234 4295 et
1256 4244 1425 4312 patris
1445 4250 1612 4303 n05tri
1634 4250 1882 4322 legallter
1904 4257 2157 4326 paciﬁce-

582 4324 691 4420 tur,
722 4326 815 4373 aut
834 4318 988 4387 juxta
1030 4325 1174 4397 leges
1198 4334 1491 4390 secundum
1522 4352 1656 4408 quas
1686 4318 1741 4397 in
1771 4318 2160 4420 aliis-regioni-

581 4403 684 4460 bus
709 4409 934 4476 quilibet
959 4414 1147 4473 vivunt
1179 4421 1396 4478 sedetur
1435 4403 1653 4498 (Assae.
1692 4449 1767 4499 1v,
1797 4435 1911 4509 25).
1943 4403 2158 4498 Eitunc

580 4507 834 4564 peccator
881 4506 1201 4563 medicinam
1250 4515 1583 4581 paenitentiae
1631 4506 1927 4582 secundum
1973 4544 2161 4587 sacros

582 4602 839 4682 canones,
868 4608 991 4650 cum
1025 4598 1111 4668 pia
1166 4611 1219 4656 et
1246 4604 1450 4661 salubri
1480 4609 1829 4682 discretione,
1861 4622 2158 4676 secundum

582 4674 797 4748 regulas
837 4697 1021 4741 sacras
1076 4691 1335 4761 suscipiat
1363 4704 1418 4751 et
1453 4712 1695 4772 peragat,
1750 4714 1806 4760 et
1844 4711 2162 4767 reconcilia-

580 4765 784 4825 tionem
843 4782 1006 4844 atque
1061 4765 1495 4843 communionem
1561 4765 1856 4865 percipiat,
1911 4799 2051 4856 sicut
2107 4802 2160 4858 in

578 4857 781 4953 eisdem
813 4867 985 4923 sacris
1008 4872 1207 4941 regulis
1232 4875 1617 4940 discretissime
1638 4894 1694 4942 et
1733 4889 2162 4953 misericorditer

583 4951 912 5016 continetur.

652 5043 738 5098 11.
777 5045 847 5102 Ut
875 5051 1102 5108 comites
1127 5063 1182 5109 ct
1218 5059 1370 5115 missi
1414 5078 1478 5118 ac
1520 5068 1663 5123 vassl
1698 5072 1865 5126 nostri
1896 5084 1951 5129 et
1983 5076 2146 5130 mini-

581 5135 831 5193 steriales
860 5143 1012 5212 regni
1049 5149 1240 5215 nostri,
1272 5157 1642 5227 unusquisque
1680 5164 1975 5220 secundum
2004 5167 2155 5223 ordi-

577 5240 702 5325 nem
732 5238 785 5284 et
811 5231 1127 5303 dignitatem
1154 5255 1217 5295 ac
1240 5244 1649 5311 possibilitatem
1681 5267 1859 5321 suam,
1882 5270 2071 5325 pacem
2102 5268 2158 5315 et

570 5314 842 5383 justitiam
871 5324 924 5377 in
955 5328 1069 5382 suis
1095 5330 1412 5391 ministeriis
1438 5335 1660 5407 faciant,
1693 5350 1747 5398 et
1779 5314 1928 5413 jusie
1965 5363 2158 5408 omnes

576 5414 678 5468 sub
702 5413 795 5471 Dei
823 5431 1070 5489 respectu
1089 5421 1712 5493 judicent,attendentes
1731 5438 1874 5507 quod
1898 5439 2156 5500 Dsminus

2276 3348 2419 3395 state
2444 3339 2688 3395 ecclesiae
2710 3355 2821 3396 suae
2848 3352 2903 3397 et
2931 3341 3157 3397 culturis
3187 3342 3584 3399 indominicatis
3606 3350 3652 3397 et
3672 3339 3773 3394 absi-

2275 3430 2478 3486 tatibus
2516 3440 2573 3486 et
2623 3432 3020 3488 manuﬁrmatis
3062 3432 3237 3504 major
3262 3434 3511 3497 ecclesia,
3539 3448 3643 3503 qua:
3661 3437 3775 3500 caput

2270 3523 2616 3596 episcopatus
2654 3533 2768 3593 est,
2812 3525 3077 3582 decimam
3118 3528 3387 3597 recipiat:
3422 3527 3645 3584 similiter
3666 3533 3708 3579 et
3731 3523 3775 3576 de

2269 3626 2498 3670 carruca
2549 3612 2641 3677 3'"
2689 3616 3094 3672 indominicata.
3141 3617 3217 3674 De
3256 3620 3462 3675 mansis
3503 3612 3774 3673 hereditariis

2256 3704 2552 3775 presbyter
2578 3707 2873 3775 parochias,
2905 3695 3046 3763 sicut
3071 3708 3428 3763 constitutum
3453 3717 3548 3774 est,
3570 3706 3771 3762 decimum

2265 3806 2647 3866 consequatur.
2677 3797 2742 3852 Et
2771 3813 2837 3854 ne
2865 3799 2932 3855 de
2970 3800 3073 3855 hoc
3116 3800 3398 3856 contentio
3424 3799 3629 3864 oriatur,
3662 3810 3775 3850 suum

2261 3899 2480 3957 nopere
2504 3888 2800 3943 cavendum
2830 3898 2935 3944 est.
3584 3912 3587 3915 ·

2677 3978 3022 4034 Adnuntiatio
3053 3979 3240 4036 Karoli
3269 3984 3431 4053 regis.

2333 4070 2386 4125 1.
2414 4070 2674 4127 Volumus
2702 4086 2799 4126 vos
2829 4071 2972 4127 scire
3012 4071 3137 4141 quia
3168 4075 3465 4129 secundum
3495 4065 3771 4128 consuetudi-

2260 4166 2383 4217 nem
2410 4170 2813 4217 antecessorum
2839 4170 3150 4216 nostrorum
3173 4161 3617 4218 consideravimus
3640 4159 3679 4210 in
3697 4155 3767 4209 hoc

2259 4249 2461 4321 placito
2487 4266 2609 4306 cum
2634 4251 2903 4321 episcopis
2944 4258 2997 4306 et
3043 4250 3241 4306 ceteris
3273 4250 3515 4306 ﬁdelibus
3542 4246 3707 4304 nostris
3725 4242 3771 4294 de

2260 4341 2471 4398 honore
2491 4351 2693 4397 sanctae
2712 4341 2955 4397 ecclesia:
2975 4349 3032 4396 et
3051 4341 3429 4412 episcoporum
3450 4356 3509 4397 ac
3528 4344 3769 4395 ceterorum

2262 4446 2546 4488 servorum
2593 4433 2708 4498 Dei,
2744 4440 2804 4487 ut
2838 4431 3076 4488 debitum
3125 4433 3385 4489 honorem
3416 4434 3648 4492 habeant,
3672 4426 3770 4481 sicut

2265 4530 2507 4594 tempore
2568 4532 2971 4580 antecessorum
3033 4531 3346 4579 nostrorum
3392 4521 3682 4579 habuerunt.
3727 4511 3769 4565 Et

2255 4613 2574 4670 hominibus
2596 4614 2844 4670 ﬁdelibus
2869 4613 3092 4678 nostris,
3115 4612 3406 4683 unicuique
3427 4613 3479 4668 in
3500 4624 3589 4666 suo
3608 4605 3768 4663 ordine.

2263 4707 2443 4779 legem
2463 4715 2519 4763 et
2531 4706 2801 4778 justitiam
2824 4706 3290 4773 conservabimus,
3320 4706 3458 4762 sicut
3479 4716 3645 4759 eorum
3661 4703 3769 4751 ante-

2263 4813 2509 4856 cessores
2572 4806 2813 4874 tempore
2894 4806 3297 4854 antecessorum
3366 4803 3649 4852 nostrorum
3698 4783 3768 4838 ha-

2264 4890 2516 4947 buerunt.
2995 4982 3005 4984 Α
3049 4981 3061 4984 _
3663 4970 3673 4984 _

2332 4983 2388 5038 Ξ.
2415 4983 2483 5038 Ει
2506 4983 2754 5040 volumus
2788 4991 2950 5053 atque
2985 4981 3240 5053 iubemus
3274 4991 3334 5036 ut
3367 4976 3572 5037 vassalli
3604 4976 3767 5041 episco-

2262 5085 2475 5155 porum,
2508 5074 2761 5130 abbatum
2787 5085 2843 5130 et
2864 5074 3282 5140 abbatissarum,
3312 5082 3470 5142 atque
3493 5063 3768 5155 eomitumet

2260 5143 2540 5220 vassornm
2572 5173 2903 5231 nostrorum,
2931 5163 3092 5221 talem
3125 5164 3299 5235 legem
3325 5171 3380 5220 et
3399 5157 3643 5232 justitiam
3664 5143 3767 5218 apud

2260 5258 2505 5313 seniores
2549 5272 2679 5312 suos
2726 5255 2993 5321 habeant,
3040 5254 3178 5310 sicut
3223 5268 3409 5311 eorum
3460 5246 3766 5306 antecessores

2259 5350 2400 5421 apud
2431 5349 2643 5404 illorum
2672 5348 2915 5403 seniores
2936 5356 3176 5418 tempore
3201 5331 3763 5433 antecessorum-hall"?

2261 5451 2408 5497 runt.
2441 5442 2507 5497 Et
2537 5441 2583 5497 si
2623 5439 2820 5513 aliquis
2846 5439 3152 5510 episcopus,
3188 5436 3352 5493 abbas
3398 5441 3489 5489 aut
3525 5428 3762 5485 abbatissa.

1852 5574 2084 5633 VARle
2121 5576 2518 5635 LECTIONES.

650 5695 742 5788 2⁸⁸
769 5699 1191 5788 θεῌςύῆξιίωιιιι
1219 5707 1335 5788 ςρέ.
1356 5705 1536 5788 _Bigot.
1561 5708 1758 5788 BALUZ.
1837 5713 1934 5747 ’³⁸⁸
1953 5714 2120 5788 Caput
2144 5714 2282 5770 istud
2298 5715 2436 5771 decu
2458 5715 2509 5769 in
2535 5712 2813 5771 Sirmando
2841 5726 2858 5768 :
2887 5730 2916 5769 a
2945 5712 3165 5769 Baluzio
3194 5711 3472 5768 restitutum
3493 5702 3584 5775 [ait
3604 5712 3656 5753 ex
3684 5704 3762 5746 κιο

577 5767 757 5824 codice
788 5767 1151 5842 Riuipullemi.
1233 5776 1321 5810 ³³⁸⁷
1345 5778 1385 5847 f.
1421 5767 1594 5836 curle.
1631 5780 1760 5838 Βιι..
