3960 6320
160 389 247 446 737

159 504 229 559 vel
267 515 436 557 comes
479 514 542 555 ac
585 509 778 556 vassus
825 507 1050 565 noster,
1104 515 1202 556 suo
1254 503 1458 557 homini
1506 512 1695 559 contra

161 607 340 655 rectum
365 605 418 651 et
439 596 700 666 justitiam
730 596 944 662 fecerit,
977 605 1031 651 et
1054 611 1111 652 se
1138 597 1263 651 inde
1291 598 1357 652 ad
1386 613 1486 652 nos
1518 599 1694 653 recla-

162 687 376 748 maverit,
408 686 564 750 sciat,
594 685 719 756 quia
750 687 891 742 sicut
920 686 1059 742 ratio
1092 695 1147 742 et
1188 686 1272 742 lex
1305 697 1466 759 atque
1488 686 1700 756 justitia

158 787 246 840 est,
273 777 368 830 hoc
390 776 676 830 emendare
713 776 994 831 faciemus.

215 866 260 919 '5.
292 865 352 919 Et
374 864 619 920 volumus
665 874 827 936 atque
869 865 1140 936 jnbemus,
1172 876 1230 921 ut
1262 867 1501 938 episcopi
1541 878 1704 939 atque

159 958 377 1020 abbates,
399 958 619 1012 comites
638 973 700 1013 ac
724 960 867 1015 vassi
897 961 1092 1020 nostri,
1121 962 1376 1016 concordi
1407 963 1698 1020 dilectione

156 1055 201 1101 et
221 1047 444 1101 unanimi
474 1047 752 1103 voluntate
781 1050 845 1105 ad
878 1050 969 1104 Dei
1013 1059 1066 1104 et
1097 1061 1298 1106 sauctze
1354 1053 1608 1108 Ecclesia:
1635 1069 1699 1110 ac

156 1143 367 1188 nostrum
415 1144 467 1190 et
511 1137 661 1208 regni
695 1139 861 1193 nostri
909 1141 1168 1195 honorem
1201 1150 1256 1197 et
1287 1150 1489 1197 statum
1539 1153 1702 1214 atque

155 1240 462 1280 communem
499 1237 740 1283 nostram
787 1230 1139 1286 salvationem
1185 1233 1462 1289 decertare
1504 1251 1700 1305 procu-

155 1324 271 1378 rent,
297 1325 349 1369 ut
379 1333 481 1388 pax
518 1329 573 1374 et
604 1319 814 1387 justitia
852 1332 908 1376 et
955 1338 1082 1378 vera
1124 1339 1246 1380 cum
1290 1325 1382 1379 Dei
1426 1326 1702 1382 voluntate

155 1406 406 1460 concordia
438 1407 582 1462 inter
616 1424 714 1464 nos
753 1425 941 1466 omnes
977 1421 1033 1466 et
1067 1413 1118 1466 in
1165 1429 1329 1482 regno
1360 1423 1544 1469 nostro
1583 1430 1698 1468 ma-

151 1501 272 1563 neat,
300 1507 350 1552 et
370 1513 560 1554 omnes
594 1500 665 1554 ita
712 1502 820 1556 sint
861 1517 1078 1573 semper
1121 1505 1326 1572 parati,
1367 1514 1426 1559 ut
1460 1505 1506 1561 si
1545 1506 1700 1562 nobis

152 1589 415 1645 necessitas
441 1593 709 1659 evenerit,
760 1594 828 1650 ad
875 1594 1245 1651 defensionem
1285 1598 1476 1668 patria:
1510 1607 1699 1654 contra

1134 383 1560 442 FRANCORUM
1609 385 1849 445 REGUM
1899 389 2384 449 CAPITULARIA.

3307 413 3377 467 58

1723 539 1769 596 Α
1801 522 2039 577 paganos
2069 520 2163 564 aut
2207 522 2394 567 contra
2430 512 2565 568 alios
2615 513 2710 570 Dei
2752 524 2806 570 et
2855 521 3072 574 nostros
3110 519 3379 585 inimicos,

1806 599 1943 653 sicut
1970 603 2304 656 consuetudo
2337 601 2442 657 fuit
2473 612 2714 674 tempore
2739 615 3141 664 antecessorum
3167 622 3381 667 nostro-

1800 704 1941 754 rum,
1973 691 2178 760 ahsque
2212 708 2388 760 mora,
2413 695 2598 750 statim
2631 705 2688 751 ut
2723 697 2804 752 eis
2843 699 3146 755 nuntiatum
3193 701 3380 772 fuerit,

1798 778 2008 858 possint
2028 780 2235 836 venire.

1869 869 1924 924 4.
1958 870 2026 924 Εί
2055 872 2302 930 volumus
2333 886 2394 930 ut
2419 868 2622 944 sciatis,
2661 879 2786 950 quia
2825 882 3288 951 commendamus,
3320 895 3382 942 ut

1805 960 2177 1031 unusquisque
2225 965 2290 1019 de
2335 980 2432 1019 sua
2483 983 2645 1038 Opera
2696 970 2802 1024 tale
2851 981 3124 1028 certamen
3161 975 3381 1043 habeat,

1807 1049 1945 1103 sicut
1970 1051 2072 1104 scit
2102 1067 2324 1108 necesse
2355 1070 2476 1111 esse
2497 1057 2563 1112 ad
2594 1057 2964 1115 defensionem
2997 1062 3152 1117 istius
3179 1063 3382 1120 sancta:

1811 1141 1904 1197 Dei
1935 1143 2210 1212 Ecclesiae,
2235 1149 2526 1205 secundum
2565 1161 2805 1208 nostram
2833 1156 3380 1213 commendationem.

1805 1232 2020 1289 Gratias
2045 1237 2200 1291 vobis
2245 1239 2485 1307 agimus,
2531 1242 2656 1312 quia
2697 1243 2925 1301 fideliter
2961 1248 3253 1302 secundum
3284 1264 3384 1302 no-

1806 1333 1972 1378 stram
1999 1329 2522 1385 commendationem
2563 1332 2614 1387 iu
2657 1342 2841 1389 nostro
2881 1337 3104 1392 venistis
3134 1338 3376 1392 servitio.

1804 1414 1872 1470 Et
1899 1416 1970 1470 ite
1995 1434 2116 1472 cum
2151 1417 2242 1474 Dei
2284 1422 2455 1490 gratia
2486 1425 2602 1478 sani
2639 1434 2694 1479 et
2738 1426 2913 1493 salvi,
2955 1435 3009 1481 et
3055 1429 3196 1483 Deus
3226 1429 3383 1484 nobis

1807 1508 2088 1573 concedat,
2115 1520 2172 1564 ut
2203 1512 2399 1567 iterum
2429 1531 2551 1569 cum
2582 1518 2817 1574 sanitate
2845 1530 2900 1575 et
2922 1521 3116 1591 gaudio
3138 1522 3205 1576 ad
3227 1513 3383 1576 suam

1808 1599 2140 1656 voluntatem
2175 1604 2649 1676 reconjungamur.

957 1765 1212 1823 KAROLI
1249 1767 1288 1824 ll
1327 1767 1720 1827 CORONATIO
1755 1770 1824 1826 IN
1865 1773 2097 1830 REGNO
2138 1773 2532 1834 IILOTHARII.

1502 1922 1626 1994 (An.
1654 1923 1778 1981 869.

208 2069 456 2128 Sirmondi
485 2081 540 2128 et
559 2072 770 2130 Baluzii
797 2073 1063 2132 editiones
1103 2075 1416 2147 repetimus.

151 2245 267 2302 Ordo
300 2247 519 2319 qualiter
569 2245 802 2319 Eurotas
844 2262 937 2302 rex
983 2246 1082 2319 fuit
1122 2259 1402 2305 coronatus
1439 2251 1491 2304 in
1522 2253 1698 2308 Metti;
1728 2242 1776 2302 Β

203 2317 385 2392 ciuitate
416 2335 559 2372 anno
601 2317 704 2392 869
728 2319 793 2392 in
830 2335 1019 2392 [nenae
1041 2318 1302 2388 Septemb.
1344 2338 1374 2392 v
1412 2320 1544 2376 ldus
1572 2324 1703 2392 Sep-

205 2389 338 2461 temb.
368 2390 676 2461 qurerevenit
703 2388 788 2441 die
834 2386 1064 2461 Veneris.
1109 2386 1226 2461 eunt
1271 2391 1382 2444 istis
1425 2386 1700 2461 episcopis,

202 2456 409 2529 uidelicet
426 2456 722 2529 Hincmaro
738 2459 1143 2529 archiepiscopo,
1159 2458 1428 2524 Adtentio,
1451 2456 1699 2529 Hancne,

208 2527 428 2603 Arnulfo,
466 2526 776 2603 [fr-aneane,
819 2526 1208 2603 (lincntaro,_et
1237 2530 1442 2603 Orione,
1488 2526 1698 2603 quando

208 2598 443 2672 quondam
470 2613 572 2650 rea:
596 2595 907 2672 Hlattrarjus
925 2638 940 2660 ,
971 2597 1111 2672 [ilius
1130 2597 1406 2672 ‘Hlot/tarii
1427 2595 1703 2672 imperato-

205 2668 285 2732 rit,
315 2667 407 2736 fuit
440 2678 689 2721 mortuus
717 2667 770 2721 in
794 2666 1068 2722 Placentia
1093 2669 1319 2724 civitate.

208 2778 341 2834 Anno
376 2778 777 2833 incarnationis
800 2779 1093 2833 Dominica:
1123 2779 1248 2844 869,
1288 2780 1580 2839 indictione
1618 2798 1702 2838 se-

153 2871 311 2937 cunda,
345 2887 374 2924 v
404 2870 526 2926 ldus
560 2869 914 2940 Septembris,
940 2870 1116 2926 Mettis
1141 2873 1364 2928 civitate
1396 2875 1446 2928 in
1471 2874 1699 2929 ecclesia

157 2961 296 3015 sancti
324 2960 592 3032 Stephani
621 2961 898 3030 martyris,
931 2961 1042 3016 haec
1075 2977 1195 3031 qua:
1232 2975 1532 3034 sequuntur
1553 2967 1692 3037 capi-

154 3051 238 3106 tula
257 3052 572 3117 Adventius,
598 3053 880 3122 episcopus
905 3054 1070 3124 ipsius
1091 3056 1342 3118 civitatis,
1369 3073 1550 3112 coram
1576 3075 1700 3130 rege

153 3154 198 3198 et
220 3147 461 3216 episcopis
481 3146 589 3216 qui
625 3145 933 3212 adfuerunt,
961 3148 1158 3218 populo
1193 3160 1246 3204 et
1277 3149 1478 3220 scripto
1499 3160 1552 3205 et
1581 3167 1700 3207 ver-

153 3234 216 3291 bis
232 3237 520 3292 denuntiavi
533 3245 588 3292 ι.

206 3327 248 3381 l.
276 3326 374 3382 Vos
409 3327 600 3393 scitis,
653 3335 708 3380 et
753 3327 937 3384 multis
981 3327 1035 3382 in
1081 3329 1329 3399 plurimis
1379 3333 1559 3404 regnis
1611 3342 1698 3390 est

152 3416 399 3484 cognitum,
431 3427 678 3489 quantos
705 3426 759 3472 et
787 3419 974 3488 quales
1004 3428 1228 3475 eventus
1251 3430 1490 3492 tempore
1507 3426 1696 3481 senio-

152 3505 209 3560 ris
228 3510 400 3575 nostri,
422 3525 597 3580 quem
625 3509 886 3564 hactenus
916 3510 1204 3566 habuimus
1226 3553 1240 3576 ,
1267 3527 1368 3582 pro
1392 3515 1572 3570 causis
1601 3531 1696 3570 no-

151 3597 333 3656 tissimis
367 3601 740 3657 communiter
768 3601 1120 3656 sustinuimus
1143 3643 1158 3664 ,
1197 3612 1251 3657 et
1279 3615 1482 3672 quanto
1508 3605 1693 3662 dolore
1721 3598 1765 3658 C

149 3700 414 3762 quantaque
460 3688 716 3763 angustia
749 3691 815 3747 de
842 3689 984 3747 illius
1023 3691 1257 3748 infausta
1304 3704 1480 3750 morte
1523 3713 1694 3766 nuper

149 3784 358 3840 cordibus
382 3784 625 3856 perculsi
653 3800 858 3840 sumus.
905 3785 1058 3841 Unde
1097 3785 1312 3841 unicum
1345 3787 1610 3858 refugium
1641 3797 1695 3844 et

148 3872 449 3944 singulariter
485 3871 714 3931 salubre
740 3875 1024 3930 consilium
1045 3919 1058 3940 ,
1095 3891 1220 3947 rege
1246 3885 1298 3931 et
1335 3875 1575 3949 principe
1602 3895 1698 3933 no-

149 3971 240 4019 stro
261 3965 490 4021 destituti
529 3981 594 4021 ac
623 3966 874 4031 desolati,
903 3966 1059 4021 nobis
1083 3967 1334 4022 omnibus
1369 3983 1487 4024 esse
1517 3968 1699 4026 consi-

148 4053 453 4126 deravimus,
491 4065 564 4114 ut
597 4055 818 4128 jejuniis
863 4067 917 4112 et
962 4056 1298 4115 orationibus
1331 4060 1397 4114 ad
1430 4077 1553 4116 cum
1598 4078 1698 4119 nos

152 4137 568 4202 converteremus
583 4147 676 4216 qtti
704 4154 787 4201 est
811 4145 1025 4214 adjulor
1050 4143 1103 4200 in
1127 4151 1613 4217 Oportunitatibus,
1642 4153 1697 4206 in

155 4233 463 4294 tribulatione
481 4279 502 4305 ,γ
525 4245 583 4292 et
611 4234 762 4304 cujus
790 4246 875 4291 est
900 4237 1181 4291 consilium
1220 4250 1284 4293 ac
1323 4238 1475 4307 cujus
1500 4249 1584 4295 est
1607 4255 1694 4296 re-

153 4335 306 4390 gnum,
332 4336 386 4382 et
411 4335 473 4381 ut
500 4327 761 4396 scriptum
787 4333 889 4391 est,
917 4327 1002 4380 cui
1027 4327 1260 4382 voluerit
1287 4328 1435 4383 dabit
1461 4330 1613 4396 illud,
1644 4343 1699 4387 et

151 4412 192 4466 in
219 4429 357 4485 cujus
385 4434 551 4472 manu
583 4419 746 4472 corda
775 4427 903 4471 sunt
927 4432 1135 4486 regum,
1168 4427 1223 4472 et
1253 4418 1384 4474 facit
1415 4423 1699 4480 unanimes

149 4501 364 4562 habitare
410 4507 464 4561 in
510 4507 674 4562 domo
701 4549 713 4569 ,
757 4507 971 4563 solvens
1021 4508 1256 4563 medium
1305 4511 1598 4579 parietem,
1646 4523 1702 4569 et

151 4589 323 4652 faciens
345 4605 576 4668 utraque
602 4612 800 4664 unum;
831 4599 1182 4668 deprecantes
1205 4601 1371 4671 ipsius
1393 4603 1702 4659 misericor-

148 4684 285 4754 diam,
315 4698 372 4745 ut
399 4691 562 4745 daret
597 4691 754 4746 nobis
781 4706 962 4763 regem
994 4706 1057 4747 ac
1084 4695 1377 4765 principem
1404 4699 1698 4752 secundum

149 4791 225 4831 cor
244 4795 416 4847 suum,
445 4783 540 4853 qui
585 4783 637 4836 in
671 4782 876 4850 judicio
900 4795 956 4839 et
978 4782 1186 4855 justitia
1224 4803 1322 4843 nos
1350 4789 1403 4842 in
1431 4791 1578 4843 omni
1611 4805 1700 4844 or-

147 4862 253 4921 dine
278 4883 338 4924 ac
365 4871 710 4939 professione
737 4881 969 4938 regeret,
999 4873 1233 4928 salvaret
1251 4915 1266 4937 ,
1313 4884 1476 4946 atque
1517 4877 1702 4933 defen-

1807 1923 1947 1996 Sept.
1998 1926 2078 1998 9.)

1806 2253 2104 2330 principem
2148 2271 2461 2320 nostrorum
2508 2265 2783 2336 Karolum,
2817 2280 2878 2326 ut
2918 2271 3072 2330 nobis
3116 2277 3294 2346 praesit
3332 2279 3387 2336 et

1801 2351 1994 2417 prosit,
2024 2353 2240 2409 videtur
2265 2359 2443 2422 nobis,
2471 2360 2512 2414 si
2541 2362 2694 2417 vobis
2735 2362 2932 2432 placet,
2980 2373 3038 2420 ut
3078 2368 3219 2423 sicut
3263 2377 3388 2440 post

1803 2444 1947 2501 illius
1980 2449 2144 2504 verba
2173 2452 2327 2507 vobis
2351 2453 2851 2524 manifestabimus,
2887 2459 3041 2530 signo
3077 2462 3386 2520 certissimo

1801 2537 2261 2607 demonstremus,
2295 2545 2420 2612 quia
2471 2545 2618 2602 illum
2651 2563 2682 2602 a
2720 2548 2832 2604 Deo
2876 2551 3106 2607 electum
3139 2563 3193 2608 et
3229 2555 3387 2610 nobis

1801 2624 1983 2680 datum
2013 2628 2312 2700 principem
2345 2634 2647 2699 credimus,
2685 2645 2740 2692 et
2782 2639 2959 2694 eidem
2998 2640 3242 2712 largitori
3271 2643 3380 2698 Deo

1800 2729 1866 2770 ex
1896 2719 2009 2771 suis
2035 2717 2316 2776 beneflciis
2339 2738 2443 2777 non
2472 2724 2642 2781 simus
2666 2726 2894 2797 ingrati;
2940 2731 3033 2784 sed
3070 2732 3376 2801 gratiarum

1802 2807 2047 2863 actiones
2083 2806 2158 2863 illi
2196 2811 2513 2878 referentes,
2562 2829 2782 2872 oremus
2807 2858 2821 2884 ,
2871 2828 3140 2888 quatenus
3167 2831 3221 2876 et
3250 2837 3375 2878 eum

1807 2899 1964 2956 nobis
1991 2901 2057 2955 ad
2084 2902 2310 2957 salutem
2345 2912 2400 2959 et
2427 2905 2800 2962 defensionem
2837 2919 3039 2965 sanctae
3076 2927 3186 2967 sua:
3211 2913 3392 2984 eccle-

1800 2991 1915 3056 siae,
1933 2993 2066 3047 etad
2083 2993 2345 3049 auxilium
2370 2999 2841 3069 alqueprofectum
2875 3004 3116 3057 omnium
3141 3014 3384 3059 nostrum

1800 3096 1923 3141 cum
1965 3089 2138 3145 salute
2174 3105 2236 3146 ac
2264 3107 2398 3160 pace
2425 3103 2478 3148 et
2505 3095 2891 3164 tranquillitate
2919 3098 3075 3153 nobis
3103 3111 3386 3158 conservet

1801 3180 2022 3246 diutius;
2049 3191 2103 3237 et
2125 3198 2222 3238 nos
2244 3183 2389 3240 fideli
2411 3186 2697 3243 devotione
2721 3189 2794 3243 illi
2814 3189 3196 3260 obsequentes,
3220 3205 3384 3266 atqu‘e

1800 3278 1985 3340 optata
2015 3273 2314 3329 salvatione
2337 3274 2598 3343 fruentes,
2620 3280 2722 3334 sub
2749 3279 2894 3336 illius
2914 3282 3387 3342 administratione

1800 3357 1855 3416 in
1889 3377 1990 3419 suo
2017 3365 2284 3435 gubernet
2306 3367 2550 3423 servitio.

1869 3472 1924 3526 5.
1970 3474 2036 3527 Ει
2079 3474 2124 3528 si
2159 3468 2230 3530 illi
2279 3476 2474 3546 placet,
2508 3471 2724 3551 dignum
2763 3475 2864 3553 ipsi
2916 3492 2972 3538 et
3015 3487 3383 3544 necessarium

1797 3563 1953 3618 nobis
1980 3579 2099 3620 esse
2127 3567 2353 3632 videtur,
2382 3576 2441 3622 ut
2477 3584 2542 3625 ex
2564 3567 2681 3639 ejus
2705 3587 2800 3627 ore
2847 3575 3149 3640 audiamus,
3182 3579 3324 3648 quod
3355 3595 3386 3634 a

1797 3652 2257 3712 Christianissimo
2280 3674 2406 3728 rege
2433 3659 2572 3714 fideli
2596 3661 2900 3718 et'unanimi
2923 3665 2976 3718 in
3003 3667 3226 3722 servitio
3246 3669 3389 3725 illius

1795 3748 2010 3818 populo,
2041 3750 2328 3820 unicuique
2364 3753 2414 3806 in
2446 3769 2543 3808 suo
2581 3755 2788 3820 ordine,
2831 3758 3082 3814 convenit
3106 3775 3169 3815 ac
3194 3760 3387 3817 devota

1798 3846 1978 3892 mente
2009 3841 2306 3911 suscipere.

1870 3947 2126 4004 Posthaec
2154 3965 2244 4006 rex
2263 3950 2487 4006 Karolus
2517 3955 2631 4009 haec
2659 3970 2776 4025 quae
2797 3966 3097 4026 sequuntur
3123 3973 3224 4038 per
3248 3975 3304 4016 se
3327 3952 3384 4017 in

1799 4037 1986 4092 eadem
2036 4039 2263 4095 ecclesia
2309 4043 2519 4098 cunctis
2563 4045 2656 4114 qui
2705 4044 2975 4101 affuerunt
3027 4037 3386 4105 denuntiavit.

1871 4144 2006 4212 Quia
2033 4146 2176 4201 sicut
2205 4148 2291 4203 isti
2327 4152 2663 4207 venerabiles
2705 4153 2940 4226 episcopi
2970 4155 3132 4214 unius
3159 4171 3223 4212 ex
3259 4159 3390 4230 ipsis

1798 4251 1934 4292 voce
1960 4238 2234 4304 dixerunt,
2267 4249 2322 4294 et
2342 4242 2505 4297 certis
2545 4242 2759 4300 iudieiis
2786 4261 2852 4301 ex
2893 4255 3076 4302 vestra
3123 4249 3393 4305 unanimi-

1802 4336 1912 4383 tate
1940 4340 2479 4398 monstraverunt,et
2501 4348 2596 4388 vos
2619 4335 2982 4402 acelantastis,
3011 4353 3098 4394 me
3122 4338 3217 4393 Dei
3263 4339 3377 4396 cle-

1801 4418 1981 4472 ctione
2010 4421 2076 4472 ad
2100 4429 2331 4474 vestram
2383 4422 2733 4479 salvationem
2779 4435 2833 4480 et
2881 4426 3180 4496 profectum
3230 4435 3393 4498 atque

1803 4511 2041 4580 regimen
2068 4520 2120 4564 et
2141 4512 2579 4582 gubernationem
2603 4517 2706 4572 huc
2730 4518 3031 4584 advenisse,
3077 4519 3259 4575 sciatis
3306 4533 3392 4576 me

1804 4606 2060 4659 honorem
2083 4615 2136 4659 et
2159 4607 2358 4660 cultum
2381 4607 2474 4660 Dei
2498 4615 2657 4678 atque
2673 4617 2982 4664 sanctarum
3007 4610 3391 4678 ecclesiarum,

1801 4695 2031 4749 Domino
2077 4695 2384 4764 adjuvantc,
2432 4711 2782 4762 conservare,
2853 4708 2908 4753 et
2958 4714 3394 4770 unumquemque

1802 4795 2040 4838 vestrum
2071 4785 2364 4839 secundum
2404 4786 2485 4840 sui
2523 4786 2727 4841 ordinis
2761 4786 3076 4857 dignitatem
3111 4800 3166 4844 et
3196 4805 3390 4861 perso-

1804 4892 1954 4938 nam,
1978 4876 2130 4946 juxta
2158 4891 2334 4929 meum
2381 4876 2520 4953 scire
2551 4884 2606 4930 et
2643 4891 2818 4945 posse,
2862 4879 3131 4936 honorare
3172 4890 3228 4936 et
3271 4881 3384 4936 sal-

147 4955 277 5015 deret
299 4962 452 5032 juxta
479 4962 812 5020 voluntatem
859 4964 977 5033 ejus
997 5007 1011 5031 ,
1050 4974 1106 5020 et
1135 4968 1300 5022 corda
1337 4971 1580 5024 omnium
1610 4986 1700 5024 no-
1734 4969 1782 5029 Ι)
1809 4981 1936 5021 vare
1958 4973 2011 5020 et
2041 4967 2361 5020 honoratum
2394 4979 2457 5020 ac
2481 4961 2744 5020 salvatum
2770 4975 2952 5023 tenere
2976 4967 3136 5034 velle,
3167 4979 3222 5024 et
3269 4969 3394 5024 uni-

148 5057 360 5108 strorum
389 5055 722 5109 unanimiter
756 5055 810 5109 in
842 5071 965 5111 eum
1005 5057 1288 5113 inclinaret
1316 5068 1475 5130 atque
1502 5063 1702 5128 uniret,

149 5154 290 5210 quem
319 5145 435 5216 ipse
460 5147 527 5200 ad
555 5147 780 5202 salutem
808 5157 862 5203 et
885 5147 1185 5220 profectum
1220 5161 1460 5205 nostrum
1490 5155 1709 5223 prtesci-

147 5240 244 5288 tum
269 5245 321 5291 et
340 5237 572 5292 electum
603 5246 767 5308 atque
791 5239 1231 5308 przedestinatum
1256 5239 1488 5296 habebat
1519 5259 1705 5298 secun-

149 5321 258 5377 dum
289 5327 718 5381 misericordiam
748 5342 922 5382 suam.

206 5413 256 5467 2.
295 5416 429 5483 Quia
482 5417 710 5486 denique
759 5419 1038 5475 voluntate
1085 5420 1200 5485 Dei,
1243 5419 1333 5492 qui
1372 5423 1703 5480 voluntatem

149 5503 434 5560 timentium
467 5522 525 5562 se
555 5507 679 5563 facit
717 5519 772 5565 et
817 5511 1224 5582 deprecationes
1251 5527 1436 5567 eorum
1468 5518 1708 5586 exaudit,

151 5589 196 5647 ln
224 5596 474 5651 concordi
504 5599 860 5654 unanimitate
899 5609 1084 5656 nostra
1114 5601 1360 5656 videmus
1389 5602 1532 5658 hunc
1558 5607 1711 5677 regni

150 5681 295 5754 hujus
321 5687 576 5745 heredem
605 5705 725 5747 esse
757 5690 1076 5760 legitimum,
1108 5692 1192 5746 cui
1227 5708 1325 5748 nos
1347 5704 1537 5762 sponte
1563 5713 1713 5753 com-

152 5773 402 5842 misimus,
453 5777 703 5835 domnum
758 5781 1009 5837 videlicet
1050 5790 1373 5852 praesentem
1428 5801 1609 5856 regem
1649 5804 1714 5845 ac

1808 5057 2002 5126 cuique
2053 5059 2105 5110 in
2157 5072 2254 5110 suo
2305 5056 2494 5112 ordine
2538 5059 2834 5112 secundum
2881 5058 3394 5130 sibi‘competentes

1808 5147 1970 5217 leges,
1996 5156 2105 5202 tam
2131 5146 2531 5202 ecclesiasticas
2551 5163 2714 5216 quam
2765 5149 3093 5214 mundanas,
3136 5149 3304 5220 legem
3335 5158 3393 5204 et

1801 5240 2069 5309 justitiam
2100 5254 2453 5303 conservare;
2485 5239 2536 5294 in
2566 5240 2685 5307 hoc,
2718 5249 2777 5294 ut
2804 5241 2978 5296 honor
3020 5240 3200 5310 regius
3227 5249 3280 5294 et
3303 5255 3393 5309 po-

1808 5340 1997 5396 testas,
2050 5346 2114 5386 ac
2147 5331 2325 5385 debita
2364 5331 2688 5398 obedientia,
2736 5341 2899 5400 atque
2949 5329 3273 5400 adjutorium
3323 5333 3392 5388 ad

1809 5441 2035 5496 regnum
2075 5426 2204 5480 mihi
2239 5440 2268 5478 a
2329 5426 2436 5480 Deo
2483 5425 2666 5480 datum
2715 5424 3098 5480 continendum
3129 5433 3180 5478 et
3209 5424 3393 5480 defen-

1810 5519 2058 5583 sandum,
2108 5519 2176 5574 ab
2223 5533 2546 5590 unoquoque
2605 5529 2840 5574 vestrum
2893 5521 3188 5574 secundum
3237 5534 3394 5574 suum

1809 5609 2052 5666 ordinem
2080 5618 2134 5664 et
2153 5610 2468 5681 d’gnitatem
2490 5618 2648 5679 atque
2662 5610 3068 5681 possibilitatem
3093 5610 3222 5666 mihi
3245 5609 3394 5665 exhi-

1812 5700 2028 5764 beatur,
2055 5700 2391 5755 sicutvestr‘i
2445 5707 2816 5755 antecessores
2865 5698 3115 5766 fideliter,
3153 5697 3298 5769 justo
3336 5706 3392 5754 et

1817 5794 2236 5862 rationabiliter,
2261 5795 2394 5851 meis
2410 5794 2846 5853 antecessoribus
2874 5793 3264 5854 exhibuerunt.
