3874 5340
535 213 647 269 759
1237 200 1528 259 APPEND.
1571 198 1662 253 AD
1704 180 1876 253 δέπα.
1914 193 1980 249 x.
2022 224 2091 234 —
2129 180 2560 251 MONUMEN'I‘A
2593 176 3070 245 blPLOMA'l‘lCAa
3654 184 3738 240 no

612 321 677 378 Et
705 328 825 390 post
845 319 964 375 haec
991 304 1333 376 llin'cmarus,
1362 310 1655 365 Remorum
1676 305 1973 375 episcOpus.
2000 303 2115 357 inec
2141 308 2190 365 Λ
2216 311 2369 373 pater
2389 316 2520 358 suus
2542 301 2772 357 domnus
2791 297 3141 363 l-lludo'vicus,
3170 296 3293 367 pius
3310 296 3588 364 imperator
3609 309 3741 366 augu-

541 428 663 484 quze
683 384 981 478 sequuntur
995 403 1243 474 capitula,
1263 401 1482 471 iubente
1503 413 1567 453 ac
1587 395 1888 468 postulante
1905 394 2113 448 Adven-
2214 400 2351 454 stus,
2374 405 2438 445 ex
2463 390 2719 461 progenie
2740 387 3035 471 illudovvici
3060 387 3204 457 regis
3222 386 3546 441 Francorum
3569 384 3738 456 inclyti,

542 466 641 568 tio,
673 503 842 572 ipsius
889 496 1124 554 civitatis
1171 466 1440 564 episcopo,
1494 505 1559 545 ac
1588 466 1798 545 ceteris
1851 483 2115 555 episcopis
2213 495 2315 550 per
2341 480 2485 535 beati
2528 479 2761 551 Remigii
2803 466 3136 534 Francorum
3187 475 3413 549 apostoli
3467 476 3744 532 catholicam

546 551 641 568 -.η
676 551 837 572 τυ--
1204 551 1221 564 ,
1355 551 1371 562 ,
1427 551 1437 557 .
1888 551 1899 555 -
2033 551 2047 554 -

546 597 888 650 Trevirorum
910 588 1218 660 provinciae,
1241 586 1439 667 Attene
1465 582 1674 637 scilicet
1701 577 1943 634 ecclesiae
1976 574 2117 643 Viri-
2215 571 2656 642 prmdicationem
2680 585 2803 624 cum
2833 570 3045 639 integra
3073 574 3234 640 gente
3278 551 3541 630 conversi,
3574 575 3623 619 et
3652 580 3745 620 cum

545 682 802 742 dimensis
832 656 1099 751 episcopo,
1130 687 1185 733 et
1215 664 1436 731 Arnull‘o
1457 671 1724 727 Tullensis
1749 667 1982 725 civitatis
2006 666 2120 735 epi-
2218 662 2393 717 tribus
2409 659 2740 715 Francorum
2755 659 3009 725 millibus,
3025 658 3266 729 exceptis
3283 657 3579 727 parvuliset
3596 656 3747 711 mulie-

546 791 730 845 scopo,
758 774 1036 829 Francone
1056 766 1382 837 Tungrensis
1422 763 1656 820 civitatis
1681 761 1951 831 episcopo,
1990 773 2121 813 cuna

546 863 854 921 bibentibus
877 859 1162 931 provincia:
1179 857 1463 910 Remorum
1490 850 1777 920 episcopis,
1816 846 2121 917 coramepi-

507 1027 510 1030 q
547 954 726 1023 scopis
749 962 802 1008 et
828 967 951 1022 rege
973 949 1289 1016 cunctisque
1307 945 1398 1015 qui
1419 943 1630 1013 publice
1644 940 1927 996 adfuerunt
1953 939 2007 993 in
2032 952 2124 992 ea-

548 1050 668 1104 dem
697 1045 924 1101 ecclesia
956 1042 1167 1113 publice
1187 1037 1540 1095 denuntiavitt

617 1138 670 1191 1.
703 1136 780 1191 Ne
800 1134 958 1189 alicui
988 1132 1124 1187 forte
1161 1130 1404 1183 videatur
1426 1125 1716 1193 incongrue
1753 1135 1818 1175 ac
1863 1133 2125 1190 praesum-

546 1228 747 1297 ptiose,
779 1232 865 1279 me
890 1239 953 1278 ac
979 1219 1268 1290 provinciae
1290 1225 1490 1272 nostra:
1502 1210 1836 1269 venerabiles
1857 1209 2129 1278 coepiscoa

548 1296 650 1389 pos
674 1316 873 1379 facere,
901 1311 1153 1382 quoniam
1181 1309 1246 1363 de
1276 1305 1445 1360 altera
1473 1300 1747 1373 provincia
1799 1296 2130 1354 ordinationi

550 1418 608 1463 et
652 1406 827 1462 causis
853 1404 1008 1472 hujus
1058 1397 1346 1470 provincia:
1389 1395 1509 1465 |uos
1562 1390 1948 1453 immiscemus,
1994 1387 2133 1442 sciat

552 1514 649 1553 nos
681 1503 866 1552 contra
896 1504 1129 1547 canones
1156 1502 1339 1543 sacros
1368 1499 1473 1539 non
1497 1496 1676 1553 agere,
1716 1478 1970 1549 quoniam
2027 1476 2134 1531 Be-

553 1586 754 1644 ntensis
781 1594 838 1640 et
884 1580 1235 1637 Treverensis
1279 1575 1523 1632 ecclesiae
1550 1574 1602 1627 in
1634 1572 1737 1626 hac
1766 1569 1990 1640 regione
2009 1566 2129 1623 Bel-

2222 754 2375 808 rihus
2406 792 2421 819 ,
2455 750 2636 822 vigilia
2663 751 2837 806 sancti
2859 748 3082 806 Paschae
3108 750 3161 805 in
3208 746 3463 804 Bemeusi
3517 746 3749 817 metropoli

2220 850 2500 923 baptitati,
2524 850 2823 907 etzcmlitus
2852 857 3067 918 sumpto
3089 847 3399 911 chrismate,
3448 843 3581 898 unde
3616 843 3752 897 adhuc

2223 945 2505 1010 habemus,
2530 942 2781 1015 peruncti
2807 953 2864 999 et
2896 943 2954 998 in
2978 934 3161 1013 regem
3182 938 3409 1004 sacrati,
3452 944 3655 992 exortus
3677 950 3750 1005 per

2224 1035 2444 1091 beatum
2467 1034 2773 1100 Arnulfum,
2804 1049 2837 1089 a
2860 1033 3015 1103 cujus
3067 1044 3235 1088 carne
3274 1024 3419 1085 idem
3476 1026 3752 1081 ﬂlndovicus

2224 1125 2348 1196 pius
2375 1135 2634 1192 angustus
2660 1124 2923 1195 originem
2954 1123 3107 1179 duxit
3133 1119 3334 1185 carnis,
3365 1127 3424 1173 et
3443 1133 3475 1174 a
3522 1117 3748 1187 Stephano

2227 1230 2366 1287 papa
2392 1215 2638 1271 Romano
2662 1223 2790 1270 ante
2811 1224 3015 1270 sanctas
3041 1213 3135 1269 Dei
3181 1210 3462 1284 genitricis
3489 1217 3543 1263 et
3586 1222 3753 1276 semper

2230 1307 2455 1377 virginis
2483 1305 2663 1361 Maria:
2690 1306 2860 1360 altare
2887 1304 3073 1361 Remis
3114 1303 3170 1358 in
3194 1304 3573 1372 imperatorem
3596 1308 3667 1354 est
3686 1315 3753 1353 oo-

2234 1404 2478 1462 ronatus,
2520 1402 2578 1451 et
2640 1395 2856 1450 demum
2906 1393 3141 1449 factione
3199 1389 3552 1464 quorumdam
3591 1396 3753 1444 tet-rato

2234 1485 2461 1554 imperio
2492 1485 2800 1550 destitutus,
2832 1483 2885 1537 in
2907 1483 3220 1554 praedictam
3247 1480 3400 1553 regni
3444 1487 3635 1550 partem
3657 1493 3754 1532 una-

2233 1574 2483 1629 nimitate
2509 1576 2887 1644 episcoporum
2923 1582 2979 1630 et
3024 1572 3199 1628 fidelis
3242 1571 3426 1642 populi
3473 1578 3590 1625 ante
3622 1569 3754 1637 sepul-

552 1680 670 1750 gica
717 1692 837 1732 cum
869 1674 967 1730 sibi
1007 1670 1310 1729 commissis
1342 1663 1584 1722 ecclesiis
1620 1675 1835 1716 sorores
1883 1665 1938 1714 et
1981 1672 2129 1713 com-
2158 1651 2203 1710 Β
2231 1671 2418 1726 chrum
2467 1669 2644 1724 sane“
2690 1666 2953 1738 Dionysii,
3011 1665 3196 1721 exim“
3254 1664 3529 1734 mannis,
3567 1660 3756 1717 ecclesia

553 1747 913 1840 provinciales
935 1765 1220 1825 habentur,
1252 1759 1393 1813 sicut
1429 1753 1723 1809 auctoritas
1763 1747 2130 1840 ecclesiastica
2231 1769 2433 1816 sanctae
2457 1767 2542 1815 εει
2569 1757 2831 1823 redditus,
2860 1763 2915 1811 ει
2934 1756 2986 1810 in
3010 1756 3114 1810 hac
3136 1754 3319 1821 domo,
3349 1762 3475 1807 ante
3495 1752 3589 1807 hoc
3630 1751 3756 1805 alme

555 1869 611 1916 et
643 1857 1012 1927 antiquissima
1042 1854 1373 1908 demonstrat
1417 1842 1766 1900 consuetudo.
1799 1840 1878 1894 Ac
1916 1853 2011 1908 per
2029 1838 2134 1891 hoc
2232 1850 2648 1922 protomartyris
2675 1846 2959 1917 Stephani,
2982 1844 3136 1914 cuius
3161 1857 3357 1899 nomen
3407 1843 3754 1912 ίωθφηωωω

554 1950 793 2009 unanimi
822 1963 1086 2005 consensu
1118 1953 1174 1999 et
1202 1938 1476 2013 SYDOdalia
1526 1935 1728 2006 ἱυάίεία
1771 1944 2045 1995 “eicere.
2081 1936 2137 1984 ει
2234 1948 2455 1997 resonat
2481 1944 2794 2001 coronatus,
2826 1951 2923 2007 per
2946 1935 3158 1990 Domini
3189 1934 3524 1996 sacerdotes,
3549 1931 3753 1986 acclama-

550 2059 676 2116 qute
697 2059 728 2097 a
763 2040 968 2098 sanctis
987 2034 1238 2092 Pati-ibus
1266 2031 1554 2087 constituta
1585 2032 1740 2091 sunt,
1779 2022 1972 2077 debent
2009 2035 2137 2075 con-

550 2115 793 2192 corditer
817 2129 1119 2191 custodire;
1147 2128 1246 2180 hac
1266 2120 1526 2195 privilegii
1565 2115 1872 2172 conditione
1899 2118 2135 2173 servata,

552 2234 617 2282 ut
640 2224 728 2292 qui
748 2222 895 2292 prior
923 2218 990 2273 de
1004 2215 1258 2271 Remensi
1288 2205 1941 2274 etTrevcrensiepiscopo
1977 2199 2140 2255 fuerit

556 2316 858 2378 ordinatus,
891 2312 1041 2383 prior
1075 2309 1239 2364 etiam
1267 2306 1552 2362 habeatur.

627 2407 682 2464 2.
720 2407 786 2462 Ει
812 2380 910 2459 lex_
930 2402 1186 2458 divinitus
1215 2398 1480 2468 inspirata
1530 2390 1778 2463 praecipit
1828 2388 2041 2443 dicens:
2080 2380 2140 2439 Si

557 2498 828 2555 transieris
852 2511 944 2566 per
972 2508 1186 2549 messem
1212 2489 1366 2544 amici
1388 2486 1463 2540 tui
1483 2483 1727 2553 colligens
1756 2480 1949 2549 spicas,
1979 2490 2141 2529 manu

556 2588 865 2661 confricabis
879 2587 948 2641 ad
969 2581 1412 2647 manducandum,
1427 2576 1611 2648 falcem
1627 2582 1800 2628 autem
1822 2585 1924 2624 non
1946 2569 2139 2631 mittas,

558 2683 636 2738 uel
658 2657 808 2751 ‘falce
830 2694 935 2733 non
960 2685 1149 2730 metas.
1199 2671 1387 2727 Messis
1413 2676 1498 2724 est
1524 2663 1770 2737 populus,
1797 2670 1857 2716 ιιι
1886 2657 2144 2712 Dominus

569 2749 845 2827 monstrat
892 2768 948 2822 in
1001 2762 1291 2834 Evangelio
1317 2761 1532 2815 dicens:
1586 2755 1771 2810 Messis
1809 2749 2015 2823 quidem
2068 2754 2144 2801 est

564 2863 752 2928 multa,
787 2859 1009 2932 operarii
1033 2867 1204 2912 autem
1220 2853 1394 2924 pauci.
1422 2849 1617 2920 Rogata
1635 2845 1904 2900 dominum
1939 2840 2140 2905 messis,

560 2965 618 3009 ut
643 2955 811 3007 mittat
840 2949 1103 3020 operarios
1132 2947 1187 3000 in
1232 2958 1449 2998 messem
1493 2954 1678 3002 suam;
1724 2935 1849 3006 quia
1890 2948 1986 2988 vos
2040 2945 2138 3002 pro

2237 2030 2381 2085 tione
2412 2027 2584 2083 fidelis
2606 2026 2809 2098 populi,
2840 2024 2980 2081 sicut
3007 2023 3239 2078 vidimus
3264 2022 3360 2093 qui
3389 2020 3654 2083 adfuimus,
3689 2035 3754 2074 co-

2237 2132 2370 2174 rona
2400 2116 2551 2187 regni
2579 2127 2661 2170 est
2686 2114 3019 2185 imperioque
3046 2113 3348 2169 restitutus.
3376 2110 3444 2166 Et
3464 2110 3599 2181 quia,
3636 2117 3683 2163 ut
3718 2109 3754 2161 in

2237 2205 2484 2263 historiis
2510 2205 2681 2261 sacris
2710 2203 2960 2274 legimus,
2990 2215 3144 2273 reges
3202 2200 3421 2270 quando
3466 2213 3615 2270 regna
3656 2197 3757 2252 obti-

2237 2305 2491 2363 nuerunt,
2524 2294 2858 2367 singulorum
2880 2308 3168 2365 regnorum
3186 2292 3289 2347 sibi
3318 2290 3608 2346 diademata
3631 2288 3757 2356 impo-

2238 2395 2483 2451 suerunt,
2508 2400 2615 2442 non
2654 2385 3006 2453 incongruum
3030 2384 3241 2439 videtur
3267 2380 3393 2436 istis
3423 2376 3755 2435 venerabilibus

2239 2477 2524 2549 episcopis,
2558 2476 2604 2532 si
2633 2482 2827 2531 vestra:
2846 2472 3189 2529 unanimitati
3215 2468 3419 2542 placet,
3444 2478 3501 2525 ut
3538 2466 3587 2523 in
3619 2475 3757 2521 obten-

2242 2581 2355 2627 tum
2384 2568 2556 2642 regni,
2595 2568 2736 2623 unde
2757 2581 2859 2622 vos
2883 2565 2950 2621 ad
2975 2564 3120 2620 illum
3141 2571 3333 2634 sponte
3401 2557 3687 2617 convenistis
3714 2565 3755 2608 et

2241 2666 2291 2721 ei
2342 2678 2442 2719 vos
2493 2660 2939 2725 commendastis,
2979 2655 3302 2713 sacerdotali
3346 2653 3636 2711 ministerio
3667 2656 3757 2702 ante

2241 2758 2409 2813 altare
2453 2756 2555 2811 hoc
2610 2761 2919 2817 coronetur,
2968 2758 3026 2805 et
3067 2765 3222 2805 sacra
3282 2747 3538 2802 unctione
3585 2740 3758 2797 Domino

2241 2855 2608 2907 consecretur.
2649 2844 2802 2912 Quod
2826 2843 2871 2900 si
2894 2841 3047 2897 vobis
3090 2839 3282 2911 placet,
3322 2835 3553 2907 propriis
3590 2829 3757 2885 vocibus

2241 2946 2552 2996 consonate.
2600 2933 2669 2988 Et
2694 2935 2748 2989 in
2777 2934 2875 2987 hoc
2912 2928 3353 2986 conclamantibus
3389 2922 3630 2987 omnibus,
3655 2920 3754 2971 dixit

561 3045 718 3101 nobis
745 3040 1013 3112 episcopis
1040 3036 1246 3094 debetis
1271 3048 1450 3113 orare,
1477 3040 1538 3086 ut
1565 3030 1721 3085 vobis
1760 3027 1918 3098 digna
1960 2998 2134 3096 possi-
2163 2998 2207 3058 (ἶ
2238 3028 2373 3083 idem
2401 3027 2669 3097 episcOpus
2706 3036 2724 3075 :
2756 3024 2992 3090 Agamus
3023 3033 3153 3090 ergo
3182 3014 3511 3072 unanimiter
3537 3010 3632 3065 Deo
3670 3020 3758 3079 grr

562 3148 684 3190 mus
703 3130 869 3199 loqui.
902 3126 1090 3182 Messis
1114 3131 1294 3179 autem
1330 3119 1491 3177 amici
1527 3127 1613 3175 est
1645 3115 1874 3187 populus
1902 3115 1956 3169 in
2007 3128 2133 3184 pro-

496 3207 518 3222 ’
564 3224 742 3279 vincia
788 3219 943 3275 alteri
984 3214 1399 3291 metropolitano
1456 3208 1765 3266 commissa.
1835 3203 1990 3261 Unde
2039 3216 2137 3256 vos

566 3315 852 3379 hortando,
879 3309 1032 3383 quasi
1084 3322 1246 3362 manu
1287 3303 1467 3376 operis
1520 3296 1888 3361 confricando,
1943 3292 2009 3348 ad
2040 3291 2135 3347 Dei

564 3406 891 3463 voluntatem
921 3410 977 3457 et
1020 3409 1254 3455 vestram
1304 3396 1531 3451 salutem
1572 3392 1625 3447 in
1663 3404 1858 3460 corpus
1915 3385 2138 3441 unitatis

565 3498 807 3557 ecclesiae
842 3494 1081 3550 valemus
1103 3499 1156 3547 et
1182 3491 1434 3546 debemus
1464 3483 1729 3555 trajicere.
1761 3482 1817 3536 In
1856 3478 2138 3552 parochia-

566 3607 667 3649 nos
691 3598 872 3646 autem
900 3584 1299 3657 provinciarum
1345 3580 1468 3636 aliis
1517 3574 1946 3646 metropolitanis
1982 3586 2135 3628 com»

564 3684 851 3739 missarum
879 3678 1068 3733 falcem
1090 3673 1277 3747 iudicii
1305 3686 1409 3729 ιιοιι
1435 3669 1720 3733 mittimus,
1766 3664 1893 3736 quia
1930 3680 2029 3719 nec
2054 3670 2139 3717 est

564 3775 727 3839 unde,
758 3787 857 3827 nec
892 3779 1135 3839 nostrum
1161 3781 1279 3822 esse
1305 3763 1727 3821 consideramus.
2094 3740 2101 3749 ’

635 3867 690 3921 ‘5.
717 3865 813 3920 Est
833 3871 889 3917 et
923 3860 1024 3915 alia
1048 3873 1228 3923 causa,
1259 3856 1384 3926 quia
1428 3854 1517 3909 isti
1554 3842 2136 3907 venerabilesdomini

564 3941 945 4012 etconfratres
988 3947 1158 4003 nostri
1198 3942 1490 4016 provincia:
1535 3941 1688 3995 istius
1742 3934 1995 4008 episcopi,
2030 3944 2137 3985 non

566 4047 835 4103 habentes
894 4038 1361 4107 metropolitanum
1409 4035 1733 4103 episcopum,
1788 4028 2136 4100 exiguitatem

567 4143 810 4191 nostram
836 4131 992 4187 sicin
1025 4129 1157 4194 suis,
1181 4127 1321 4182 sicut
1372 4133 1428 4178 et
1471 4125 1524 4178 in
1568 4121 1892 4192 specialibus
1935 4113 2136 4171 nostris

570 4226 772 4291 causis,
801 4238 901 4281 nos
921 4220 1161 4276 fraterna
1186 4218 1416 4273 caritate
1452 4213 1644 4283 jubent
1690 4222 1747 4267 et
1791 4216 2137 4267 commonent

572 4331 751 4389 agere.
778 4315 876 4371 Est
897 4314 992 4379 ita,
1022 4309 1227 4367 domini
1251 4306 1484 4363 fratres?
1523 4304 1589 4361 Et
1625 4304 1997 4376 responderunt
2037 4297 2137 4370 ipsi

532 4434 537 4435 ί
566 4407 821 4478 episcopi:
858 4405 937 4459 lla
971 4410 1074 4459 est.
1250 4462 1265 4471 ν

640 4496 695 4551 4.
721 4495 922 4550 Praeter
948 4506 1010 4546 ea
1049 4503 1170 4561 quae
1191 4488 1420 4543 domnus
1453 4484 1738 4555 episcopus
1766 4490 1819 4537 et
1847 4481 2012 4535 frater
2040 4492 2139 4532 no-

571 4595 685 4644 ster
702 4585 998 4640 Adventius
1024 4581 1179 4637 vobis
1203 4594 1271 4633 ex
1296 4591 1391 4632 sua
1418 4584 1473 4628 et
1498 4584 1799 4629 ceterorum
1833 4582 2054 4624 suorum
2079 4582 2143 4621 ac

570 4686 875 4733 nostrorum
898 4673 1123 4728 fratrum
1143 4680 1197 4726 et
1220 4665 1609 4724 venerabilium
1621 4663 1990 4734 episcoporum
2010 4671 2143 4711 voce

571 4768 727 4831 dixit,
771 4766 825 4819 in
854 4766 957 4820 hoc
979 4764 1144 4819 etiam
1172 4759 1602 4814 animadvertere
1644 4752 1872 4824 potestis
1899 4750 2144 4806 volunta-

570 4867 680 4917 tem
720 4858 813 4913 Dci
836 4871 975 4920 esse,
1007 4862 1063 4908 ιιι
1083 4866 1322 4923 prmaens
1341 4850 1570 4904 domnus
1594 4854 1649 4900 et
1677 4858 1771 4897 res
1811 4850 2016 4904 noster,
2044 4839 2135 4909 qui

566 4952 625 5008 in
646 4959 796 5020 parte
821 4946 971 5017 regni
991 4958 1152 5014 quam
1168 4942 1425 4996 hactenus
1447 4944 1595 4991 tenet
1612 4943 1667 4990 et
1696 4934 1886 4994 tenuit,
1908 4940 1965 4988 et
1986 4931 2139 4986 nobis

571 5055 636 5095 ac
654 5039 899 5095 ecclesiis
936 5034 1134 5091 nostris
1166 5039 1221 5087 et
1247 5028 1440 5100 populo
1481 5025 1584 5082 sibi
1613 5023 1901 5080 commisso
1935 5021 2138 5076 utiliter

568 5140 766 5200 praest
788 5145 852 5185 ac
877 5126 1110 5198 prrefuit,
1143 5130 1197 5176 et
1239 5118 1528 5174 salubriter
1572 5115 1790 5183 prodest
1824 5121 1880 5166 et
1915 5110 2134 5182 profuit,

570 5221 696 5276 inde
717 5220 785 5274 ad
809 5221 950 5272 hunc
970 5217 1143 5270 locum
1167 5210 1393 5265 Domino
1415 5212 1641 5262 ducente
1661 5203 1981 5274 pervenerit.
2030 5215 2138 5268 quo

1039 5301 1389 5340 huuﬁvnﬁnnn
1426 5295 1761 5340 nnnﬂnxisﬁs
1805 5292 1994 5340 ctinsi
2045 5304 2140 5340 vos

573 5311 734 5340 ..εἴη-γι
763 5324 856 5340 mne
878 5309 991 5340 nine

2237 3119 2361 3182 tias,
2389 3117 2761 3180 decantantes,
2791 3110 2861 3167 Te
2893 3110 3057 3165 Deum
3081 3107 3387 3165 laudamus.

2310 3233 2377 3287 Et
2407 3241 2519 3302 post
2566 3230 2676 3283 lucc
2707 3226 2772 3280 ab
2807 3224 3062 3296 episcopis
3091 3236 3209 3276 cum
3251 3218 3597 3288 benedictione
3632 3222 3758 3267 sacer-

2237 3324 2399 3380 dotali
2427 3333 2500 3377 est
2528 3319 2780 3377 idemrrca:
2805 3323 3106 3372 coronatus.

2238 3462 2657 3509 sesmtcrtoxss
2697 3459 2858 3503 sum-2n
2904 3448 3080 3498 MZGEI
3136 3446 3388 3496 tamenim
3432 3449 3565 3492 tum
3614 3440 3757 3486 Itssn

2595 3534 2665 3574 ετ
2706 3531 2918 3573 Αιτιιιω
2953 3524 3455 3571 διιδετιηδηριιλκι.

2308 3633 2589 3689 Adventius
2613 3633 2883 3702 episcopus
2916 3628 3203 3684 Mettensis.
3251 3625 3419 3689 Deus,
3469 3619 3555 3691 qui
3599 3611 3758 3688 populis

2240 3725 2350 3780 tuis
2380 3723 2709 3792 indulgentia
2737 3720 2978 3777 consulis
2991 3727 3046 3773 et
3064 3729 3246 3773 amore
3271 3711 3579 3777 dominaris,
3600 3710 3653 3762 da
3669 3702 3759 3759 huic

2238 3815 2440 3871 famulo
2480 3824 2571 3869 tuo
2600 3814 2848 3884 spiritum
2880 3811 3177 3882 sapientiae,
3207 3808 3300 3878 qui
3332 3805 3525 3862 dedisti
3573 3799 3758 3871 regimen

2239 3905 2564 3975 disciplima;
2597 3913 2655 3958 ut
2683 3903 2776 3958 tibi
2810 3911 2922 3957 toto
2968 3900 3129 3956 corde
3160 3899 3404 3964 devotus,
3460 3903 3516 3951 et
3562 3894 3610 3947 ia
3648 3884 3757 3956 regni

2238 3996 2500 4069 regimine
2536 4003 2752 4050 maneat
2772 4008 2983 4064 semper
3005 3993 3248 4055 idoneus,
3272 3998 3327 4046 et
3359 3990 3412 4043 in
3455 3984 3599 4042 bonis
3627 3974 3758 4049 operi‘

2237 4089 2338 4145 bus
2364 4099 2743 4159 perseverans,
2767 4084 2832 4139 ad
2859 4092 3120 4139 azternum
3145 4094 3369 4152 regnum
3403 4088 3455 4134 te
3478 4077 3602 4133 duce
3621 4068 3757 4124 valeat

2238 4179 2542 4252 pervenire.
2570 4177 2675 4233 Per
2700 4175 3008 4238 Dominum,-
3037 4182 3145 4228 etc.

2313 4287 2477 4343 Hatto
2515 4284 2871 4340 Virdunensis.
2901 4281 3098 4339 Gratiae
3126 4289 3254 4346 tum,
3276 4289 3594 4350 quesumus,
3620 4264 3757 4323 Domi‘

2166 4365 2222 4426 D
2248 4398 2337 4446 ne,
2365 4380 2488 4437 huic
2510 4376 2711 4432 famqu
2749 4384 2839 4430 tuo
2873 4376 3047 4430 tribue
3067 4373 3400 4444 largitatem;
3451 4378 3508 4423 ut
3556 4358 3756 4419 mandat:

2244 4487 2335 4531 tua
2367 4483 2417 4528 te
2453 4478 2710 4542 operante
2739 4466 3019 4531 sectanda,
3068 4463 3487 4520 consolationem
3532 4445 3757 4528 praesentis

2241 4567 2366 4620 vita:
2395 4560 2654 4633 percipiat
2677 4570 2733 4612 et
2754 4557 2965 4612 futurae.
2997 4555 3101 4611 Per
3122 4554 3429 4616 Dominum,
3461 4557 3560 4604 etc.

2312 4629 2567 4722 Arnutfus
2598 4648 2881 4704 Tultensis.
2907 4645 3140 4710 Nostris,
3187 4652 3512 4713 quaesumus,
3559 4629 3753 4688 Domine.

2244 4746 2296 4800 in
2320 4743 2581 4814 regimine
2606 4740 2764 4795 istius
2798 4737 2984 4793 famuli
3015 4737 3089 4790 tui
3117 4733 3408 4805 propitiare
3440 4721 3753 4794 temporibus;

2245 4844 2304 4889 ut
2329 4843 2418 4887 tuo
2435 4844 2655 4885 munere
2667 4827 2930 4898 dirigatur
2951 4835 3005 4880 et
3028 4834 3213 4879 nostra
3240 4819 3500 4877 securitas
3518 4824 3569 4870 et
3588 4805 3755 4867 dev0li0

2242 4920 2555 4978 christiana.
2589 4918 2693 4973 Per
2726 4916 3028 4971 Dominum.

2314 5012 2525 5067 Franco
2559 5008 2891 5078 Tangi-ensis.
2915 5007 3013 5072 Da,
3042 5015 3368 5074 quaesumus,
3404 4994 3632 5055 Domine,
3657 4983 3755 5042 huic

2245 5105 2444 5159 famulo
2473 5112 2564 5157 tuo
2615 5074 2844 5155 salutem
2899 5097 3096 5151 mentis
3130 5103 3185 5149 et
3232 5088 3503 5160 corporis;
3539 5093 3591 5136 ut
3632 5074 3754 5134 bouis

2244 5196 2495 5266 operibus
2519 5188 2849 5252 inhaerendo,
2901 5197 2988 5240 tua
3034 5198 3248 5254 semper
3297 5186 3562 5236 mercatur
3596 5171 3755 5223 virlulﬁ

2241 5287 2474 5340 defendi.
2504 5285 2605 5340 Per
2636 5281 2939 5336 Dominum;
