3960 6320
165 419 278 486 ’τιιι

1157 418 1587 506 FRANCORUM
1625 416 1866 481 REGUM
1904 423 2238 480 CAPITULA
2254 419 2385 478 RlA.

3305 421 3410 480 712

178 547 516 609 servitutem,
554 547 608 600 et
641 535 1036 614 propitiationis
1071 545 1176 598 tute
1225 540 1485 596 beneticia
1539 547 1752 610 semper
1777 545 1827 602 Α
1924 533 2134 590 Clerum
2165 551 2230 589 ac
2257 533 2529 603 populum,
2555 549 2713 603 quem
2737 545 2833 586 sua
2863 529 3030 587 voluit
3068 529 3422 602 opitulatione

171 633 435 686 inveniat.
459 633 563 688 Per
589 634 891 688 Dominum.
923 701 932 710 η

246 726 364 781 0άο
393 724 789 780 Bellovacensis.
829 724 1125 788 Conserva,
1153 737 1484 790 qumsumus,
1509 719 1750 783 Domine,

174 818 320 870 hunc
343 815 600 869 famulum
629 823 796 878 tuum,
839 823 894 868 et
920 813 1352 867 benedictionum
1387 821 1599 864 tuarum
1630 825 1752 879 pro-

165 903 340 974 pitius
367 907 612 962 ubertate
633 895 880 976 puritica,
905 915 961 958 ut
983 905 1374 960 eruditionibus
1414 904 1519 958 tuis
1542 917 1755 972 semper

171 997 564 1066 multiplicetur
587 1007 641 1052 et
660 997 834 1051 donis.
867 995 971 1049 Per
1001 995 1310 1049 Dominum.
1357 1004 1364 1011 ‘

238 1087 546 1141 Benedictio
570 1085 845 1140 Hincmari
876 1086 1266 1155 archiepiscopi.
1293 1085 1558 1139 Extendat
1578 1084 1752 1138 omni-

168 1186 366 1245 potens
428 1176 687 1231 Dominus
739 1177 1016 1230 dexteram
1069 1190 1180 1229 sua:
1239 1173 1646 1236 benedictionis,
1697 1179 1752 1226 et

165 1265 414 1320 effundat
443 1281 604 1336 super
634 1274 687 1320 te
711 1265 909 1319 donum
938 1278 1046 1318 sua:
1092 1263 1512 1333 propitiationis,
1561 1270 1614 1316 et
1640 1261 1749 1315 cir-

164 1358 394 1413 cumdel
425 1367 476 1412 te
514 1357 655 1412 felici
704 1371 860 1410 muro
914 1357 1176 1410 custodiae
1225 1369 1336 1408 suae
1374 1352 1747 1422 protectionis,

161 1457 375 1502 sancta:
401 1448 584 1502 Maria:
604 1457 660 1502 et
693 1448 934 1502 omnium
961 1454 1271 1501 sanctorum
1295 1441 1750 1498 intercedentibus

159 1538 400 1593 meritis.
420 1538 612 1591 Amen.

231 1629 514 1699 lndulgeat
537 1629 631 1683 tibi
659 1628 792 1681 mala
825 1625 1139 1696 omniaquae
1162 1625 1398 1696 gessisti,
1449 1631 1503 1676 et
1547 1622 1751 1676 tribuat

158 1723 259 1780 tibi
301 1723 534 1794 gratiam
574 1731 630 1778 et
659 1721 1081 1776 misericordiam
1116 1734 1276 1786 quam
1299 1717 1574 1772 humiliter
1596 1716 1663 1769 ab
1683 1729 1748 1770 eo

157 1817 444 1886 deposcis;
478 1814 774 1883 liberetque
806 1820 858 1866 te
881 1813 948 1866 ab
976 1810 1395 1865 adversitatibus
1443 1807 1650 1861 cunctis
1691 1813 1746 1860 et

1857 633 1961 680 tuae
1987 627 2212 681 subdere
2241 626 2570 691 ditioni,sua
2592 624 2989 694 dispensatione
3017 632 3071 679 et
3115 632 3203 678 tua
3251 625 3423 679 admi—

1854 717 2173 771 nistratione
2201 733 2297 787 per
2319 718 2569 770 diuturna
2599 725 2838 785 tempora
2892 724 2944 770 te
2983 714 3145 769 faciat
3195 714 3426 771 feliciter

1852 807 2181 876 gubernare;
2213 823 2318 876 quo
2347 806 2542 862 divinis
2561 808 2778 862 monitis
2801 817 3053 876 parentes
3078 845 3093 871 ,
3127 805 3426 860 adversita-

1853 897 1996 950 tibns
2016 898 2264 952 omnibus
2300 906 2570 962 carentes,
2599 897 2754 952 bonis
2777 897 3025 951 omnibus
3043 897 3422 961 exuberantes,

1854 992 1944 1038 tuo
1973 987 2270 1040 ministerio
2297 986 2440 1042 ﬁdeli
2466 1001 2648 1042 amore
2675 988 3052 1056 obsequentes,
3100 994 3155 1042 et
3201 986 3255 1040 in
3288 1000 3426 1055 prte-

1851 1078 1987 1132 senti
2026 1079 2206 1132 seculo
2241 1081 2388 1148 pacis
2412 1080 2797 1150 tranquillitate
2826 1081 3089 1142 fruantur,
3142 1086 3198 1132 et.
3245 1086 3424 1132 tecum

1849 1177 2172 1223 aeternorum
2199 1169 2394 1223 civium
2416 1169 2859 1240 consortiopotiri
2878 1177 3207 1224 mereantur.
3228 1169 3422 1222 Amen.

1851 1261 2003 1329 Quod
2032 1263 2144 1332 ipse
2169 1273 2424 1332 praestare
2449 1263 2719 1332 dignetur.

1848 1370 1932 1424 Ad
1959 1371 2058 1424 ista
2084 1371 2255 1434 verba,
2283 1369 2516 1450 Coronet
2546 1379 2597 1424 te
2625 1369 3189 1450 Dominustmiserunt
3215 1365 3296 1421 illi
3315 1367 3424 1437 epi-

2272 1441 2413 1509 scopi
2439 1457 2683 1494 coronam
2717 1441 2770 1494 in
2813 1441 2997 1508 capite.

1918 1528 2150 1583 Coronet
2179 1537 2230 1582 te
2259 1530 2512 1583 Dominus
2541 1543 2738 1583 corona
2766 1529 2950 1597 gloria:
2979 1537 3140 1597 atque
3159 1528 3417 1599 justilizn;

1848 1626 1910 1671 ut
1952 1634 2075 1672 cum
2121 1619 2225 1672 title
2269 1628 2415 1672 recta
2461 1627 2516 1673 et
2564 1619 2843 1687 multiplici
2890 1619 3150 1672 bonorum
3205 1632 3426 1687 operum

1848 1705 2022 1761 fructu
2052 1708 2117 1762 ad
2147 1723 2404 1762 coronam
2446 1709 2731 1778 pervenias
2789 1708 2937 1776 regni
2981 1707 3248 1776 perpetui,
3308 1709 3425 1776 ipso

1850 1799 2106 1868 largiente
2134 1801 2287 1871 cujus
2316 1810 2401 1856 est
2426 1817 2648 1871 regnum
2683 1809 2768 1858 est
2813 1802 3094 1872 imperium
3144 1799 3198 1853 in
3245 1798 3425 1854 secula

162 1908 232 1962 ab
262 1906 521 1961 omnibus
567 1903 860 1959 visibilium
909 1909 965 1956 et
1009 1898 1356 1954 invisibilium
1405 1896 1745 1952 inimicorum
1777 1887 1822 1946 B
1851 1890 2176 1946 seculorum.

157 1999 396 2054 insidiis.
431 1995 620 2053 Amen.

229 2089 472 2162 Angelos
496 2103 623 2144 suos
645 2086 813 2142 bonos
839 2098 1054 2152 semper
1091 2089 1145 2137 et
1168 2081 1386 2150 ubique,
1414 2080 1505 2149 qui
1537 2087 1588 2132 te
1607 2093 1751 2149 prae-

159 2185 383 2248 cedant,
411 2181 757 2244 comitentur,
792 2186 847 2231 et
868 2178 1286 2245 subsequantur,
1335 2172 1402 2226 ad
1446 2172 1748 2226 custodiam

160 2275 240 2329 tui
267 2282 472 2344 ponat:
510 2279 565 2326 et
592 2286 620 2323 a
654 2276 895 2338 peccato,
933 2281 1026 2320 seu
1056 2263 1253 2334 gladio,
1284 2271 1339 2317 et
1384 2263 1454 2317 ab
1504 2261 1746 2315 omnium

163 2361 526 2433 periculorum
581 2357 892 2414 discrimine
962 2364 1014 2408 te
1068 2367 1165 2408 sua
1232 2351 1471 2422 potentia
1535 2349 1743 2404 liberet.

164 2455 358 2506 Amen.

230 2563 485 2619 Inimicos
511 2571 630 2616 tuos
660 2559 725 2614 ad
756 2558 902 2627 pacis
956 2555 1308 2624 caritatisque
1359 2551 1743 2620 benignitatem

167 2661 462 2717 convertat,
489 2660 543 2706 et
574 2650 711 2720 apud
737 2649 981 2702 odientes
1022 2655 1073 2700 te
1114 2646 1406 2716 gratiosum
1436 2652 1490 2696 et
1543 2640 1746 2694 amabi-

169 2746 264 2801 lem
293 2737 488 2800 faciatl
507 2727 817 2798 Pertinaces
863 2754 1076 2810 quoque
1106 2739 1159 2792 in
1191 2739 1264 2792 tui
1295 2737 1668 2797 {insectatione
1691 2742 1745 2788 et

171 2838 285 2893 odio
323 2835 644 2892 confusione
701 2831 923 2886 salutari
975 2829 1176 2882 induat.
1236 2825 1412 2896 Super
1459 2834 1510 2878 te
1563 2830 1740 2876 autem

171 2925 520 2982 sanctificatio
550 2923 878 2994 sempiterna
903 2913 1162 2974 ellloréat.
1193 2916 1384 2970 Amen.

171 3037 248 3090 Ad
278 3039 376 3091 ista
422 3036 602 3099 verba,
653 3033 889 3088 Coronet
935 3038 986 3083 te
1033 3028 1313 3091 Dominus,
1364 3026 1568 3099 inuasit
1623 3036 1740 3077 cum

237 3107 553 3161 Hincmarus
578 3097 995 3170 archiepiscopus
1022 3101 1084 3152 de
1113 3099 1390 3170 chrismate
1404 3099 1471 3150 ad
1502 3097 1740 3170 dextram

233 3176 546 3240 auriculam,
575 3185 620 3227 et
651 3175 704 3226 in
732 3167 905 3242 fronte
925 3186 1082 3240 usque
1111 3171 1178 3222 ad
1209 3169 1475 3222 sinistram
1528 3167 1740 3219 auricuo

159 3245 167 3254 ’
233 3249 355 3312 lam,
384 3256 435 3300 et
459 3247 514 3297 in
540 3245 727 3310 capite.

231 3356 465 3413 Coronet
498 3362 548 3409 te
589 3353 853 3408 Dominus
880 3364 1079 3405 corona
1105 3348 1286 3419 gloriae
1327 3347 1380 3400 in
1433 3345 1745 3400 misericors

157 3430 247 3502 ldia
269 3457 322 3503 et
347 3443 788 3501 miserationibus
812 3442 945 3505 suis,
968 3448 1025 3496 et
1049 3447 1215 3510 ungat
1251 3446 1302 3492 te
1329 3437 1382 3490 in
1427 3435 1576 3506 regni
1609 3435 1745 3504 regi-

172 3540 301 3594 mine
324 3538 444 3594 oleo
464 3537 650 3606 gratiae
678 3534 912 3606 Spiritus
933 3531 1105 3588 sancti
1143 3530 1249 3594 sui,
1277 3529 1418 3582 unde
1473 3527 1628 3580 unxit
1659 3541 1744 3579 sa-

170 3631 428 3695 cerdotes,
480 3643 670 3699 reges,
714 3625 1026 3696 prophetas,
1077 3630 1132 3678 et
1185 3630 1472 3690 martyres,
1517 3618 1606 3688 qui
1649 3631 1746 3686 per

170 3720 315 3775 ﬁdem
337 3721 591 3775 vicerunt
613 3733 798 3789 regna,
821 3725 874 3770 et
895 3715 1109 3787 operati
1129 3723 1258 3769 sunt
1275 3711 1561 3780 justitiam,
1586 3717 1745 3778 atque

168 3811 334 3880 adepti
361 3821 490 3865 sunt
519 3810 937 3879 promissiones;
970 3807 1282 3875 eisdemque
1299 3802 1746 3874 promissionibus

167 3901 324 3969 gratia
354 3901 452 3955 Dei
482 3901 673 3971 dignus
696 3898 963 3965 elﬁciaris,
987 3908 1252 3968 quatenus
1273 3911 1457 3950 eorum
1475 3894 1746 3950 consortio

166 3991 208 4044 in
230 3990 440 4046 caelesti
480 4007 643 4060 regno
664 3990 863 4060 perfrui
892 3989 1170 4045 merearis.
1194 3990 1386 4044 Amen.

224 4081 595 4136 Victoriosum
627 4089 678 4136 te
700 4089 859 4150 atque
899 4081 1349 4150 triumphatorem
1398 4081 1464 4135 de
1520 4077 1743 4135 visibili-

162 4167 252 4226 bus
276 4181 446 4242 atque
476 4170 835 4226 invisibilibus
857 4171 1101 4227 hostibus
1131 4187 1340 4241 semper
1394 4169 1627 4236 eiliciat;
1687 4178 1743 4226 et

158 4265 328 4319 sancti
358 4263 597 4318 nominis
620 4263 701 4318 sui
731 4263 978 4318 timorem
1006 4262 1211 4333 pariter
1260 4272 1314 4317 et
1342 4278 1582 4318 amorem
1613 4277 1745 4318 con-

158 4355 304 4412 tinne
324 4357 476 4412 cordi
502 4364 594 4410 tuo
619 4355 896 4422 infundat;
929 4365 983 4411 et
1024 4356 1076 4410 in
1129 4356 1234 4411 [ide
1281 4365 1430 4411 recta
1481 4371 1546 4410 ac
1588 4355 1743 4410 bonis

154 4449 415 4518 operibus
439 4449 886 4518 perseverabilem
912 4449 1130 4510 reddat;
1177 4456 1232 4504 et
1271 4464 1403 4518 pace
1453 4449 1506 4502 in
1554 4448 1742 4504 diebus

1846 1999 1928 2054 Ad
1955 2001 2054 2053 ista
2081 1999 2256 2062 verba,
2288 1999 2388 2054 Det
2416 1999 2510 2054 tibi
2545 1999 2803 2055 Dominus
2846 2002 3002 2069 velle,
3052 2004 3301 2060 dederunt
3344 2005 3425 2060 illi

2339 2070 2569 2138 palatum
2583 2080 2628 2123 et
2655 2082 2932 2140 sceptrum.

1916 2182 2017 2239 Det
2041 2183 2134 2237 tibi
2155 2181 2428 2237 'Dominus
2451 2181 2586 2238 velle
2615 2191 2670 2238 et
2696 2197 2852 2252 posse
2889 2199 3026 2254 quas,
3053 2186 3317 2256 praecipit.
3368 2195 3428 2243 ut

1848 2276 1902 2332 in
1932 2276 2082 2346 regni
2115 2276 2376 2345 regimine
2405 2275 2699 2330 secundum
2735 2276 3063 2332 voluntatem
3104 2294 3256 2334 suam
3305 2293 3430 2348 pro.

1845 2365 2054 2429 ficiens,
2088 2379 2211 2418 cum
2234 2365 2408 2433 palma
2457 2365 2855 2433 perseverantis
2911 2367 3151 2421 victoria:
3200 2369 3266 2422 ad
3316 2368 3431 2438 pal-

1845 2471 1988 2510 mam
2016 2457 2298 2526 pervenias
2344 2456 2527 2525 gloriae
2572 2456 2932 2524 sempiterntn.
2977 2454 3163 2511 Gratia
3215 2457 3426 2513 Domini

1846 2549 2022 2602 nostri
2047 2547 2173 2602 Jesu
2197 2547 2418 2609 Christi,
2449 2549 2540 2617 qui
2564 2549 2716 2602 vivit.

1919 2642 2196 2696 Orationes
2226 2642 2277 2696 in
2305 2643 2484 2695 missa.
2517 2641 2588 2696 Da
2620 2641 2798 2707 nobis,
2825 2642 3166 2713 omnipotens
3194 2645 3351 2710 Deus,
3369 2660 3429 2704 ut

1845 2733 1987 2788 beati
2016 2732 2270 2802 Gorgonii
2310 2732 2564 2802 martyris
2591 2732 2665 2786 tui
2694 2733 2994 2787 veneranda
3033 2733 3351 2789 solemnitas
3374 2741 3432 2789 et

1846 2824 2184 2880 devotionem
2213 2823 2368 2878 nobis
2392 2831 2588 2891 augeat
2613 2829 2667 2877 et
2701 2822 2951 2879 salutem.
2988 2823 3093 2878 Per
3117 2823 3425 2880 Dominum.

1916 2916 2257 2982 Quaesumus,
2281 2914 2644 2984 omnipotens,
2673 2923 2730 2969 ut
2752 2913 2986 2969 famulus
3016 2923 3158 2981 tuus,
3201 2916 3289 2983 qui
3341 2924 3430 2970 tua

1845 3007 2191 3061 miseratione
2211 3005 2449 3074 suscepit
2464 3005 2611 3076 regni
2627 3003 3013 3075 gubernacula,
3039 3019 3070 3056 a
3093 3012 3146 3060 te
3167 3004 3426 3058 virtutum

1843 3099 2007 3154 etiam
2035 3097 2296 3168 percipiat
2348 3099 2680 3153 incrementa
2709 3115 2724 3151 :
2749 3097 2945 3168 quibus
2971 3096 3222 3151 decenter
3268 3112 3430 3151 orna-

1849 3198 1955 3250 tus,
1987 3197 2043 3243 et
2071 3187 2319 3242 vitiorum
2344 3194 2583 3241 monstra
2606 3186 2798 3250 vitare,
2821 3193 2878 3241 et
2903 3185 2971 3239 ad
3005 3198 3079 3249 te,
3103 3184 3192 3255 qui
3220 3185 3304 3239 via
3333 3199 3429 3240 ve-

1833 3280 1981 3334 ritas
2000 3289 2055 3334 et
2079 3279 2188 3333 vita
2209 3292 2288 3342 es,
2330 3277 2599 3348 gratiosus
2624 3276 2803 3332 valeat
2831 3275 3137 3347 pervenire.
3160 3275 3263 3342 Qui
3293 3275 3430 3330 vivis

1833 3384 1901 3428 et
1937 3389 2131 3444 regnas
2161 3388 2283 3428 cum
2307 3374 2436 3428 Deo.

1918 3466 2087 3537 Super
2124 3466 2320 3520 oblata.
2368 3465 2618 3536 Respice,
2667 3461 2914 3529 Domine,
2974 3476 3199 3517 munera
3251 3458 3431 3532 populi

1849 3559 1923 3615 tui
1951 3567 2262 3614 sanctorum
2285 3556 2582 3611 festivitate
2607 3555 2806 3620 votiva,
2865 3565 2918 3609 et
2969 3561 3075 3607 tua:
3120 3550 3432 3607 testificatio

1845 3649 2090 3703 veritatis
2110 3647 2264 3702 nobis
2289 3646 2538 3716 proficiat
2557 3646 2623 3700 ad
2639 3646 2888 3700 salutem.
2914 3643 3019 3698 Per
3045 3643 3355 3698 Dominum.

1918 3738 2162 3803 Munera,
2195 3753 2519 3808 quaesumus,
2574 3736 2818 3800 Domine,
2871 3733 3051 3789 oblata
3104 3730 3427 3796 sanctifica;

1847 3841 1906 3886 ut
1942 3841 1997 3886 et
2037 3831 2193 3885 nobis
2227 3830 2498 3899 Unigeniti
2529 3829 2604 3882 tui
2630 3843 2826 3896 corpus
2851 3835 2906 3881 et
2929 3825 3148 3894 sanguis
3183 3824 3332 3889 ﬂant,
3374 3832 3431 3878 et

1847 3921 2046 3977 Karolo
2083 3921 2193 3992 regi
2215 3930 2402 3974 nostro
2439 3921 2506 3974 ab
2534 3918 2885 3973 obtinendam
2935 3916 3129 3970 anima:
3154 3912 3429 3982 corporis-

1847 4026 1952 4080 que
1981 4011 2233 4076 salutem,
2268 4017 2319 4064 te
2363 4009 2644 4080 largiente,
2699 4019 3083 4076 usquequaque
3119 4003 3422 4076 proficiant.

1845 4100 1950 4156 Per
1970 4101 2221 4156 eundem.

1917 4193 2047 4248 Post
2067 4192 2498 4246 communionem.
2528 4189 3001 4245 Sacramentorum
3030 4193 3264 4250 tuorum,
3320 4183 3424 4239 Doa

1846 4285 2010 4349 mine,
2048 4283 2356 4340 communio
2382 4291 2592 4352 sumpta
2615 4297 2715 4336 nos
2745 4280 2938 4344 salvet,
2967 4287 3022 4334 et
3047 4278 3101 4333 in
3134 4285 3235 4332 tuae
3279 4276 3423 4332 veri-

1849 4378 1975 4433 tatis
2005 4377 2125 4430 luce
2147 4375 2454 4432 confirmet.
2492 4374 2599 4428 Per
2622 4372 2928 4427 Dominum.

1917 4470 2062 4529 llaec.
2091 4469 2334 4532 Domine,
2353 4465 2665 4522 communio
2694 4463 2948 4519 salutaris
2978 4460 3237 4518 famulum
3272 4470 3420 4514 tuum

153 4541 262 4595 tuis
286 4556 569 4642 concessa,
595 4542 920 4642 cum.palma
944 4542 1184 4597 victoriae
1213 4551 1264 4596 te
1306 4541 1373 4596 ad
1421 4549 1739 4612 perpetuum
1773 4583 1820 4642 ι)
1846 4561 1914 4616 ab
1933 4562 2183 4615 omnibus
2215 4568 2430 4614 tueatur
2457 4557 2702 4612 adversis
2736 4573 2748 4609 :
2777 4563 3044 4624 quatenus
3086 4562 3140 4608 et
3170 4552 3426 4608 ecclesiae

150 4638 384 4696 regnum
408 4629 685 4698 perducat.
708 4630 898 4684 Amen.

226 4718 296 4772 Et
317 4720 410 4790 qui
439 4730 491 4775 te
513 4719 682 4774 voluit
713 4733 876 4790 super
904 4720 1153 4790 populum
1207 4736 1362 4774 suum
1408 4720 1742 4775 constituere

145 4821 362 4880 regem,
396 4819 448 4867 et
473 4813 526 4865 in
555 4812 804 4881 praesenti
837 4812 1017 4868 seculo
1047 4813 1257 4867 felicem
1283 4823 1337 4868 et
1360 4821 1576 4868 aeternae
1619 4811 1739 4868 feli-

163 4897 340 4956 citatis
377 4903 580 4958 tribuat
601 4916 720 4958 esse
747 4912 1074 4958 consortem.
1109 4904 1279 4959 Amen

1845 4655 1994 4711 sticae
2014 4653 2165 4722 pacis
2193 4650 2438 4706 obtineat
2463 4647 2929 4718 tranquillitatem,
2987 4652 3044 4698 et
3096 4650 3217 4713 post
3269 4641 3426 4696 istius

1843 4743 2102 4813 temporis
2131 4742 2417 4796 decursum
2445 4739 2514 4796 ad
2538 4747 2798 4794 aeternam
2827 4734 3106 4808 perveniat
3133 4733 3426 4789 hiereditao

1841 4843 1968 4890 tem.
1997 4833 2102 4888 Per
2129 4832 2431 4887 Dominum.

781 5010 1172 5095 llLUDOWlCl
1224 5037 1600 5094 GERMANICI
1640 5036 1726 5091 ET
1760 5033 2010 5090 KAROLI
2048 5033 2091 5088 ll
2131 5031 2378 5089 PACTiO
2413 5029 2778 5098 AQUENSIS.

1499 5147 1622 5219 (An.
1644 5147 1766 5202 870.
1801 5145 1964 5202 Mart.
1986 5145 2065 5218 6.)

239 5257 454 5313 Edimus
481 5246 600 5313 eam
633 5273 699 5314 ex
733 5257 1018 5315 Sirmondo
1043 5268 1097 5314 et
1129 5259 1380 5324 Daluzio;
1423 5261 1611 5315 eadem
1658 5258 1886 5313 formula
1927 5265 2104 5313 exstat
2133 5259 2186 5312 in
2223 5256 2522 5312 Annalibus
2559 5255 2838 5311 llincmari
2898 5253 3040 5310 Mon.
3089 5253 3272 5309 Germ.
3310 5244 3410 5306 SS.

185 5315 233 5378 τ.
267 5336 308 5382 ι.
348 5347 403 5396 ρ.
442 5329 570 5385 487.

155 5525 159 5528 _
235 5463 390 5518 Anno
416 5463 800 5519 incarnationis
824 5456 1030 5519 Domini
1052 5468 1218 5520 nostri
1240 5465 1365 5520 Jesu
1389 5464 1589 5521 Christi
1606 5464 1728 5530 870,

149 5539 454 5616 indictione
481 5571 565 5619 ut,
593 5555 766 5625 pridie
784 5555 966 5612 Nonas
1007 5555 1204 5622 Martii,
1256 5573 1397 5612 anno
1436 5558 1505 5610 52
1553 5557 1734 5612 Karoli

171 5633 379 5698 gloriosi
411 5645 572 5715 regis,
628 5646 948 5716 Aquisgrani
990 5648 1190 5719 palatio
1223 5650 1304 5703 ha:
1353 5649 1626 5718 pactiones
1657 5649 1738 5702 in-

157 5728 243 5858 ;cr
295 5737 472 5806 ipsum
524 5747 577 5793 ct
623 5738 991 5794 llludovvicum
1059 5755 1238 5811 regem
1289 5737 1512 5795 fratrém
1563 5739 1732 5811 ipsius

176 5829 314 5858 illum
338 5838 458 5858 ...η-ι

176 5829 314 5883 iNatat:
337 5838 482 5885 sunt.

2006 5460 2371 5533 lngelramnus
2421 5479 2588 5517 comes
2619 5479 2683 5518 ex
2706 5471 2852 5532 parte
2888 5457 3075 5518 Κατριὶ
3103 5457 3256 5525 regis.

1915 5554 2004 5610 Sic
2029 5546 2284 5625 promilto
2310 5569 2375 5610 ex
2411 5541 2564 5624 parte
2593 5552 2823 5608 senioris
2853 5550 2979 5616 mei,
3025 5549 3165 5618 quod
3228 5547 3413 5602 senior

1843 5662 1994 5702 meus
2015 5646 2243 5701 Karolus
2277 5661 2392 5708 rex,
2421 5644 2573 5698 fratri
2595 5659 2692 5708 suo
2724 5640 3035 5696 Hludowico
3066 5639 3200 5708 regi,
3251 5637 3413 5693 talem

1835 5735 2135 5805 portionem
2163 5735 2230 5790 de
2257 5751 2418 5801 regno
2444 5732 2708 5789 lllotharii
2733 5731 2872 5802 regis
2898 5730 3166 5784 consentit
3194 5729 3410 5810 habere,

1840 5826 2052 5898 qualem
2082 5837 2173 5882 aut
2199 5827 2294 5898 ipsi
2321 5826 2602 5897 iustiorem
2649 5833 2702 5879 et
2751 5823 2870 5891 plus
2905 5820 3270 5892 aequaliorem,
3323 5825 3415 5871 aut
