3874 5340
540 291 645 349 745

1249 289 1536 346 APPEND.
1568 290 1660 344 AD
1704 288 1877 345 SrEC.
1925 289 1990 345 Χ.
2031 321 2100 375 —_
2140 289 2573 349 MONUMENTA
2615 290 3091 350 DlPLOMATlCA.
3659 296 3749 363 iii

537 416 854 466 communes
880 404 1066 462 ﬁdeles
1098 420 1284 462 eorum
1319 407 1463 463 inter
1507 421 1567 463 se
1612 408 1936 464 invenerint.
2005 407 2116 464 Nec
2141 417 2194 474 Α
2219 408 2348 463 rint.
2373 407 2484 465 Nec
2509 424 2632 465 eum
2661 408 2714 464 in
2738 408 2854 480 ipsa
2887 409 3155 480 portione,
3209 409 3295 465 vel
3348 409 3399 466 in
3439 428 3592 487 regno
3630 425 3739 488 quod

536 516 662 558 eum
692 501 747 557 in
774 501 887 572 ipsa
912 500 1180 571 portione,
1209 500 1295 556 vel
1317 501 1370 555 in
1386 515 1552 575 regno
1566 503 1707 571 quod
1735 510 1890 556 antea
1915 501 2112 568 tenuit,

535 609 636 665 per
661 593 892 663 aliquam
919 592 1163 646 fraudem
1191 591 1275 647 vel
1303 592 1711 663 subreptionem
1739 592 1974 663 decipiet
2021 601 2117 648 aut

534 683 946 747 forconsiliabit,
968 683 1013 737 si
1038 683 1205 738 frater
1234 698 1366 739 suus
1391 681 1737 737 Illudowicus
1759 682 1986 737 eandem
2021 682 2118 737 fir-

534 775 779 831 mitatem
804 782 857 829 et
883 772 1217 838 fidelitatem,
1245 787 1407 843 quam
1430 786 1497 826 ex
1531 780 1686 841 parte
1724 771 1955 826 senioris
2007 768 2114 825 mei

533 864 610 921 illi
633 866 805 920 habeo
830 865 1172 935 promissam,
1231 864 1332 920 iste
1362 865 1531 919 frater
1577 878 1708 919 suus
1768 863 2114 919 llludowicus

532 956 734 1011 seniori
773 970 893 1009 meo
924 970 992 1010 ex
1017 964 1170 1025 parte
1194 970 1310 1020 sua,
1359 953 1597 1024 quandiu
1642 953 1858 1018 vixerit,
1893 953 2116 1009 inviola-

530 1048 712 1105 biliter
737 1046 1055 1103 servaverit.

600 1137 739 1193 Item
767 1135 1073 1205 Leutfridus
1103 1152 1273 1190 comes
1304 1152 1369 1190 ea:
1397 1145 1544 1205 parte
1566 1134 1863 1190 Hludowici
1887 1137 2041 1205 regis.
2100 1184 2103 1189 .

602 1230 694 1286 Sic
713 1230 969 1301 promitto
991 1243 1089 1298 ego
1115 1244 1179 1282 ex
1204 1236 1358 1298 parte
1391 1227 1622 1282 senioris
1651 1227 1752 1281 mei
1785 1264 1801 1291 ,
1843 1226 1985 1295 quod
2025 1241 2113 1281 se-

531 1320 654 1376 nior
685 1334 836 1373 meus
865 1317 1208 1372 llludowicns
1234 1332 1353 1379 rex,
1378 1315 1533 1370 fratri
1580 1331 1680 1370 suo
1724 1309 1926 1369 Karulo
1975 1314 2112 1385 regi,

532 1409 693 1465 talem
715 1409 1017 1479 portionem
1045 1407 1113 1463 de
1144 1422 1309 1479 regno
1336 1406 1603 1461 Illotharii
1656 1407 1800 1477 regis
1844 1405 2115 1460 consentit

532 1500 749 1564 habere,
781 1499 991 1570 qualem
1021 1507 1113 1552 aut
1141 1497 1542 1569 ipsijustiorem
1566 1506 1658 1552 aut
1696 1498 1816 1568 plus
1856 1498 2114 1568 aequalio-

532 1606 670 1659 rem,
703 1601 798 1648 aut
826 1606 1141 1648 communes
1165 1590 1353 1646 ﬁdeles
1371 1605 1558 1646 eorum
1603 1590 1746 1647 inter
1790 1605 1849 1647 se
1893 1590 2113 1647 invene-

2215 507 2375 554 antea
2405 500 2596 567 tenuit,
2620 515 2719 570 per
2749 499 2987 569 aliquam
3008 498 3251 555 fraudem
3278 500 3364 557 vel
3384 504 3731 575 subreptionem

2215 589 2454 661 decipiet
2478 600 2573 645 aut
2603 590 3013 655 forconsiliabit,
3070 588 3117 646 si
3168 591 3340 646 frater
3390 608 3515 650 suus
3559 594 3741 656 Karolus

2214 681 2441 736 eandem
2475 672 2791 736 firmitatem
2814 688 2871 736 et
2896 675 3211 737 fidelitatem
3233 687 3391 753 quam
3418 688 3484 739 ex
3530 696 3660 756 parte
3680 704 3743 744 se-

2218 771 2392 853 nioris
2444 772 2546 826 mei
2585 771 2659 826 illi
2701 770 2875 828 habeo
2922 773 3269 843 promissam,
3318 772 3417 830 iste
3461 775 3614 832 frater
3647 794 3744 835 suus

2219 863 2447 920 Karolus
2477 864 2675 920 seniori
2705 879 2826 920 meo
2845 880 2912 921 ex
2935 880 3031 920 sua
3082 874 3256 937 parte,
3296 868 3528 938 quandiu
3571 869 3742 938 vixerit,
3840 863 3841 938 Ε

2220 953 2602 1010 inviolabiliter
2629 955 2948 1010 servaverit.

2292 1043 2422 1099 ch
2455 1045 2635 1099 eadem
2689 1046 2873 1099 tertius
2920 1037 3274 1101 Theodericus
3321 1063 3490 1102 comes
3540 1064 3599 1102 ex
3633 1060 3743 1119 parte

2214 1134 2432 1205 gloriosi
2454 1137 2587 1205 regis
2610 1134 2816 1197 Karoli,
2851 1145 2898 1189 et
2948 1145 3167 1207 quartus
3218 1134 3481 1207 Radulfus
3521 1153 3665 1192 comes
3697 1154 3744 1192 es

2215 1236 2363 1297 parte
2391 1225 2691 1281 Hludowici
2711 1227 2972 1297 prosecuti
2998 1236 3144 1281 sunt.

2286 1319 2387 1373 Isti
2416 1330 2693 1385 pmsemes
2741 1320 2953 1389 fuerunt
3008 1320 3027 1370 ἐ
3072 1313 3396 1399 Leutherius
3440 1321 3743 1392 archiepisco-

2214 1429 2338 1485 pus,
2373 1413 2636 1469 Altfridus
2664 1414 2968 1484 episcOpus,
3002 1403 3117 1470 Odo
3144 1415 3450 1484 episcopus,
3492 1411 3745 1470 Adalelmus

2219 1518 2422 1570 centes,
2446 1502 2815 1573 lugelramuus
2844 1516 3048 1568 comes,
3068 1502 3369 1558 Liutfridus
3394 1504 3588 1569 comes,
3611 1500 3743 1559 Theo-
3840 1500 3841 1573 ἕ

2219 1593 2439 1651 doricas
2467 1608 2669 1660 comes,
2701 1594 2829 1648 item
2855 1592 3166 1650 Adalelmus
3194 1608 3401 1650 comes.

1015 1772 1411 1831 llLUDOWlCI
1441 1771 1825 1831 GERMANICI
1863 1772 1951 1829 ET
1990 1771 2244 1829 KAROLI
2280 1773 2325 1829 ll
2363 1772 2612 1832 DIVISIO
2649 1773 2859 1830 REGNI
2897 1763 3294 1834 HLOTUARII.

1877 1930 2001 2003 (An.
2042 1929 2166 1986 870.
2206 1931 2342 2003 Aug.
2374 1934 2455 2007 9.)

601 2084 897 2146 Diiisionis
921 2084 1080 2159 istius
1109 2081 1394 2159 formulam
1425 2085 1633 2159 primus
1653 2082 1824 2159 edidit
1852 2080 2044 2139 Petrus
2069 2080 2315 2140 Pithoeus
2329 2083 2392 2159 _in
2416 2083 2516 2159 SS.
2549 2086 2839 2159 coaetaneis
2858 2102 2912 2159 p.
2949 2089 3074 2155 488,
3107 2102 3171 2146 ea
3201 2088 3418 2147 scilicet
3446 2091 3653 2156 ratione,
3702 2101 3744 2145 ut
3840 2080 3841 2159 ξ

529 2159 788 2217 Ludovici
826 2156 1126 2227 portionem
1151 2171 1218 2210 ex
1248 2157 1435 2227 codice
1460 2155 1843 2227 Bellovaceusi,
1870 2168 1937 2208 ex
1964 2162 2271 2227 sudantem
2327 2155 2587 2227 lectiones
2623 2156 2827 2227 aliquot
2846 2155 2901 2214 et

528 2241 633 2286 ret.
662 2223 1216 2298 Alterameditionem
1253 2225 1512 2298 habemus
1544 2227 1594 2280 in
1620 2225 1870 2298 Aimoin_o
1901 2233 2029 2298 tom.
2060 2223 2379 2298 ll_Corporis
2400 2226 2640 2298 historia:
2677 2223 2974 2298 Francicae',
3013 2241 3238 2288 curante
3280 2232 3524 2289 Frehero
3568 2223 3617 2288 εἰ
3662 2234 3743 2286 5ίέ-

527 2300 760 2364 mundo;
802 2296 1013 2366 tertiam
1039 2296 1406 2366 inAnnalibus
1434 2294 1803 2366 Hincmariet
1819 2292 2063 2366 _l_ialuzio.
2088 2292 2362 2366 Locorum
2390 2295 2799 2366 explicationem
2853 2292 3052 2358 videsis
3082 2302 3134 2357 in
3158 2302 3299 2358 Mon.
3344 2304 3649 2359 Germaniae.
3669 2301 3741 2357 SS.
3840 2326 3841 2359 ς

527 2372 660 2426 lem.
692 2362 816 2439 l,'p.
852 2365 1115 2421 488-490
1143 2364 1488 2437 (Patrologia:
1513 2377 1642 2422 tum.
1669 2362 1880 2431 CXXV,
1911 2364 2015 2420 col.
2045 2364 2186 2421 1255
2215 2376 2269 2423 et
2289 2362 2490 2438 sequ.

596 2530 752 2581 Anno
772 2522 1161 2581 incarnationis
1183 2522 1613 2589 Dominic'eS'lO,
1638 2520 1790 2592 regni
1813 2519 1995 2577 Karoli
2018 2520 2109 2586 55,
2142 2513 2189 2573 Β
2216 2535 2280 2578 ac
2306 2521 2548 2578 decurrit
2592 2523 2649 2579 in
2695 2517 2921 2592 Mosam,
2959 2534 3015 2582 et
3061 2526 3198 2584 sicut
3228 2538 3378 2586 recta
3415 2530 3501 2586 via
3542 2523 3685 2602 pergit
3707 2529 3744 2585 in
3840 2513 3841 2583 ἶ

526 2615 824 2672 indictione
852 2615 886 2669 5
909 2654 923 2676 ,
957 2612 992 2668 6
1031 2612 1156 2668 ldus
1181 2612 1430 2683 Augusti,
1484 2612 1626 2667 inter
1650 2611 1913 2682 gloriosos
1960 2623 2115 2681 reges

529 2706 785 2761 Karolum
808 2715 871 2761 et
890 2703 1262 2761 Hludowicnm
1286 2704 1388 2759 fuit
1417 2705 1534 2760 hinc
1559 2704 1753 2760 divisio
1789 2702 1937 2775 regni
1970 2701 2116 2758 facta

527 2796 584 2852 in
609 2795 934 2865 Procaspide
960 2809 1123 2864 super
1146 2793 1365 2850 ﬂuvium
1388 2793 1611 2851 Mosam.

667 2888 736 2943 Et
764 2889 875 2943 lucc
917 2888 1086 2957 portio
1127 2902 1283 2956 quam
1322 2886 1420 2940 sibi
1452 2885 1790 2941 Hludowicus
1824 2886 2039 2956 accepit.

596 2981 898 3045 Coloniam,
921 2978 1178 3044 Treviris,
1195 2977 1464 3044 Uttrecht,
1480 2978 1811 3049 Strastburg,
1824 2977 2075 3032 Basulam
2093 2992 2109 3043 ;

525 3072 799 3130 abbatiam
827 3069 1069 3137 Suestre,
1103 3069 1300 3133 Bercb,
1331 3067 1869 3134 Niu-Monasterium,
1900 3067 2111 3123 Castel-

524 3164 661 3230 lum,
687 3163 896 3228 ludam,
946 3162 1120 3227 sancti
1159 3160 1458 3227 Maximini,
1498 3161 1939 3231 Ephterniacum,
1969 3161 2111 3217 Hor-

530 3269 704 3319 ream,
733 3252 909 3308 sancti
938 3250 1203 3322 Gangulfi,
1232 3250 1642 3316 Faverniacnm,
1666 3250 2109 3318 Pollemniacum,

524 3343 819 3411 Luxoium,
845 3344 1118 3407 Luteram,
1158 3341 1420 3409 Balmam,
1453 3341 1660 3399 Ofl‘onis
1682 3343 1886 3409 villam,
1913 3343 2106 3398 Meieni

524 3438 939 3503 monasterium,
968 3436 1141 3492 sancti
1167 3421 1411 3501 Deodati,
1436 3435 1670 3491 Bodonis
1695 3435 2107 3501 monasterium,

526 3532 844 3604 Stivagium,
873 3528 1146 3585 Romerici
1173 3536 1432 3596 montem,
1460 3527 1739 3596 Morbach,
1766 3527 1940 3585 sancti
1965 3527 2107 3585 Gre-

523 3624 682 3694 gorli,
733 3622 899 3676 Mauri
948 3620 1359 3688 monasterium,
1410 3621 1780 3689 Eboresheim,
1826 3620 2105 3687 lloinowa,

524 3714 759 3771 Masonis
801 3714 1215 3779 monasterium,
1268 3712 1599 3778 Hoinborch,
1643 3712 1814 3769 sancti
1847 3711 2108 3781 Stephani

523 3807 896 3873 Strastburch,
944 3805 1250 3870 Erenstein,
1301 3805 1474 3860 sancti
1523 3803 1650 3860 Ursi
1702 3804 1756 3859 in
1808 3802 2103 3871 Salodoro,

519 3897 942 3961 Grandivallem,
986 3894 1167 3949 Altam
1214 3903 1458 3964 petram,
1524 3892 2105 3959 Lustenam,_Vallem
2134 3881 2178 3943 C

488 4012 491 4023 ·
520 3990 716 4055 Clusae,
739 3988 1031 4045 CaStellum
1051 3986 1335 4052 Carnonis,
1353 3984 1816 4051 Heribodesheim,
1833 3983 2104 4040 abbatiam

522 4087 590 4139 de
631 4082 804 4152 Aquis
829 4120 845 4145 ,
884 4079 1280 4143 Hocnchirche,
1331 4077 1761 4149 Augstcbirche;
1815 4076 2104 4132 comitatus

521 4175 864 4238 Testrabant,
904 4173 1092 4236 Batua,
1126 4170 1470 4235 illattuarias,
1501 4168 1685 4223 Masan
1730 4168 2004 4223 subterior
2038 4168 2105 4223 de

522 4268 630 4321 ista
660 4273 837 4335 parte,
873 4262 1001 4317 item
1029 4260 1211 4315 Masau
1241 4259 1487 4328 superior
1512 4258 1653 4329 quod
1685 4256 1772 4312 illa
1817 4266 1971 4327 parte
1996 4265 2100 4324 est,

520 4357 720 4428 Liugas
747 4357 888 4424 quod
927 4356 993 4408 de
1038 4352 1140 4407 ista
1184 4360 1337 4423 parte
1364 4359 1464 4415 est,
1497 4349 1801 4405 districtum
1829 4350 2101 4420 Aquense,

521 4448 826 4504 districtum
857 4444 1087 4509 Trectis,
1122 4445 1177 4498 in
1212 4442 1498 4514 ijuarias
1525 4442 1813 4497 cemitatus
1840 4442 2100 4511 quinque,

520 4535 946 4611 Megenensium,
994 4537 1327 4608 Bedagowa,
1379 4534 1717 4599 Nitachowa,
1776 4533 2104 4590 Sarachowa

520 4632 811 4697 subterior,
841 4629 1219 4691 Blesitchowa,
1256 4627 1457 4691 Selme,
1506 4626 1853 4689 Albecltowa,
1887 4624 2103 4680 Suenti-

520 4725 680 4790 sium,
729 4721 1061 4786 Calmoutis,
1112 4720 1439 4775 Sarachowa
1480 4721 1748 4790 superior,
1792 4720 2105 4781 Odorueuse

518 4816 663 4888 quod
708 4815 1015 4869 Bernartius
1059 4812 1274 4878 habuit,
1330 4811 1648 4877 Soloccnse,
1699 4810 2101 4875 Basiuiachum,

518 4907 839 4969 Elischowe,
871 4903 1157 4968 Warasch,
1193 4901 1549 4973 Scudingum,
1569 4902 1787 4967 Emaus,
1812 4900 2101 4956 Basalcho-

516 5014 604 5054 vva
628 4999 681 5053 in
711 4996 935 5051 Elisatio
963 4995 1252 5061 comitatus
1277 4995 1431 5057 duos,
1459 4995 1528 5048 de
1565 4992 1739 5047 Frisia
1767 4993 1898 5047 duas
1919 5000 2102 5061 partes

519 5091 588 5146 de
628 5103 795 5159 regno
824 5086 968 5156 quod
998 5085 1289 5139 Lotbarius
1317 5084 1525 5139 habuit.
1570 5083 1746 5152 Super
1774 5084 1930 5138 istam
1959 5082 2099 5137 divi-

519 5174 723 5237 sionem
750 5186 967 5236 smn--
996 5176 1137 5208 *W‘“
1192 5182 1232 5194 "
1586 5188 1590 5189 “
1663 5174 1870 5202 “⁹’“”¹²“”“

1917 5190 2011 5200 ηαδ-η
2024 5190 2078 5198 ο...

2214 2611 2445 2670 Bedensi
2462 2655 2478 2681 ,
2505 2617 2799 2673 secundum
2828 2618 2971 2687 quod
2998 2634 3311 2677 communes
3337 2623 3512 2677 nostri
3538 2622 3659 2676 missi
3681 2635 3746 2674 re-

2213 2704 2355 2761 ctius
2378 2704 2687 2761 invenerint
2709 2735 2777 2748 —
2801 2719 3028 2779 excepto
3072 2710 3235 2779 quod.
3257 2711 3324 2767 de
3369 2710 3650 2767 Condrnsto
3682 2719 3748 2763 est

2214 2795 2282 2851 ad
2311 2804 2519 2865 partem
2547 2798 2772 2854 orientis
2814 2807 2965 2855 trans
2992 2800 3181 2856 Urtam
3213 2830 3285 2841 —-
3317 2811 3374 2857 et
3403 2802 3630 2858 abbatias
3650 2788 3744 2854 Pru-
3840 2806 3841 2813 ‘

2214 2885 2376 2940 miam
2414 2896 2470 2942 et
2503 2875 2777 2956 Stabolau,
2828 2899 2884 2945 et
2913 2891 3161 2948 omnibus
3191 2883 3332 2948 villis
3361 2878 3678 2949 dominicntis
3707 2890 3744 2945 ἐι

2214 2979 2589 3037 vassallorunt.
2666 3006 2685 3019 ο

2282 3109 2352 3167 Et
2375 3114 2484 3168 haec
2502 3124 2576 3168 est
2599 3115 2784 3169 divisio
2805 3132 2957 3187 quam
2979 3108 3210 3198 Karolus
3232 3118 3295 3173 de
3314 3120 3498 3173 eodem
3519 3134 3652 3190 regno
3672 3114 3745 3169 sibi

2903 3200 3120 3257 accepti.

2281 3292 2621 3367 Lugdunum,
2655 3297 2993 3366 Vesontium,
3031 3299 3251 3368 Vienna,
3288 3301 3538 3375 Tungris.
3561 3300 3744 3364 Tullum,

2210 3388 2551 3455 Viriduuum,
2586 3389 2963 3457 Camer-acum,
3008 3389 3269 3455 Vivarias,
3332 3392 3595 3460 Ucetiam,
3634 3393 3745 3446 Mou-

2157 3499 2160 3501 ‘
2212 3480 2576 3547 temfalconis,
2609 3482 2782 3539 sancti
2831 3482 3127 3550 Michaelis,
3173 3484 3352 3541 Gilllni
3380 3486 3745 3547 monasterium,

2209 3582 2411 3628 sancta:
2434 3568 2614 3628 Maria:
2642 3572 2695 3627 in
2725 3573 3053 3640 Bisantibne,
3088 3577 3258 3630 sancti
3280 3574 3501 3631 Martini
3528 3578 3577 3632 in
3598 3576 3746 3630 eodem

2209 3673 2348 3736 loco,
2398 3668 2569 3723 sancti
2596 3666 2874 3738 Augentii,
2917 3667 3090 3723 sancti
3125 3667 3381 3735 Marcelli,
3437 3668 3601 3725 sancti
3639 3667 3745 3721 Lau-

2209 3760 2371 3814 rentii
2402 3756 2691 3824 Leudensi,
2722 3756 3056 3822 Senno‘nem,
3085 3758 3354 3814 abbatiam
3380 3758 3622 3821 Niellam,
3646 3754 3745 3809 Mals

2207 3850 2442 3915 burium,
2479 3844 2751 3913 Laubias,
2802 3849 2972 3904 sancti
3011 3846 3327 3921 Gaugerici,
3379 3851 3553 3905 sancti
3597 3846 3745 3908 Saltii,

2208 3941 2515 4010 Crispinno,
2546 3926 2762 4004 Fossas,
2783 3939 3037 4005 Marilias,
3070 3938 3432 4007 Hunulficurt,
3463 3939 3624 3996 sancti
3648 3936 3745 3990 Set-

2206 4032 2361 4095 vatii,
2387 4024 2664 4095 Maalinas,
2690 4029 2841 4097 Ledi,
2869 4030 3222 4097 Sunniacum,
3246 4031 3559 4097 Antonium,
3579 4028 3748 4086 Conda-

2206 4117 2342 4187 tum,
2389 4118 2796 4186 Mesrebecchi,
2844 4119 3137 4187 Tidivinni,
3192 4119 3416 4188 Lutosa,
3472 4115 3743 4180 Calmontis,

2205 4210 2405 4267 sancire
2442 4208 2623 4265 Mariae
2654 4211 2707 4265 in
2736 4210 3020 4277 Deomant,
3057 4211 3227 4277 Echa,
3268 4212 3518 4278 Andana,
3561 4205 3744 4267 Wasloi.

2203 4295 2685 4369 Altum-Montem;
2710 4303 3001 4358 comitatus
3020 4303 3387 4369 Texaﬂdrum,
3410 4304 3468 4357 in
3487 4301 3746 4358 Bracbanto

2205 4396 2490 4451 comitatus
2538 4399 2789 4465 quatudr,
2835 4392 3302 4460 Cameracensem,
3352 4390 3630 4456 ﬂainoum,
3668 4388 3745 4442 Lo—

2205 4501 2469 4555 mcnsem,
2504 4488 2556 4542 iu
2589 4487 2860 4543 llasbanio
2887 4487 3178 4542 Comitatus
3207 4497 3458 4556 quatuor,
3490 4466 3657 4540 Masau
3679 4495 3747 4534 su-

2202 4580 2385 4652 perior
2446 4580 2513 4634 de
2561 4580 2662 4635 ista
2707 4588 2859 4649 parte
2913 4578 3116 4645 Mos’m,
3177 4578 3360 4634 Masau
3404 4578 3660 4634 subterior
3696 4570 3747 4627 de

2203 4675 2307 4729 ista
2337 4686 2503 4743 parte,
2544 4668 2739 4743 Liugas
2766 4671 2909 4741 quod
2955 4671 3023 4724 de
3061 4672 3162 4726 ista
3209 4672 3364 4743 parte
3398 4674 3485 4725 est
3530 4669 3672 4723 Mosae
3707 4671 3748 4717 et

2203 4769 2439 4838 pertinet
2488 4768 2553 4822 ad
2601 4767 2888 4821 \ieosatum
2917 4804 2932 4830 ,
2973 4764 3354 4836 Scarponinse,
3407 4762 3744 4818 Viridutzeasr.

2202 4864 2508 4926 Dulmense,
2553 4860 2740 4925 Arlun,
2794 4858 3090 4917 Wavrcnse
3133 4861 3412 4915 comitatus
3441 4857 3597 4922 duos,
3637 4852 3749 4907 Mos-

2202 4954 2374 5008 minsc
2402 4993 2417 5018 ,
2439 4951 2785 5017 Caetricium,
2811 4950 3101 5016 Condrust,
3123 4953 3191 5007 de
3210 4950 3497 5005 Arduenna
3526 4948 3653 5003 sicut
3672 4943 3750 4996 line

2202 5059 2325 5099 men
2357 5043 2490 5099 Uria
2534 5042 2705 5112 surgit
2731 5043 2875 5097 inter
2904 5041 3119 5098 Bislanc
3152 5051 3209 5098 et
3233 5041 3469 5097 Tumbas
3496 5056 3559 5095 ac
3585 5039 3748 5092 decur-

2204 5136 2275 5188 rit
2300 5151 2363 5186 ex
2395 5134 2495 5186 hac
2525 5143 2676 5188 narte
2706 5133 2762 5188 in
2792 5132 3014 5199 Mosam,
3044 5144 3101 5187 et
3130 5133 3269 5189 sicut
3296 5140 3439 5189 recta
3467 5132 3551 5184 via
3580 5144 3641 5184 ex
3664 5125 3748 5178 hac

2846 5227 2857 5234 ‘
2924 5226 2976 5260 in
3008 5213 3251 5272 "Aniensi-
3300 5224 3589 5272 secundum
3628 5217 3748 5272 (mod

2947 2162 3245 2231 portionem
3283 2162 3491 2235 ¥Karoli
3533 2164 3743 2235 expritue-
3840 2162 3841 2235 Ῑ
