3960 6320
150 291 225 348 7ιὸ

1083 278 1511 336 FRANCORUM
1552 274 1794 332 REGUM
1833 273 2032 330 CAPIT
2043 274 2290 333 ULARIA
2302 274 2335 330 .¹

3220 279 3323 336 746

859 411 1111 470 KAROLI
1137 412 1183 468 ιι
1212 406 1628 468 CONVENTUS
1653 406 1840 464 APUD
1872 405 2224 464 GUNDULFI
2262 403 2536 461 VILLAM.

1401 569 1524 641 (An.
1568 570 1692 626 872.
1731 567 1878 639 Sept.
1907 568 1986 638 9.)

193 734 419 804 Loquitur
441 732 504 787 de
532 726 1046 804 eo__liincn_1arus~in_
1071 725 1368 804 Annalibus
1391 741 1481 804 an.
1513 724 1966 804 87?.._Editionem
2007 723 2203 804 Pithmi
2229 725 2282 778 in
2324 723 2425 780 SS.
2457 724 2744 804 comtaneis
2782 741 2838 795 p.
2865 727 2970 782 509
2997 740 3326 804 exceperunt

141 793 410 862 Baron-iana.
441 813 564 856 tom.
595 799 663 865 X,
694 796 1176 861 et'Sirmondiana,
1199 797 1396 866 quibus
1431 795 1795 866 inscriptionis
1819 808 1948 863 pars
1971 793 2270 866 suppletur,
2298 793 2555 866 generale
2580 809 2708 866 vero
2739 793 3326 856 sacramentum-omis-

138 892 230 932 sum
248 884 369 928 erat.
388 870 631 926 Baluzius
649 862 881 937 utraque
912 882 1041 922 usus
1079 862 1356 922 meliorem
1382 862 1637 936 patravit,
1660 862 1835 934 quam
1849 878 1949 918 nos
1972 862 2060 917 hic
2081 862 2498 932 exprimendam
2527 865 2797 920 duximus.

189 1042 318 1096 Anno
358 1038 732 1094 incarnationis
782 1035 1065 1093 dominica:
1105 1034 1210 1089 872
1240 1033 1333 1067 ¹¹⁵⁶
1361 1031 1657 1088 indictione
1683 1018 1735 1076 Α
1760 1043 1934 1091 strum
1971 1036 2232 1090 honorem
2261 1043 2422 1105 atque
2462 1037 2529 1092 ad
2552 1046 2789 1093 vestram
2823 1047 3170 1095 sanationem
3202 1057 3333 1096 con-

136 1131 302 1201 quinta,
331 1128 508 1199 quinto
536 1127 656 1182 idus
695 1125 1049 1197 Septembris,
1092 1125 1146 1178 in
1188 1123 1386 1194 placito
1416 1122 1656 1194 generali

135 1222 242 1292 apud
265 1219 494 1275 Gundulli
535 1219 714 1274 villam
735 1259 750 1284 ,
787 1249 858 1260 —
905 1232 1028 1273 cum
1057 1217 1150 1249 ¹²⁵⁰
1178 1214 1522 1272 Hludowicus
1572 1229 1658 1269 sa-

133 1321 360 1367 cramenta
394 1311 634 1381 superius
684 1309 884 1380 scripta
930 1309 1249 1378 disrupisset
1287 1315 1342 1363 et
1383 1306 1658 1376 mquivoco

134 1418 206 1457 suo
227 1403 386 1457 itidem
413 1402 721 1456 Hludowico
752 1402 1062 1471 imperatori
1087 1415 1145 1455 se
1176 1399 1567 1469 conjunxisset,
1604 1407 1660 1452 et

133 1501 416 1547 sacramenta
446 1507 566 1562 qua:
593 1493 839 1562 superius
875 1491 1076 1560 scripta
1104 1498 1228 1546 sunt
1265 1490 1381 1544 ﬁeri
1408 1489 1662 1559 jussisset

133 1580 375 1652 Ingilberga
420 1583 603 1653 regina
653 1590 707 1635 et
751 1580 941 1648 legatis
984 1579 1127 1635 sedis
1157 1579 1484 1650 apostolicae,
1521 1577 1656 1632 For-

131 1685 246 1724 IIIOSO
269 1671 461 1725 scilicet
501 1681 556 1726 et
605 1670 870 1726 Gaderico
892 1669 984 1710 ¹ι⁶⁰
1001 1711 1017 1736 ,
1061 1668 1440 1738 praesentibus,
1465 1698 1535 1707 -—
1558 1668 1660 1723 hac

133 1770 397 1828 tempestate
418 1771 664 1831 urgente,
688 1761 924 1832 episcopi
950 1774 1138 1816 omnes
1158 1775 1224 1814 ex
1248 1774 1414 1832 regno
1437 1759 1657 1830 gloriosi

129 1851 238 1920 regis
265 1851 430 1905 Karoli
459 1853 600 1907 banc
625 1852 1014 1922 professionem
1054 1851 1192 1905 infra
1229 1850 1485 1920 scriptam
1515 1849 1658 1906 fece-

129 1951 240 2005 runt,
263 1951 310 1996 et
336 1958 518 1999 omnes
548 1943 672 1998 laici
703 1945 806 1999 hoc
850 1951 1248 2000 sacramentum
1296 1942 1544 1998 similiter
1579 1943 1660 1998 in-

128 2028 188 2082 fra
208 2032 440 2102 scriptum
469 2031 811 2101 iuraverunt.

516 2124 790 2195 Professio
833 2127 1214 2197 episcoporum.

176 2214 406 2280 Quantum
438 2219 619 2274 sciero
665 2226 719 2274 et
761 2230 1022 2289 potuero,
1067 2220 1356 2289 adjuvante
1411 2219 1656 2286 Domino,

127 2305 304 2360 consilio
325 2316 376 2361 et
402 2309 606 2363 auxilio
645 2309 940 2364 secundum
969 2324 1148 2364 meum
1198 2309 1556 2365 ministerium
1599 2311 1659 2365 fi-

127 2391 226 2448 delis
245 2397 382 2452 vobis
412 2398 632 2468 atljutor
656 2413 773 2463 ero,
805 2408 862 2453 ut
891 2413 1116 2470 regnum
1147 2400 1292 2469 quod
1331 2401 1482 2456 vobis
1518 2401 1657 2456 Deus

126 2483 297 2542 donavit
313 2489 392 2544 vel
412 2491 720 2558 donaverit,
748 2492 815 2546 ad
843 2491 1011 2561 ipsius
1029 2491 1360 2546 voluntatem
1383 2501 1438 2548 et
1457 2504 1657 2550 sancta:

126 2574 318 2632 ecclesia:
342 2594 402 2635 ac
430 2581 675 2637 debitum
709 2581 915 2652 regium
944 2583 1202 2635 honorem
1225 2589 1464 2635 vestrum
1493 2592 1548 2638 et
1569 2598 1658 2640 ve-

125 2671 253 2720 stram
279 2669 619 2743 fideliumque
655 2683 959 2729 vestrorum
987 2669 1343 2727 salvationetn
1374 2671 1574 2730 habere
1602 2682 1657 2730 et

127 2752 318 2814 obtinere
340 2769 392 2815 et
414 2763 701 2819 continere
728 2763 968 2834 possitis.

515 2855 920 2911 Sacramentum
945 2855 1218 2914 (uicorum.

175 2936 413 3003 Quantum
462 2948 644 3001 sciero
689 2954 744 3000 et
777 2956 1024 3015 potuero,
1073 2948 1359 3018 adjuvante
1409 2949 1656 3013 Domino,

123 3032 163 3076 et
180 3030 350 3087 auxilio
376 3033 554 3090 ﬁdelis
585 3035 734 3090 vobis
761 3034 978 3106 adjutor
1010 3055 1125 3104 ero,
1159 3049 1217 3093 ut
1266 3054 1488 3108 regnum
1518 3041 1662 3109 quod

126 3115 290 3178 habetis
317 3126 380 3182 ad
409 3128 505 3183 Dei
554 3128 880 3183 voluntatem
909 3140 964 3186 et
989 3140 1188 3188 sancta:
1214 3134 1457 3189 ecclesiae
1484 3141 1540 3188 et
1570 3149 1662 3188 ve—

1758 1125 1930 1179 tinere
1957 1124 2197 1194 possitis,
2245 1133 2300 1178 et
2321 1126 2463 1194 quod
2487 1125 2629 1182 Deus
2658 1128 2832 1183 adhuc
2869 1130 3018 1184 vobis
3047 1146 3332 1186 concesse-

1757 1213 1849 1277 rit,
1895 1214 2179 1283 adquirere
2205 1226 2259 1270 et
2288 1224 2477 1270 contra
2524 1231 2712 1271 omnes
2766 1217 3008 1274 homines
3047 1219 3332 1276 defendere

1757 1301 2003 1358 valeatis.

2156 1393 2407 1450 Generale
2439 1398 2670 1450 omnium
2694 1396 2950 1465 ﬁdelium.

1831 1481 1921 1537 Sic
1949 1483 2208 1552 promitto
2236 1499 2356 1554 ego,
2381 1487 2506 1555 quia
2533 1486 2600 1541 de
2639 1487 2741 1541 isto
2771 1487 2857 1541 die
2893 1489 3108 1542 inantea
3138 1488 3224 1543 isti
3255 1503 3341 1543 se-

1759 1571 1898 1626 niori
1923 1587 2065 1636 meo,
2095 1574 2334 1642 quandiu
2365 1576 2569 1641 vixero,
2601 1575 2773 1632 fidelis
2807 1586 2861 1632 et
2884 1578 3140 1633 obediens
3166 1587 3221 1632 et
3247 1580 3342 1633 ad-

1752 1659 1921 1729 jutor,
1962 1671 2456 1734 quantumcumque
2477 1665 2597 1734 plus
2623 1677 2679 1720 et
2705 1666 2894 1720 melius
2925 1668 3097 1722 sciero
3141 1677 3196 1721 et
3242 1684 3341 1737 pn-

1759 1761 1936 1819 tnero,
1975 1763 2030 1808 et
2067 1755 2291 1811 consilio
2330 1767 2386 1811 et
2413 1757 2612 1812 auxilio
2642 1757 2933 1813 secundum
2965 1774 3141 1814 meum
3179 1758 3338 1812 mini-

1761 1845 1991 1899 sterium
2020 1845 2073 1900 in
2105 1847 2355 1903 omnibus
2399 1862 2512 1914 ero,
2544 1850 2748 1919 absque
2779 1850 2963 1905 fraude
3001 1861 3052 1905 et
3085 1849 3226 1904 malo
3263 1849 3344 1905 in-

1760 1936 1939 2004 genio,
1977 1946 2033 1993 et
2058 1939 2262 2010 absque
2299 1940 2404 1995 ulla
2436 1941 2719 1998 dolositate
2766 1943 2849 1998 vel
2894 1943 3204 1998 seductione
3247 1957 3345 1998 seu

1761 2027 2096 2097 deceptione,
2146 2040 2202 2085 et
2250 2031 2452 2102 absque
2497 2041 2744 2103 respectu
2795 2033 3020 2102 alicujus
3066 2048 3344 2104 personae;

1761 2129 1818 2178 et
1887 2132 2063 2188 neque
2114 2135 2214 2190 per
2266 2135 2398 2186 me,
2457 2136 2634 2190 neque
2694 2123 3100 2191 permissum,
3173 2136 3349 2191 neque

1760 2228 1858 2282 per
1910 2213 2159 2276 litteras,
2213 2211 2308 2264 sed
2363 2225 2535 2280 neque
2586 2226 2685 2281 per
2734 2211 2988 2267 emissam
3034 2227 3130 2266 seu
3178 2211 3350 2266 intro-

1763 2305 1986 2358 missam
2036 2315 2322 2372 personam
2353 2339 2368 2366 ,
2424 2301 2508 2356 vel
2559 2315 2901 2372 quocumque
2952 2303 3109 2357 modo
3167 2316 3231 2355 ac
3277 2303 3346 2356 si-

1689 2378 2108 2465 Bgniticatione
2187 2399 2377 2445 contra
2457 2405 2613 2445 suum
2687 2391 2944 2446 honorem
3015 2401 3071 2446 et
3149 2401 3349 2446 sancta:

1762 2483 2005 2539 ecclesia:
2073 2490 2236 2550 atque
2300 2480 2451 2551 regni
2506 2480 2583 2535 illi
2645 2481 2922 2537 commissi
2989 2482 3224 2552 quietem
3293 2492 3346 2535 et

1761 2576 2211 2647 tranquillitatem
2276 2585 2441 2645 atque
2495 2573 2821 2629 soliditatem
2884 2573 3205 2627 machinabo
3267 2573 3352 2627 vel

1763 2668 2101 2724 machinanti
2165 2666 2498 2722 consentiam
2541 2706 2556 2730 ,
2612 2679 2790 2735 neque
2839 2678 3074 2734 unquam
3131 2663 3347 2734 aliquod

1766 2757 2082 2813 scandalum
2152 2755 2424 2820 movebo,
2496 2754 2639 2825 quod
2720 2754 2864 2809 illius
2940 2755 3192 2823 praesenti
3265 2754 3354 2809 vel

1767 2849 1961 2904 futurae
2010 2849 2168 2905 saluti
2224 2849 2556 2904 contrarium
2613 2849 2699 2904 vel
2750 2848 2996 2903 nocivum
3049 2863 3168 2904 esse
3219 2863 3346 2919 pos-

1766 2941 1856 2995 sit.
1908 2941 2000 2996 Sic
2056 2956 2142 2996 me
2186 2940 2326 2996 Deus
2373 2940 2590 3010 adjuvet
2637 2948 2690 2994 ct
2740 2941 2838 2994 ista
2887 2947 3198 2996 sanctorum
3250 2953 3348 3010 pa-

1767 3030 2014 3085 trocinia.

1024 3263 1275 3321 KAROLI
1313 3266 1352 3321 ll
1387 3264 1824 3322 CAPITULARE
1862 3263 2378 3320 CARISIACENSE.

1436 3398 1559 3469 (An.
1594 3397 1716 3452 875.
1747 3397 1874 3452 Jan.
1915 3397 2000 3465 4.)

175 3521 504 3609 §irmondiet
528 3529 738 3609 Baluzii
764 3529 1049 3609 editiones,
1081 3541 1299 3609 recepta
1323 3541 1529 3586 tantum
1559 3547 1678 3609 quae
1720 3531 1896 3600 potior
1923 3539 2004 3586 est
2040 3530 2135 3600 (cf.
2168 3539 2220 3585 et
2249 3529 2525 3586 llincmari
2563 3532 2798 3590 Annales
2841 3550 2930 3588 an.
2959 3535 3063 3591 875
3094 3536 3338 3609 ineunte)

120 3592 282 3649 codicis
301 3595 685 3656 Laudunensis
716 3592 1083 3672 inscriptione,
1123 3592 1315 3657 iterum
1349 3592 1734 3672 expressimus.

119 3752 631 3830 Aunoincarnalt'onis
654 3760 943 3815 Dominicm
971 3761 1094 3826 875,
1124 3761 1404 3815 indictione
1433 3775 1484 3814 vr
1505 3801 1518 3825 ,
1548 3759 1660 3830 pri-
1690 3739 1735 3800 Ο
1768 3755 1966 3809 missus
2005 3754 2088 3808 vel
2119 3769 2301 3810 comes
2329 3756 2382 3809 in
2427 3757 2581 3826 cujus
2623 3757 2958 3812 missaticum
2989 3757 3185 3830 fugerit
3214 3803 3228 3826 ,
3262 3778 3357 3830 per

168 3825 238 3901 die
275 3827 453 3885 Nonas
492 3830 755 3901 Ignuarii
797 3832 909 3901 luce
949 3825 1396 3901 quw’seqttnntur
1435 3825 1669 3901 capitula

171 3897 366 3969 domnus
395 3917 488 3954 rex
517 3897 757 3954 Karolus
789 3900 842 3953 in
871 3897 1142 3954 Carisiaco
1171 3897 1368 3969 palatio
1399 3897 1516 3956 cunt
1546 3899 1675 3968 ﬁde-

169 3963 278 4042 lium
309 3985 527 4042 suorum
567 3969 781 4042 consilio
811 3970 1056 4042 decrevit,
1086 3981 1131 4042 et
1158 3963 1249 4042 per
1279 3987 1430 4024 suum
1462 3963 1674 4042 regnum

168 4035 449 4092 denuntiari
478 4051 530 4093 et
567 4040 826 4093 observari
851 4041 1118 4093 mandavit
1153 4035 1265 4094 “".

170 4121 286 4188 Quia
313 4141 550 4182 necesse
581 4139 681 4191 est,
709 4129 931 4198 utquod
956 4128 1096 4183 male
1121 4129 1455 4194 reincrescit,
1482 4131 1679 4184 iterum

113 4215 371 4284 recidatur,
403 4220 474 4275 de
503 4220 994 4276 constitutionibus
1025 4228 1428 4275 anteecssorum
1465 4230 1678 4275 nostro—

116 4315 211 4360 rum
240 4300 291 4363 et
328 4315 542 4368 nostris
567 4353 582 4377 ,
613 4326 733 4381 quae
762 4312 815 4366 in
846 4311 1061 4367 illorum
1096 4322 1151 4366 et
1193 4314 1394 4366 nostris
1429 4313 1682 4382 capitulis

113 4398 386 4456 constituta:
419 4409 597 4467 sunt,
628 4401 695 4456 ad
722 4404 1017 4457 resecando
1048 4403 1186 4457 mala
1218 4416 1336 4471 qua:
1377 4402 1684 4472 specialiter

114 4482 279 4543 iterum
308 4500 650 4562 remergunt,
680 4493 862 4546 missis
888 4502 942 4547 et
973 4493 1261 4548 comitibus
1287 4494 1487 4548 nostris
1515 4492 1682 4546 lirmi-

117 4581 182 4627 ter
205 4584 524 4653 exequenda
554 4584 934 4654 proponimus,
968 4584 1020 4638 id
1049 4592 1158 4648 est,
1192 4593 1249 4639 ut
1282 4586 1496 4654 quando
1532 4583 1685 4638 missi

111 4666 178 4718 vel
200 4673 422 4728 comites
453 4674 634 4728 nostri
679 4673 944 4730 latronem
975 4674 1058 4729 vel
1091 4674 1324 4745 aliquem
1372 4675 1685 4729 malefacto-

113 4767 206 4808 rem
232 4759 308 4814 vel
340 4762 620 4817 inlidelem
653 4773 896 4818 nostrum
926 4764 1328 4819 forbannierint
1355 4805 1370 4830 ,
1403 4765 1504 4818 hoc
1535 4765 1691 4819 nobis

113 4843 156 4896 in
180 4860 361 4908 nostro
398 4855 610 4924 palatio
649 4863 705 4910 et
743 4855 864 4910 aliis
900 4857 1077 4911 missis
1120 4865 1176 4911 et
1210 4858 1500 4912 comitibus
1550 4859 1691 4912 scire

113 4931 308 5009 faciant,
339 4953 401 4998 ut
431 4947 479 4999 si
511 4947 579 4999 ad
611 4954 849 5001 nostram
875 4957 1084 5001 curtem
1113 4948 1344 5012 venerit,
1378 4949 1500 5002 inde
1531 4948 1692 5001 facia-

113 5041 217 5085 mus
243 5038 389 5103 quod
425 5047 676 5091 nostrum
711 5048 814 5093 est.
859 5039 926 5093 Et
965 5041 1008 5094 si
1049 5040 1114 5092 de
1144 5053 1255 5093 uno
1291 5041 1567 5096 missatico
1610 5041 1690 5095 vel

1780 3845 2123 3916 lidejussores
2145 3848 2497 3919 constringat,
2531 3857 2588 3902 ut
2619 3848 2750 3904 velit
2784 3849 2915 3904 nolit
2944 3849 3069 3905 illuc
3099 3853 3360 3919 reveniat,

1776 3947 1832 3993 et
1869 3939 1940 3994 ibi
1983 3939 2182 3993 malum
2217 3941 2466 3995 emendet
2502 3940 2594 3996 ubi
2635 3940 2765 3994 illud
2809 3943 3158 4011 perpetravit.
3209 3944 3273 3998 Et
3315 3946 3363 3998 si

1779 4033 2125 4102 fidejussores
2148 4050 2254 4090 non
2280 4035 2552 4101 habuerit,
2582 4036 2680 4092 sub
2699 4036 2943 4091 custodia
2967 4036 3114 4091 illum
3143 4038 3364 4100 habeat.

1781 4129 1950 4184 donec
1991 4129 2059 4184 ad
2087 4128 2234 4183 illum
2263 4128 2513 4183 comitem
2536 4168 2551 4193 ,
2583 4129 2636 4182 in
2667 4128 2821 4197 cujus
2848 4128 3108 4183 comitatu
3146 4128 3366 4185 forban-

1780 4221 1928 4276 nitus
1958 4221 2154 4287 fuerit,
2185 4220 2332 4275 illum
2372 4221 2618 4276 revenire
2645 4220 2828 4276 faciat.
2860 4221 2926 4276 Et
2957 4222 3001 4276 si
3032 4221 3236 4277 alodem
3265 4223 3364 4276 ha-

1783 4313 1962 4368 buerit
2001 4313 2080 4367 vel
2126 4315 2177 4368 in
2216 4314 2306 4368 illo
2351 4314 2609 4368 comitatu
2652 4316 2793 4368 unde
2837 4313 3012 4384 fugit,
3055 4314 3138 4369 vel
3188 4315 3240 4368 in
3280 4314 3372 4368 illo

1785 4404 2043 4458 comitatu
2090 4403 2157 4456 ad
2203 4419 2360 4472 quem
2404 4403 2577 4473 fugit,
2623 4418 2805 4458 comes
2847 4403 3022 4474 ipsum
3059 4405 3268 4459 alodcm
3315 4406 3368 4458 in

1788 4494 1976 4547 fiscum
2005 4490 2249 4560 recipiat.
2277 4492 2344 4545 Et
2372 4494 2462 4560 qui
2499 4491 2657 4545 talem
2685 4492 3048 4546 forbannitum
3083 4493 3367 4561 receperit,

1789 4583 2083 4639 secundum
2110 4583 2251 4652 quod
2282 4583 2636 4638 constitutum
2666 4592 2746 4638 est
2789 4583 2842 4636 in
2872 4583 3261 4652 capitulm-ibus
3289 4585 3373 4638 avi

1789 4685 1843 4730 et
1869 4675 2038 4746 patris
2081 4675 2249 4729 nostri
2281 4675 2334 4728 in
2366 4674 2504 4729 libro
2545 4675 2724 4740 tertio,
2765 4675 2809 4730 si
2837 4674 3078 4729 Francus
3101 4683 3204 4739 est,
3248 4691 3370 4730 cum

1793 4767 2073 4823 duodecim
2103 4767 2370 4821 similibus
2397 4765 2622 4822 Francis
2648 4766 2793 4835 juret
2833 4769 2976 4836 quod
3011 4767 3185 4836 ipsum
3217 4767 3380 4821 latro-

1793 4875 1915 4914 nem
1948 4858 2034 4914 vel
2080 4857 2447 4912 forbannitum
2484 4873 2602 4912 esse
2645 4873 2752 4913 non
2791 4859 2982 4914 scisset
3011 4900 3024 4923 ,
3061 4858 3186 4913 licet
3227 4868 3382 4928 pater

1795 4953 1911 5022 ejus
1952 4952 2053 5015 sit,
2103 4959 2195 5004 aut
2227 4951 2396 5004 frater
2433 4961 2526 5004 aut
2563 4954 2914 5022 propinquus.
2962 4952 3018 5007 Si
3067 4953 3382 5021 hoc'jurare

1799 5059 1902 5096 non
1932 5043 2190 5111 potuerit,
2222 5041 2307 5096 vel
2337 5041 2403 5094 ab
2427 5041 2532 5096 alio
2559 5045 2838 5099 convictus
2864 5043 3024 5098 fuerit
3050 5043 3190 5112 quod
3218 5042 3383 5095 latro-

115 5123 353 5180 comitatu
379 5127 436 5181 in
466 5128 636 5182 alium
665 5131 994 5183 missaticum
1023 5129 1104 5182 vel
1129 5131 1444 5184 comitatum
1474 5131 1689 5202 fugerit,
1723 5122 1769 5178 ι)
1798 5151 1916 5188 nem
1944 5136 2024 5187 vel
2049 5133 2450 5188 malefactorem
2482 5144 2575 5187 aut
2598 5134 2866 5189 infidelem
2892 5143 3134 5189 nostrum
3165 5132 3382 5187 forban-

1394 5238 1630 5295 VARL/E
1673 5240 2075 5298 LEC'I'IONES.

173 5345 262 5380 ¹²⁵⁸
287 5351 711 5423 DCQCLXXIII.
747 5354 890 5408 Pitlt.
971 5338 1064 5386 “"9
1094 5369 1218 5408 cum
1252 5370 1412 5423 usque
1436 5353 1688 5421 jnssisset
1709 5356 1894 5410 desunt
1926 5352 2070 5407 Pillt.
2149 5355 2239 5385 ¹²⁶⁰
2279 5356 2544 5412 Haderico
2576 5357 2728 5412 Sum.

2826 5356 2918 5392 ι²⁶¹
2954 5357 3026 5409 ita
3055 5354 3218 5406 codex
3240 5352 3382 5406 Lau-

112 5413 370 5494 dunensis.
400 5421 790 5494 Bellovacensis
820 5440 935 5494 vero
962 5432 1010 5477 et
1041 5424 1204 5494 codex
1247 5413 1462 5494 Antonii
1493 5424 1794 5494 Augustini,
1826 5434 1978 5493 atque
2008 5424 2255 5494 editiones
2279 5425 2522 5491 Baronii,
2551 5427 2818 5481 Sirmomli
2843 5435 2888 5479 et
2919 5425 3127 5477 Βαιτιςῆ
3157 5425 3266 5476 ha'c
3287 5423 3384 5474 Im-

114 5481 256 5538 bent:
282 5489 449 5564 Anno
479 5492 868 5548 incarnationis
908 5493 1191 5546 dominicae
1247 5493 1370 5548 873.
1400 5495 1548 5564 regni
1577 5481 1709 5548 vero
1755 5481 1938 5549 (iouini
1987 5493 2165 5548 Kat'oli
2195 5496 2284 5549 53.
2330 5481 2623 5551 indictione
2651 5496 2703 5549 5.
2737 5498 2849 5550 haec
2880 5493 3110 5564 capitula
3139 5507 3259 5563 quze
3293 5507 3381 5546 sc-

111 5565 369 5623 quuntur,
401 5562 475 5613 ab
513 5564 697 5634 eodem
746 5578 872 5632 rege
901 5571 1099 5634 statuta
1142 5571 1265 5634 sunt
1304 5564 1358 5616 in
1406 5562 1601 5631 placito
1628 5564 1864 5634 generali
1898 5566 2034 5633 apud
2065 5564 2420 5634 Carisiacum,
2455 5568 2694 5624 omnium
2720 5581 2838 5621 cum
2869 5562 3142 5622 voluntate
3165 5562 3226 5618 et
3250 5578 3382 5617 con-

111 5637 277 5693 sensu,
307 5638 364 5684 et
386 5645 420 5685 a
449 5631 674 5697 praefato
698 5631 829 5702 rege
850 5641 903 5686 et
922 5632 990 5685 ab
1013 5633 1265 5689 omnibus
1301 5634 1391 5703 qui
1430 5631 1723 5708 praesentes
1753 5631 1970 5690 fuerunt
2020 5633 2354 5690 confirmata.

432 5722 711 5826 Ρλςιιιοι..
756 5723 1165 5788 CXXXVIII.

2869 5725 2947 5786 2h
