3874 5340
533 229 636 283 74⁸2

1214 230 1486 286 ΛΡΡΕΝΙ)
1525 231 1614 286 AD
1659 230 1834 286 SIEC.
1877 231 1946 286 Χ.
1984 263 2053 273 -—-

2191 233 2526 293 NUMENTA
2565 241 3044 302 D‘IPLOMATICA.

3660 255 3751 312 ’148

534 341 701 396 nitum
732 341 784 396 in
813 341 1044 411 hospitio
1073 342 1415 412 suscepisset,
1458 343 1598 398 sicut
1625 342 1740 413 ipse
1768 343 2101 398 forbannitus
2129 361 2170 415 Α
2208 349 2316 402 tulo
2363 349 2455 415 56,
2508 367 2613 420 quo
2660 354 2856 410 dicitur
2907 357 2973 412 de
3036 357 3332 415 latronibus
3378 362 3471 430 qui
3527 377 3755 433 magnam

532 443 587 485 et
615 439 674 484 ut
701 430 928 486 inﬁdelis
951 431 1238 498 iudicetur.

600 520 655 574 2.
699 521 770 576 Ut
811 523 1036 577 comites
1084 531 1138 574 et
1184 523 1329 576 missi
1374 525 1542 577 nostri
1587 524 1876 577 maximam
1917 536 2102 578 curant

532 611 838 675 adhibeant,
868 613 1120 680 quatinus
1150 613 1200 666 in
1231 613 1441 668 illorum
1474 616 1813 670 comitatibus
1834 626 1888 670 et
1916 618 2103 671 missa-

533 701 655 755 ticis
684 700 909 770 pepulus
932 694 1196 769 justitiam
1227 711 1282 756 et
1319 719 1502 773 pacem
1528 704 1741 768 habeat,
1769 714 1823 758 et
1849 706 1912 759 de
1940 706 2102 760 latro-

529 793 686 846 nibus
721 792 1071 848 exturbaudis
1113 795 1403 850 maximum
1438 803 1710 850 certamen
1742 797 1992 852 habeant.
2037 798 2102 852 Et

527 881 570 934 si
603 880 723 936 talis
759 881 1074 938 malefactor
1099 892 1192 937 aut
1222 868 1464 939 inﬁdelis.
1485 895 1668 940 noster
1693 888 1978 941 emerserit
1998 926 2013 951 ,
2044 895 2103 940 ut

527 989 620 1044 per
661 989 718 1029 se
753 974 899 1028 illum
931 977 1386 1046 comprehendere
1419 992 1602 1032 comes
1633 978 1686 1032 in
1718 994 1814 1034 suo
1839 979 2096 1034 comitatu

526 1081 632 1120 non
664 1067 852 1136 possit,
887 1067 1118 1135 accipiat
1144 1069 1390 1124 homines
1418 1076 1524 1122 tam
1561 1079 1774 1123 nostros
1802 1085 1962 1138 quam
1988 1070 2097 1139 epi-

524 1171 808 1226 scoporum
835 1156 917 1211 vel
947 1158 1199 1212 abbatum
1227 1166 1279 1213 et
1309 1158 1701 1214 abbatissarum
1734 1159 1786 1212 in
1817 1174 1912 1214 suo
1939 1159 2099 1213 comi-

522 1255 634 1300 tatu
677 1256 1118 1313 commanentes,
1157 1256 1212 1302 et
1239 1249 1316 1302 sic
1358 1249 1504 1303 illum
1548 1249 2097 1318 perscqualurdonec

521 1337 959 1407 comprehendat.
993 1338 1058 1391 Et
1096 1338 1185 1410 qui
1215 1339 1281 1392 ad
1325 1339 1485 1394 talem
1528 1338 1926 1394 malefactorem
1955 1340 2096 1394 acci-

517 1428 772 1496 piendum
809 1436 1033 1482 vocatus
1059 1427 1249 1493 fuerit,
1281 1439 1335 1483 et
1367 1443 1426 1484 se
1460 1430 1580 1484 inde
1612 1430 1900 1484 retraxerit
1930 1440 1988 1483 ut
2027 1431 2094 1484 ad

519 1520 623 1575 hoc
648 1518 971 1586 adiutorium
1001 1533 1105 1572 non
1149 1527 1367 1588 prtestet
1391 1559 1406 1584 ,
1449 1521 1492 1574 si
1527 1520 1663 1574 liber
1702 1521 1861 1574 homo
1893 1520 2090 1584 fuerit,

516 1613 754 1666 bannum
785 1610 1112 1665 dominicum
1143 1620 1466 1681 componat;
1501 1620 1556 1666 et
1588 1612 1632 1666 si
1669 1612 1892 1666 colonus
1923 1612 2088 1666 fuerit

2208 437 2406 492 habent
2457 439 2864 510 blasphemiam.
2919 445 3250 518 Quicumque
3301 449 3538 519 aliquem
3586 465 3649 505 ex
3687 452 3758 507 liis

2204 531 2709 600 comprehenderit,
2747 535 2949 590 nullum
2986 538 3238 593 damnum
3274 540 3474 594 exinde
3520 541 3756 610 patiatur.

2205 616 2634 688 Comprehensus
2661 632 2838 678 autem
2863 664 2876 689 ,
2908 626 2951 680 si
2980 625 3318 695 ﬁdeiussores
3359 629 3563 683 habere
3587 638 3754 698 potue-

2206 707 2296 773 rit,
2326 723 2422 778 per
2451 708 2791 780 ﬁdeiussores
2827 715 2893 768 ad
2933 714 3150 770 mallum
3191 717 3527 782 adducatur;
3562 719 3607 772 si
3649 719 3760 774 ﬁde-

2197 797 2440 866 iussores
2484 801 2682 857 habere
2725 818 2830 859 non
2870 806 3137 874 potuerit,
3177 822 3207 861 a
3253 809 3521 864 ministris
3564 812 3760 864 comitis

2203 890 2555 958 custodiatur,
2597 903 2652 946 et
2682 894 2749 946 ad
2793 894 3010 948 mallum
3041 896 3383 964 perducatur.
3414 899 3481 952 Et
3509 899 3555 953 si
3586 899 3759 969 aliquis

2201 998 2323 1037 eum
2363 988 2731 1052 aecusaverit,
2775 987 2870 1042 ﬁat
2915 990 2980 1045 de
3021 991 3108 1044 illo
3153 995 3448 1048 secundum
3498 995 3758 1065 praefatum

2201 1073 2494 1141 capitulum
2521 1075 2645 1129 libri
2673 1077 3001 1144 capitularis.
3029 1079 3087 1134 Si
3117 1090 3294 1136 autem
3321 1097 3446 1137 eum
3477 1084 3655 1138 nullus
3679 1101 3758 1139 ac-

2199 1159 2490 1222 cusaverit,
2536 1163 2853 1217 exeondicat
2895 1179 2954 1218 se
2994 1167 3249 1235 przedicto
3288 1171 3469 1234 modo,
3513 1180 3569 1225 et
3607 1171 3758 1238 iuret,

2198 1250 2342 1318 quod
2377 1250 2631 1321 deinceps
2663 1253 2902 1323 testeiam
2937 1257 3018 1312 vel
3061 1258 3405 1315 latrocinium
3436 1277 3544 1315 non
3593 1264 3758 1329 faciet,

2199 1353 2374 1408 neque
2400 1339 2617 1396 facienti
2643 1346 2961 1411 consentiet,
2989 1357 3042 1401 et
3065 1349 3110 1403 si
3140 1349 3324 1404 scierit
3344 1352 3434 1420 qui
3461 1352 3563 1408 hoc
3591 1351 3758 1414 faciet.

2197 1446 2302 1484 non
2331 1433 2467 1487 celet
2496 1434 2759 1490 ministris
2785 1440 2931 1506 regni
2964 1455 3057 1508 per
3087 1458 3218 1512 quos
3252 1443 3372 1499 talis
3401 1461 3567 1500 causa
3592 1462 3762 1501 emen-

2197 1520 2311 1576 dari
2342 1523 2518 1578 debet.
2549 1525 2606 1580 Si
2637 1541 2764 1584 vero
2795 1529 2945 1596 tales,
2975 1541 3030 1585 ut
3058 1535 3433 1601 praediximus,
3456 1539 3524 1592 ad
3552 1540 3755 1594 mallum

2196 1611 2387 1667 adduci
2432 1629 2537 1668 non
2576 1618 2873 1685 potuerint,
2915 1621 2966 1674 in
3009 1622 3327 1679 forbannum
3371 1627 3678 1694 mittantur,
3716 1642 3760 1684 et

515 1700 792 1770 sexaginta
832 1699 970 1753 ictus
1018 1700 1262 1769 accipiat.
1316 1701 1379 1754 Et
1421 1702 1464 1755 si
1518 1702 1638 1756 talis
1678 1701 1993 1757 malefactor
2038 1702 2090 1755 in
2125 1735 2165 1791 Β
2194 1699 2372 1791 dehis
2417 1704 2566 1758 missi
2598 1706 2680 1761 vel
2723 1709 2982 1775 comites,
3012 1712 3150 1767 sicut
3176 1729 3337 1783 supra
3381 1718 3621 1774 diximus
3648 1759 3665 1784 ,
3693 1721 3762 1774 fa-

515 1789 604 1843 illa
639 1791 1012 1858 persecutione
1053 1792 1264 1846 occisus
1299 1792 1492 1854 fuerit,
1535 1794 1624 1861 qui
1670 1809 1790 1847 eum
1831 1795 2090 1848 occiderit

512 1879 722 1935 leudcm
755 1881 877 1935 inde
923 1896 1026 1935 non
1064 1881 1267 1947 solvat,
1297 1891 1350 1937 et
1390 1884 1567 1938 nullus
1617 1884 1690 1938 illi
1723 1885 1847 1939 inde
1877 1885 2086 1940 .faidam

511 1980 1070 2041 portarepraesumat.
1103 1972 1255 2039 Quod
1291 1975 1336 2028 si
1365 1975 1486 2044 quis
1516 1973 1696 2030 facere
1734 1990 2090 2047 praesumpse-

511 2061 614 2125 rit,
643 2076 738 2129 per
767 2070 944 2116 certos
985 2061 1330 2131 ﬁdeiussores
1360 2063 1428 2118 ad
1468 2072 1707 2120 nostram
1747 2065 2090 2135 praesentiam

511 2152 855 2220 perducatur.
1121 2211 1126 2214 _

579 2244 634 2299 5.
675 2245 748 2300 De
777 2245 881 2300 illis
911 2245 1096 2302 liberis
1132 2248 1438 2303 hominibus
1475 2249 1565 2318 qui
1599 2249 1826 2305 infames
1861 2249 1943 2304 vel
1976 2250 2087 2306 cla-

511 2337 708 2392 modici
739 2346 864 2393 sunt
899 2340 964 2394 de
1002 2341 1207 2409 testeiis
1235 2340 1318 2393 vel
1346 2340 1642 2396 latrociniis
1682 2351 1737 2395 et
1773 2342 2086 2412 rapacitati-

509 2427 610 2481 bus
639 2436 693 2482 et
723 2427 1005 2483 assalturis
1042 2429 1124 2482 vel
1161 2430 1226 2483 de
1273 2428 1591 2484 inﬁdelitate
1628 2440 1843 2495 nostra,
1883 2439 2088 2486 etcum

505 2518 650 2573 furto
687 2534 791 2574 non
823 2520 1372 2588 comprehenduntur,
1414 2521 1458 2575 si
1487 2521 1564 2576 eis
1596 2521 1709 2591 iam
1742 2522 1848 2575 vita
1893 2522 2088 2590 perdo-

506 2622 634 2668 nata
675 2621 758 2668 est
797 2621 1014 2682 propter
1054 2613 1269 2682 aliquod
1314 2614 1655 2668 malefactum
1680 2655 1693 2676 ,
1741 2615 1833 2668 ﬁat
1878 2616 1944 2668 de
1982 2613 2088 2668 illis

504 2702 646 2756 sicut
682 2701 735 2754 in
766 2701 1049 2771 capitulari
1089 2703 1175 2756 avi
1209 2711 1263 2757 et
1291 2693 1458 2771 patris
1487 2704 1657 2757 nostri
1692 2703 2008 2758 continetur
2034 2704 2086 2758 in

503 2792 644 2847 libro
673 2794 725 2847 3.
755 2792 989 2862 capitulo
1023 2793 1110 2846 47.
1153 2803 1208 2848 et
1250 2793 1295 2848 si
1318 2792 1432 2861 iam
1478 2794 1544 2848 de
1573 2793 1853 2848 latrocinio
1897 2794 2086 2849 revicti

503 2893 662 2952 sunt,
696 2886 788 2939 fiat
826 2887 893 2940 de
937 2885 1042 2940 illis
1081 2885 1220 2940 sicut
1255 2885 1320 2940 de
1363 2885 1602 2940 revietis.
1647 2885 1703 2940 Si
1751 2893 1930 2940 autem
1981 2885 2086 2941 illis

503 2977 678 3032 adhuc
703 2978 813 3031 vita
849 2977 1148 3046 perdonata
1179 2991 1283 3031 non
1314 2975 1444 3041 fuit,
1477 2987 1532 3030 et
1569 2976 1755 3031 revicti
1789 2992 1893 3031 non
1921 2985 2082 3044 sunt,

2193 1790 2375 1855 ciant;
2419 1803 2472 1846 et
2512 1795 2577 1848 de
2621 1795 2725 1851 illis
2765 1800 2855 1866 qui
2896 1800 3028 1856 tales
3076 1807 3411 1872 receperint,
3459 1808 3601 1864 sicut
3640 1826 3760 1880 pra:-

2191 1881 2524 1950 scripsimus,
2557 1884 2669 1940 ﬁat.
2704 1887 2758 1940 Si
2791 1897 2968 1944 autem
3017 1893 3288 1951 ﬁscalinus
3319 1905 3504 1953 noster
3533 1899 3604 1953 ita
3637 1900 3762 1954 infa-

2191 1964 2385 2025 mis'in
2434 1972 2620 2029 ﬁscum
2667 1985 2909 2033 nostrum
2951 1982 3287 2052 confugerit,
3332 1987 3415 2041 vel
3445 1989 3672 2046 colonus
3706 1992 3761 2045 de

2193 2059 2531 2118 immunitate
2560 2064 2612 2118 in
2647 2066 3038 2125 immunitatem
3071 2074 3402 2146 confugerit,
3435 2081 3659 2136 mandet
3684 2097 3761 2136 co-

2191 2165 2305 2203 mes
2331 2149 2499 2219 iudici
2543 2166 2729 2210 nostro
2771 2159 2853 2213 vel
2896 2163 3155 2218 advocato
3197 2166 3585 2240 cujuscumque
3629 2189 3757 2230 casm

2191 2238 2304 2304 Dei,
2337 2250 2395 2294 ut
2428 2242 2583 2297 talem
2616 2244 2868 2301 infamem
2896 2251 2947 2303 in
2977 2253 3137 2306 mallo
3167 2270 3265 2310 suo
3291 2238 3597 2325 praesentet.
3635 2264 3760 2318 Etsi

2191 2331 2348 2385 talem
2378 2337 2784 2402 prirsentaverit
2807 2380 2820 2405 ,
2853 2341 2897 2394 si
2926 2343 3117 2413 aliquis
3143 2361 3265 2402 eum
3297 2353 3656 2421 comprobare
3679 2372 3757 2410 vo-

2191 2423 2365 2491 luerit,
2401 2426 2564 2481 faciat
2590 2446 2603 2481 :
2634 2437 2688 2484 et
2712 2431 2756 2484 si
2783 2433 2960 2489 nullus
2986 2451 3109 2490 eum
3134 2440 3488 2511 comprobare
3517 2447 3756 2509 voluerit,

2191 2522 2364 2608 tamen
2393 2530 2544 2571 suam
2567 2517 2842 2575 infamiam
2869 2523 2935 2577 ad
2964 2525 3055 2580 Dei
3073 2526 3332 2594 judicium
3355 2543 3568 2605 purget,
3591 2547 3647 2592 et
3673 2554 3759 2608 per

2189 2601 2318 2658 illud
2365 2605 2460 2659 Dei
2485 2605 2746 2674 judicium
2792 2620 2885 2666 aut
2921 2613 3180 2672 liberetur
3217 2629 3312 2675 aut
3355 2601 3755 2681 condemnetur.

2189 2692 2244 2746 Si
2291 2701 2470 2749 autem
2493 2695 2660 2764 iudex
2702 2711 2887 2757 noster
2933 2705 3013 2760 vel
3050 2708 3342 2766 advocatus
3389 2715 3457 2768 de
3498 2731 3622 2770 casa
3669 2717 3756 2770 Dei

2187 2788 2546 2844 commonitos
2581 2789 2738 2846 talem
2777 2794 3146 2865 blasphemum
3180 2802 3363 2857 comiti
3397 2805 3450 2858 in
3481 2807 3640 2862 mallo
3671 2824 3757 2863 suo

2185 2888 2293 2928 non
2337 2880 2779 2946 prmsentaverit,
2827 2883 2921 2937 ﬁat
2967 2887 3090 2942 inde
3133 2893 3425 2947 secundum
3474 2897 3756 2964 capitularc

2184 2966 2309 3022 libri
2341 2969 2505 3036 tertii,
2538 2973 2774 3043 capitulo
2795 2975 2884 3030 26.
2913 2977 3044 3033 Etsi
3080 2994 3268 3038 servus
3298 2985 3531 3054 alicuius
3558 2989 3629 3042 ita
3660 2990 3758 3044 cla-

501 3078 556 3123 et
596 3085 684 3124 res
713 3077 766 3124 et
803 3069 1067 3137 mancipia
1109 3068 1191 3122 vel
1240 3069 1434 3123 mobile
1466 3068 1705 3133 habent,
1742 3068 1834 3122 ﬁat
1871 3070 1936 3123 de
1983 3069 2085 3123 illis

2191 3073 2371 3114 mosus
2409 3068 2526 3127 est,
2567 3077 2748 3119 comes
2785 3065 3056 3122 dominum
3116 3072 3255 3126 servi
3307 3089 3672 3145 commoneat,
3706 3093 3759 3134 ut

504 3159 649 3212 sicut
693 3158 746 3211 in
780 3166 976 3227 quarto
1002 3158 1139 3212 libro
1171 3157 1538 3226 Capitulorum
1581 3159 1814 3227 capitulo
1851 3159 1921 3214 ‘29
1952 3161 2083 3215 dici-

501 3258 612 3314 tur,
644 3263 764 3301 cum
795 3249 862 3301 ad
909 3246 1124 3300 mallum
1158 3247 1372 3301 comitis
1399 3247 1662 3301 venerint.
1697 3247 1754 3300 Si
1800 3257 1982 3304 autem
2017 3249 2084 3305 ad

500 3340 721 3394 mallum
745 3355 848 3394 non
874 3340 1141 3402 venerint,
1172 3339 1515 3403 banniantur,
1540 3346 1594 3393 et
1621 3352 1718 3410 per
1741 3355 1827 3394 res
1855 3350 1908 3396 et
1927 3357 2084 3396 man-

499 3432 639 3502 cipia
673 3431 755 3486 vel
794 3430 988 3487 mobile
1016 3433 1105 3464 ¹²⁶²
1130 3433 1522 3500 distringantur
1543 3439 1602 3486 ut
1632 3432 1870 3486 veniant.
1905 3431 1960 3488 Si
1987 3448 2082 3488 au-

503 3532 608 3576 tem
643 3537 746 3576 non
777 3522 1042 3586 venerint,
1068 3521 1160 3575 ﬁat
1184 3521 1249 3576 de
1276 3521 1378 3576 illis
1403 3522 1540 3576 sicut
1567 3522 1618 3576 in
1643 3521 1928 3592 capitulari
1954 3537 2082 3578 con-

501 3612 720 3667 tinetur.
766 3613 832 3667 Et
863 3614 905 3667 si
938 3622 1057 3684 post
1087 3614 1377 3668 secundam
1410 3613 1624 3668 comitis
1658 3613 2078 3668 admonitionem

502 3705 568 3760 ad
591 3705 808 3759 mallum
838 3706 1019 3761 venire
1043 3706 1332 3770 noluerim,
1358 3705 1519 3760 rebus
1547 3719 1733 3759 eorum
1761 3705 1814 3758 in
1844 3704 2080 3758 bannum

501 3795 890 3850 missisvenire
919 3806 972 3850 et
1004 3795 1268 3867 iustitiam
1313 3795 1537 3850 reddere
1577 3793 1983 3864 compellantur.
2019 3793 2083 3846 Et

495 3887 542 3942 si
581 3887 700 3942 talis
738 3897 821 3942 est
865 3903 1025 3958 quem
1064 3894 1158 3942 aut
1196 3899 1446 3959 parentes
1487 3894 1578 3942 aut
1621 3894 1836 3957 propter
1883 3883 2079 3941 faidam

495 3980 741 4035 homines
768 3996 1023 4036 accusare
1049 3981 1321 4036 noluerint
1365 3990 1460 4035 aut
1483 3981 1599 4034 ausi
1627 3996 1732 4034 non
1764 3980 1963 4033 fuerint
1988 4019 2001 4043 ,
2027 3989 2082 4033 et

496 4085 621 4125 cum
656 4071 945 4126 malefaeto
979 4073 1400 4140 comprehensus
1439 4087 1544 4126 non
1573 4071 1741 4125 fuerit
1769 4079 1824 4124 et
1853 4083 2081 4140 negave-

495 4161 602 4228 rit,
629 4160 779 4231 iuret
826 4177 946 4216 cum
985 4162 1267 4217 duodecim
1314 4162 1509 4216 talibus
1549 4161 1812 4226 Francis,
1851 4176 2077 4230 quorum

494 4252 862 4308 testimonium
889 4250 1034 4320 leges
1062 4251 1290 4320 publica:
1318 4266 1423 4305 non
1452 4249 1722 4318 reiiciuut,
1753 4252 1893 4320 quod
1923 4260 2081 4305 teste-

488 4344 602 4412 iam
644 4342 727 4396 vel
774 4341 1116 4397 latrocinium
1161 4350 1256 4396 aut
1303 4342 1545 4411 rapinam
1596 4355 1704 4396 non
1750 4340 1976 4406 fecerit;
2021 4349 2077 4395 et

2188 3161 2310 3200 cum
2349 3149 2402 3203 in
2442 3149 2603 3206 mallo
2627 3163 2936 3222 praesentet,
2969 3168 3023 3212 et
3046 3171 3428 3228 praesentatum
3451 3206 3466 3230 ,
3497 3167 3545 3221 si
3575 3167 3754 3238 aliquis

2186 3242 2537 3311 comprobare
2569 3245 2830 3311 voluerit,
2863 3247 3044 3304 faciat.
3079 3251 3144 3306 Et
3172 3253 3216 3307 si
3247 3255 3423 3310 nullus
3465 3273 3588 3312 eum
3614 3274 3754 3314 com-

2183 3331 2412 3401 probare
2440 3334 2690 3404 voluerit,
2724 3340 2789 3393 ad
2823 3340 2912 3394 Dei
2938 3339 3200 3408 iudicium
3235 3348 3496 3414 prmdicto
3524 3353 3680 3406 modo
3703 3366 3756 3406 se

2184 3427 2476 3492 examinet,
2508 3436 2561 3482 et
2589 3444 2685 3498 per
2711 3430 2838 3485 illud
2870 3433 2961 3488 Dei
2985 3432 3244 3501 judicium
3274 3447 3368 3491 aut
3396 3439 3659 3496 liberetur
3676 3451 3756 3496 aut

2183 3518 2590 3572 condemnetur.
2630 3520 2685 3574 Si
2718 3530 2894 3577 autem
2937 3524 3183 3580 dominus
3210 3527 3350 3581 servi
3387 3531 3622 3586 eundem
3650 3547 3756 3586 ser-

2183 3621 2307 3660 vum
2338 3621 2492 3661 suum
2533 3609 2714 3663 comiti
2742 3610 2792 3663 in
2822 3612 2981 3667 mallo
3010 3623 3336 3681 praesentare
3368 3617 3606 3674 noluerit
3629 3659 3643 3684 ,
3673 3619 3756 3673 ﬁat

2183 3697 2306 3751 inde
2337 3699 2631 3754 secundum
2657 3700 2952 3769 capitularc
2984 3701 3104 3757 libri
3136 3705 3277 3759 tertii
3303 3707 3543 3776 capitulo
3566 3709 3656 3762 46.

2250 3787 2305 3841 4.
2345 3788 2420 3842 De
2450 3789 2554 3843 illis
2579 3789 2886 3846 hominibus
2913 3793 3004 3862 qui
3039 3808 3161 3848 cum
3195 3793 3560 3853 Carlomanno
3574 3810 3754 3870 prate-

2182 3877 2301 3936 ritis
2329 3878 2483 3937 annis
2515 3887 2658 3938 tanta
2698 3880 2834 3939 mala
2865 3892 2916 3938 et
2950 3891 3098 3942 tanta
3135 3884 3339 3944 scelera
3381 3886 3436 3945 in
3477 3903 3642 3964 regno
3667 3907 3754 3947 no-

2181 3982 2294 4027 stro
2325 3971 2603 4039 fecerunt,
2635 3975 2774 4029 sicut
2818 3985 2946 4032 tunc
2975 3988 3028 4032 et
3062 3981 3240 4034 verbis
3265 3991 3318 4034 et
3358 3983 3583 4051 scriptis
3623 3997 3752 4052 pne-

2180 4065 2448 4134 cepimus,
2494 4065 2565 4120 ita
2602 4067 2828 4123 comites
2854 4080 2910 4122 et
2938 4071 3086 4126 missi
3131 4073 3298 4126 nostri
3337 4086 3676 4143 exequuntur
3703 4077 3752 4128 in

2179 4169 2272 4208 eos
2300 4153 2352 4207 in
2391 4155 2588 4223 quibus
2617 4166 2798 4212 nostra
2820 4158 3022 4228 iussio,
3057 4175 3216 4229 quam
3255 4163 3485 4219 consilio
3522 4163 3755 4220 ﬁdelium

2180 4255 2482 4300 nostrorum
2505 4246 2786 4316 iussimus,
2814 4258 3038 4304 executa
3065 4264 3170 4304 non
3197 4259 3300 4305 est.
3329 4252 3386 4306 ιιι
3409 4262 3516 4321 est,
3547 4262 3609 4309 ut
3633 4254 3755 4308 ﬁde-

2179 4339 2384 4395 litatem
2441 4341 2595 4395 nobis
2651 4341 3005 4410 promittant,
3062 4343 3200 4397 sicut
3251 4353 3379 4400 tunc
3434 4347 3755 4402 scarivimus

491 4442 615 4502 post
651 4432 764 4487 haec
785 4431 932 4503 iuret
961 4432 1074 4502 ipse
1106 4439 1310 4487 tantum
1334 4475 1349 4499 ,
1378 4433 1522 4504 quod
1551 4432 1800 4503 deinceps
1835 4431 2073 4501 testejam
2109 4443 2154 4501 ι)
2183 4431 2300 4498 ¹¹⁶³,
2339 4441 2393 4487 et
2429 4433 2687 4502 scriptam
2718 4435 3005 4490 comitibus
3047 4436 3247 4491 nostris
3272 4437 3538 4494 dedimus.
3575 4439 3647 4494 Et
3669 4440 3754 4495 cui

491 4525 576 4580 vel
619 4524 959 4579 latrocinium
1006 4539 1110 4581 non
1141 4522 1340 4590 faciet,
1375 4540 1548 4595 neque
1588 4525 1806 4580 facienti
1844 4540 2072 4582 consen-

489 4615 612 4680 tiet,
640 4625 696 4669 et
719 4615 762 4670 si
791 4617 974 4672 scierit
998 4615 1090 4685 qui
1135 4616 1252 4670 haac
1283 4615 1502 4681 fecerit,
1547 4615 1652 4671 illis
1684 4616 1946 4670 ministris
1977 4633 2072 4672 no-

492 4708 639 4770 stris,
665 4723 760 4778 per
781 4724 916 4778 quos
943 4707 1063 4763 talis
1085 4721 1248 4763 causa
1275 4707 1554 4762 emendari
1578 4706 1757 4773 debet,
1783 4722 1886 4761 non
1913 4706 2067 4762 celet.

492 4802 560 4856 Et
586 4803 678 4873 qui
716 4816 802 4858 res
839 4811 894 4858 et
933 4803 1201 4872 mancipia
1239 4802 1322 4856 vel
1363 4800 1558 4855 mobile
1592 4814 1698 4853 non
1739 4799 1935 4854 habent
1975 4815 2072 4869 per

492 4907 610 4962 quae
638 4892 884 4963 distringi
921 4892 1128 4963 possint
1161 4899 1218 4946 ut
1259 4891 1326 4945 ad
1364 4889 1582 4944 mallum
1613 4889 1867 4954 veniant,
1900 4899 1956 4943 et
1996 4889 2071 4943 ibi

490 4992 584 5037 aut
627 4998 687 5040 se
734 4983 997 5055 legaliter,
1035 4991 1095 5039 ut
1129 4983 1522 5054 praemisimus,
1552 4981 1910 5036 excondicant
1952 4980 2066 5045 ιη’,

490 5086 583 5131 aut
609 5077 655 5132 si
682 5093 742 5133 se
765 5079 1118 5135 excondicere
1143 5092 1249 5133 non
1278 5077 1569 5146 potuerint,
1593 5075 1736 5145 quod
1765 5074 1903 5128 male
1928 5073 2069 5128 fece-

748 5171 800 5190 ’.⁸
821 5188 824 5189 ⁷
845 5188 852 5189 ί
899 5173 1180 5200 ᾹΜιδηνΙΑἏ.
1231 5169 1354 5196 ηδε-ο
1388 5170 1673 5194 nun-nntiate.

2179 4523 2379 4592 aliquid
2409 4523 2774 4589 abstulerunt,
2809 4533 2900 4578 aut
2928 4525 3214 4580 emendem
3242 4537 3337 4581 aut
3376 4528 3750 4599 deprecentur,

2176 4622 2230 4667 et
2260 4613 2633 4683 paenitentiam
2662 4613 2894 4680 faciant,
2923 4615 3063 4670 sicut
3097 4625 3220 4672 tunc
3248 4618 3602 4674 constitutum
3633 4618 3750 4672 fuit.

2179 4704 2245 4758 Et
2271 4705 2362 4775 qui
2400 4706 2674 4771 seniores,
2719 4707 2857 4761 sicut
2897 4715 3023 4762 tunc
3065 4709 3457 4779 praecepimus,
3495 4720 3754 4780 acceptos

2175 4812 2282 4853 non
2309 4797 2530 4861 habent,
2563 4813 2661 4868 per
2687 4797 3030 4868 ﬁdeiussores
3051 4801 3118 4856 ad
3147 4809 3381 4857 nostram
3408 4804 3753 4872 praesentiam

2172 4893 2556 4961 perducantur,
2585 4901 2640 4946 et
2666 4891 2850 4946 alodes
2873 4907 3011 4961 quos
3037 4892 3234 4949 habent
3258 4893 3510 4960 comites,
3537 4895 3596 4949 in
3622 4909 3756 4964 quo-

2173 5000 2292 5038 rum
2325 4983 2668 5038 comitatibus
2695 4992 2841 5048 sunt,
2876 4984 2929 5037 in
2970 4985 3154 5042 ﬁscum
3184 4985 3464 5054 recipiant.

2243 5075 2296 5128 5.
2343 5072 2409 5127 Ut
2441 5073 2809 5142 unusquisque
2843 5088 3027 5130 comes
3057 5075 3110 5130 in
3147 5089 3243 5131 suo
3272 5075 3535 5129 comitatu
3572 5075 3755 5144 provi-

2173 5165 2314 5210 deat-
2345 5173 2404 5210 ut
2428 5163 2518 5210 nni
2553 5163 2864 5210 ﬁdelitatem
2891 5164 3048 5210 nobis
3093 5164 3261 5210 adhuc
3290 5164 3615 5210 nrnmissam
3645 5177 3751 5210 non
