3960 6320
143 333 230 390 7‘9
1126 333 1553 394 FRANCORUM
1592 336 1832 395 REGUM
1870 337 2205 398 CAPlTULA
2219 343 2350 398 [ΠΛ.
3240 348 3344 403 750

197 445 245 500 6.
281 443 346 501 Ut
371 442 729 514 unusquisque
747 456 928 501 comes
955 445 1007 501 in
1031 449 1289 503 comitatu
1316 464 1414 505 suo
1435 465 1681 521 magnam
1710 455 1756 515 Α
1785 454 2020 523 generali
2073 455 2271 524 placito
2317 463 2504 514 nostro
2571 457 2940 513 conservanda
2993 460 3346 518 decreverunt

137 534 501 606 providentiam
525 533 770 603 accipiat,
797 543 856 589 ut
876 536 1052 592 nullus
1078 537 1214 592 liber
1235 539 1397 594 homo
1418 540 1470 595 in
1499 549 1686 595 nostro
1784 545 2197 601 discernendum
2219 556 2322 610 est,
2349 549 2414 603 de
2435 547 2578 616 quali
2603 548 2898 604 hereditate
2921 551 3215 608 auctoritas
3240 569 3345 609 non

139 641 281 696 regno
302 627 571 680 immorari
595 626 676 680 vel
700 627 1080 697 proprietatem
1120 631 1319 686 habere
1343 632 1684 702 permittatur
1783 634 1940 690 debet
1960 637 2183 705 requiri,
2207 638 2300 693 sed
2322 637 2557 708 legitima
2580 639 2850 694 hereditas
2870 642 2938 696 ab
2960 642 3139 712 aliquo
3159 659 3349 714 appro-

135 715 496 785 cujuscumque
535 713 694 770 homo
733 714 834 780 sit,
875 715 975 770 nisi
1011 717 1324 774 ﬁdelitatem
1361 720 1516 775 nobis
1555 735 1679 790 pro-
1780 722 1917 777 bari.
1949 723 2259 781 Ostenditur
2296 727 2438 781 enim
2480 729 2531 782 in
2579 729 2659 783 eis
2698 731 2947 799 capitulis
2972 733 3062 788 ubi
3090 734 3156 788 de
3187 713 3348 794 rebus

133 806 336 861 miserit.
1779 813 1970 870 alienis
1993 816 2150 872 alicui
2173 833 2270 888 per
2293 818 2492 872 malum
2522 819 2790 891 ingenium
2817 823 3047 878 venditis
3085 825 3168 879 vel
3209 824 3349 882 datis

189 899 238 952 7.
271 898 336 955 Et
367 897 491 967 quia
533 897 850 965 audivimus,
881 901 1024 969 quod
1071 900 1297 956 malefici
1341 903 1587 960 homines
1626 912 1682 960 et
1776 905 2035 976 loquitur,
2057 922 2176 976 qua:
2209 909 2278 962 sit
2311 909 2601 978 unicuique
2641 908 2874 981 legitima
2899 912 3186 978 hereditas,
3223 929 3346 970 cum

130 989 366 1043 sortiariae
391 1002 490 1058 per
516 987 668 1058 plura
705 987 822 1043 loca
864 987 917 1042 in
945 998 1132 1045 nostro
1164 1006 1328 1062 regno
1363 993 1677 1065 insurgunt,
1777 997 1974 1054 dicitur
2011 1000 2150 1054 inter
2185 999 2325 1054 alia:
2372 1019 2391 1052 ι
2428 999 2687 1054 Similiter
2736 1001 2804 1056 de
2840 1002 3088 1058 omnibus
3123 1002 3350 1072 justitiis

131 1091 331 1147 quorum
365 1075 648 1132 maleﬁciis
666 1074 777 1143 iam
807 1077 960 1131 multi
991 1077 1237 1134 homines
1271 1079 1525 1136 inﬁrmati
1562 1083 1674 1149 ηδ’,
1777 1090 1845 1144 ad
1866 1105 1986 1144 eum
2019 1092 2410 1160 pertinentibus
2441 1093 2700 1150 rationem
2728 1094 2953 1150 reddere
2973 1096 3344 1166 compellatur,

129 1164 369 1234 et,plures
405 1165 603 1219 mortui
649 1173 806 1231 sunt;
855 1167 1150 1235 quoniam.
1193 1169 1334 1223 sicut
1370 1171 1542 1225 sancti
1581 1172 1673 1227 Dei
1774 1185 1998 1252 excepta
2027 1197 2124 1238 sua
2161 1183 2395 1253 legitima
2425 1184 2743 1249 hereditate,
2774 1200 2893 1253 quae
2922 1187 2970 1240 ei
3011 1164 3110 1254 per
3131 1203 3348 1244 succes-

130 1254 343 1308 homines
378 1255 742 1324 scripserunt,
771 1257 914 1325 regis
945 1258 1303 1312 ministerium
1333 1267 1414 1315 es!
1437 1300 1451 1324 .
1484 1261 1676 1331 impios
1775 1275 1980 1327 sionem
2011 1284 2290 1344 parentum
2321 1289 2539 1329 suorum
2582 1275 2817 1344 legitime
2842 1278 3056 1331 evenire
3084 1277 3286 1334 debuit.
3319 1297 3340 1330 ι

129 1347 180 1400 de
206 1355 333 1399 lem
363 1347 609 1414 Perdere.
653 1347 925 1404 maleﬁcos
965 1357 1022 1404 ei
1055 1351 1325 1406 veneﬁcos
1353 1367 1460 1406 ιιοη
1495 1353 1676 1409 Sinere
1774 1364 1841 1418 Et
1868 1365 1934 1420 de
1956 1365 2056 1420 hac
2085 1365 2322 1436 legitima
2351 1366 2648 1422 hereditate
2673 1382 2776 1420 non
2813 1376 2896 1421 est
2924 1369 3216 1425 auctoritas
3255 1385 3344 1425 re-

126 1435 296 1498 vivere,
330 1450 586 1504 expresse
612 1437 973 1507 praecipimus,
1004 1449 1064 1492 ut
1093 1441 1461 1512 unusquisque
1491 1459 1674 1500 comes
1773 1455 2054 1524 quirenda.
2085 1435 2188 1509 Sed
2239 1457 2283 1509 si
2327 1456 2686 1526 interpellatio
2723 1457 2846 1511 inde
2889 1456 3069 1522 fuerit,
3108 1457 3344 1528 legitima

129 1525 168 1577 in
191 1539 278 1578 suo
301 1525 558 1580 comitatu
587 1543 838 1596 maguum
876 1529 1111 1585 studium
1141 1532 1420 1598 adhibeat,
1452 1543 1512 1588 ut
1545 1536 1645 1590 tale

1774 1547 2046 1601 hereditas
2068 1547 2431 1617 approbanda.
2449 1525 2584 1614 Quia
2604 1563 2733 1603 vero
2756 1548 2822 1602 de
2838 1548 2998 1603 rebus
3019 1564 3084 1604 ex
3107 1525 3234 1605 ﬁsco
3257 1565 3345 1606 re-

124 1614 471 1683 perquirantur
517 1625 573 1672 et
609 1620 1156 1687 comprehendantur.
1199 1622 1266 1676 Et
1306 1623 1352 1678 si
1394 1624 1506 1693 jam
1550 1625 1674 1681 inde
1773 1635 1860 1705 εῑο
1879 1645 1935 1690 et
1959 1637 2024 1691 de
2050 1614 2624 1702 reVb-usecclesiasticis,
2649 1637 2862 1705 quacita
2878 1638 3003 1692 utin
3026 1639 3229 1694 eisdem
3249 1653 3346 1694 ca-

127 1705 418 1776 comprobati
459 1708 683 1762 masculi
710 1747 724 1772 ,
755 1709 837 1763 vel
866 1712 1228 1780 comprobatae
1262 1711 1473 1768 feminae
1505 1725 1629 1769 sunt
1653 1757 1668 1781 ,
1771 1724 1953 1792 pitulis
1990 1725 2218 1780 habetur
2250 1727 2507 1780 contineri
2547 1727 2761 1790 debent,
2787 1728 2927 1784 sicut
2953 1743 3040 1784 res
3063 1729 3129 1784 ad
3155 1728 3344 1786 ﬁscum

126 1795 238 1850 sicut
257 1795 336 1850 lex
357 1805 410 1852 et
430 1795 644 1864 justitia
684 1801 866 1867 docet,
895 1802 1292 1872 disperdantur.
1327 1805 1384 1860 Si
1413 1822 1545 1864 vero
1574 1824 1671 1865 no-
1701 1811 1747 1870 B
1777 1815 2104 1870 dominicum
2148 1817 2476 1884 pertinentes
2516 1817 2779 1872 contineri
2822 1818 3013 1880 solent,
3051 1821 3344 1874 auctoritas

126 1885 280 1942 minati
299 1889 378 1946 vel
403 1893 664 1961 suspecti,
692 1901 747 1948 et
768 1897 994 1950 necdum
1024 1897 1147 1952 inde
1167 1901 1500 1970 comprobati
1525 1911 1670 1970 sunt,
1773 1914 1856 1960 est
1883 1907 2225 1976 requirenda,
2248 1921 2344 1977 per
2374 1923 2534 1977 quam
2576 1909 2953 1966 auctoritatem
2978 1911 3204 1981 quisque
3223 1912 3343 1966 illas

125 1983 190 2036 vel
212 1998 296 2053 per
322 1993 484 2041 testes
510 2001 733 2043 veraces
764 1988 885 2043 inde
910 1991 1248 2060 comprobari
1289 2008 1395 2048 nun
1426 2004 1671 2064 possunt,
1773 1997 2020 2062 retineat,
2043 1998 2095 2052 in
2121 1998 2248 2067 ipsis
2263 1998 2510 2068 capitulis
2528 1998 2948 2065 demonstratur,
2964 2015 3087 2056 cum
3110 2001 3339 2056 dicitur:

125 2073 196 2128 Dei
225 2073 411 2143 judicio
445 2080 860 2147 examinentur;
895 2092 949 2136 et
983 2082 1062 2137 sic
1099 2099 1194 2153 per
1233 2084 1360 2139 illud
1401 2087 1492 2142 Dei
1525 2088 1674 2157 judi-
1774 2088 2089 2160 Ubicumque
2114 2089 2538 2144 commutationes
2567 2100 2673 2144 tam
2703 2101 2927 2161 tempore
2969 2102 3144 2147 nostro
3185 2109 3342 2163 quam

125 2163 236 2218 cium
263 2174 349 2220 aut
385 2167 690 2224 liberentur
723 2181 816 2225 aut
851 2173 1296 2230 condemnentur.
1339 2178 1404 2232 Et
1446 2195 1551 2233 non
1583 2195 1668 2234 so-
1769 2188 1996 2251 tempore
2019 2180 2266 2250 genitoris
2301 2188 2348 2233 et
2384 2181 2467 2234 avi
2496 2182 2659 2234 nostri
2683 2179 2906 2250 legitime
2943 2194 2990 2235 et
3018 2183 3345 2236 rationabili-

125 2255 208 2311 lum
226 2257 346 2313 tales
373 2259 531 2315 istius
555 2262 683 2316 mali
711 2274 985 2330 auctores,
1013 2267 1108 2322 sed
1131 2277 1185 2322 et
1206 2270 1406 2324 conscii
1435 2285 1498 2325 ac
1521 2286 1666 2325 com-
1768 2282 1846 2326 ter
1871 2282 2022 2343 atque
2047 2273 2200 2326 utiles
2233 2272 2459 2326 ecclesiis
2480 2271 2578 2326 Dei
2605 2273 2760 2342 facta:
2802 2285 2944 2339 sunt,
2983 2284 3340 2343 permaneant.

124 2343 254 2412 plices
280 2347 484 2403 illorum
511 2390 528 2416 ,
563 2351 680 2406 sive
715 2354 1076 2410 masculorum
1105 2396 1118 2418 ,
1152 2358 1265 2412 sive
1303 2358 1622 2414 feminarum
1645 2405 1660 2428 ,
1771 2361 2088 2434 Ubicumque
2115 2380 2229 2418 vero
2259 2363 2466 2416 inutiles
2493 2372 2540 2416 et
2571 2365 2910 2417 incommoda:
2936 2374 3088 2434 atque
3117 2364 3340 2417 inratio-

124 2432 472 2506 disperdantur,
505 2449 572 2496 ut
610 2458 712 2498 una
754 2459 874 2498 cum
912 2446 992 2501 eis
1019 2446 1243 2502 scicntia
1276 2449 1407 2503 tanti
1448 2451 1570 2504 tnali
1601 2452 1666 2508 de
1767 2457 1964 2510 nobiles
1997 2432 2151 2525 facta:
2175 2467 2314 2519 sunt,
2343 2457 2714 2520 dissoluantur,
2742 2467 2788 2510 et
2816 2457 3027 2527 recipiat
3056 2461 3338 2529 unusquis-

125 2534 234 2583 lerra
255 2541 426 2588 nostra
454 2543 666 2603 pereat.
1763 2561 1862 2614 que
1886 2546 2024 2615 quod
2046 2545 2208 2599 dedit.
2237 2543 2336 2598 Ubi
2356 2562 2474 2599 vero
2496 2555 2702 2600 mortua
2731 2562 2912 2600 "ianus
2938 2547 3225 2616 iuterjaret,
3249 2559 3342 2603 aut

174 2619 217 2674 8.
253 2621 397 2690 Quia,
441 2626 592 2682 sicut
635 2637 690 2684 et
730 2645 826 2700 per
867 2633 1161 2704 scripturas
1201 2641 1255 2690 et
1294 2650 1389 2705 per
1427 2636 1663 2692 auctori-
1763 2633 1872 2686 alia
1897 2633 2136 2702 quaslibet
2157 2649 2319 2687 causa
2339 2649 2455 2703 qua:
2481 2633 2804 2688 rationabilis
2828 2635 2919 2666 ¹²⁶⁶
2943 2651 3052 2690 esse
3081 2637 3336 2701 videatur,

123 2715 252 2764 tatem
293 2721 344 2768 et
377 2731 474 2786 per
518 2719 790 2774 rationem
842 2722 1187 2778 manifestum
1226 2733 1309 2780 est
1334 2765 1349 2789 ,
1389 2726 1493 2780 duo
1539 2736 1665 2781 sunt
1761 2723 1968 2777 inventa
1997 2722 2177 2791 fuerit,
2217 2722 2490 2793 diligenter
2514 2723 2860 2789 describatur,
2897 2734 2945 2778 et
2998 2726 3066 2778 ad
3106 2736 3340 2780 nostram

125 2799 276 2866 quibus
313 2805 687 2876 principaliter
732 2812 962 2868 mundus
989 2814 1077 2868 hic
1113 2815 1333 2886 regitur,
1381 2818 1528 2887 regia
1567 2834 1663 2889 po.
1762 2812 2000 2866 notitiam
2029 2812 2344 2882 perferatur.
2380 2812 2484 2868 Sed
2523 2813 2802 2882 etjustum
2828 2823 2989 2884 atque
3020 2816 3340 2873 rationabile

126 2896 252 2946 testas
289 2903 339 2949 et
366 2899 697 2966 pontiﬁcalis
727 2905 1054 2971 auctoritas,
1101 2915 1156 2960 et
1185 2907 1234 2960 in
1281 2907 1420 2963 libro
1449 2910 1659 2979 capitu-
1760 2903 1990 2968 videtur,
2028 2911 2086 2956 ut
2119 2903 2162 2956 si
2210 2913 2444 2958 rectores
2479 2903 2828 2959 ecclesiarum
2877 2905 3208 2976 negligenter
3251 2923 3339 2963 res

124 2975 254 3034 lorum
296 2985 371 3039 avi
418 2995 471 3040 et
509 2988 687 3057 patris
742 2991 912 3046 nostri
962 2992 1249 3062 conjunctc
1309 2975 1554 3064 ponitur,
1602 3007 1661 3052 ut
1760 3007 1894 3062 quas
1924 3001 2250 3062 acceperunt
2279 2994 2331 3047 in
2361 2995 2839 3050 commutationem
2884 2995 3255 3067 neglexerunt,
3283 3008 3340 3054 et

124 3081 189 3121 res
217 3080 262 3125 et
292 3077 561 3148 mancipia
597 3079 948 3136 ecclesiarum
989 3099 1053 3138 eo
1092 3087 1249 3140 modo
1283 3089 1659 3144 contineantur
1761 3092 2156 3138 commutantes
2179 3092 2538 3139 commutatas
2561 3083 2927 3149 excolucrttnt,
2957 3101 3060 3140 non
3083 3102 3356 3157 compen~

124 3159 229 3213 sicut
265 3178 340 3218 res
378 3168 442 3222 ad
489 3160 686 3222 ﬁscum
732 3170 1058 3227 dominicum
1104 3177 1438 3244 pertinentes
1483 3180 1652 3234 conti.
1682 3166 1726 3228 C
1758 3184 1943 3229 scatur
1968 3175 2194 3230 excultae
2220 3185 2274 3230 et
2305 3175 2558 3246 neglecta
2584 3177 2862 3247 :equaliter
2887 3196 2898 3231 :
2928 3179 3020 3232 sed
3042 3178 3180 3235 sicut
3208 3191 3337 3235 tunc

124 3249 208 3302 neri
253 3253 450 3320 solent,
510 3258 666 3324 juste
711 3267 765 3313 et
820 3262 1215 3319 rationabiliter
1271 3268 1336 3321 de
1391 3269 1551 3324 rebus
1600 3278 1655 3324 et
1755 3261 1975 3319 fuerunt
2009 3275 2426 3334 compenseutur
2456 3269 2670 3336 quando
2711 3278 3051 3323 commutatae
3095 3269 3332 3325 fuerunt.

125 3343 353 3412 mancipiis
378 3363 495 3416 quae
533 3349 585 3402 in
621 3350 764 3420 regia
811 3360 862 3406 et
900 3353 952 3406 in
988 3353 1348 3410 ecclesiastica
1393 3358 1649 3412 vestitum
1755 3355 1822 3409 Et
1852 3356 1926 3409 ita
1965 3358 2337 3430 compensatio
2368 3358 2433 3413 ad
2465 3369 2702 3413 nostram
2735 3363 2980 3416 notitiam
3007 3363 3331 3432 perferatur,

122 3426 326 3498 fuerunt,
371 3437 721 3495 uniformiter
774 3449 828 3496 et
877 3458 982 3496 uno
1029 3445 1186 3499 modo
1239 3448 1524 3502 tenendum
1571 3457 1654 3505 est
1752 3458 1806 3503 et
1834 3427 2024 3512 nostro
2049 3426 2112 3504 ac
2146 3449 2378 3506 ﬁdelium
2418 3461 2724 3507 nostrorum
2747 3452 2970 3521 judicio,
3002 3464 3184 3511 utrum
3211 3474 3335 3528 per-

124 3516 296 3582 (ﬁmo.
321 3543 364 3578 c.
391 3528 546 3599 ult.).
579 3528 644 3584 Ut
666 3530 804 3586 sicut
827 3547 1178 3603 quaecumque
1201 3550 1285 3590 res
1307 3545 1362 3590 et
1384 3539 1648 3610 mancipia
1752 3557 1971 3596 manere
1996 3558 2066 3596 an
2096 3541 2315 3598 dissolvi
2342 3543 2571 3598 debeant
2597 3544 2712 3600 istae
2745 3547 3212 3609 commutationes.
3237 3549 3330 3607 de-

121 3605 160 3658 in
188 3613 304 3681 regia
332 3619 597 3672 vestitura
622 3620 705 3674 avi
735 3630 790 3675 et
824 3623 992 3692 patris
1022 3625 1191 3678 nostri
1229 3634 1283 3678 et
1312 3636 1495 3681 nostra
1528 3628 1643 3685 fue-
1751 3639 2025 3685 cernatur.

123 3707 242 3760 runt,
284 3713 332 3757 et
377 3722 523 3762 nunc
566 3708 634 3762 ab
675 3710 794 3766 aliis
843 3713 1172 3778 detinentur,
1227 3716 1646 3786 demonstretur,

123 3791 307 3852 qualiter
353 3798 414 3853 de
446 3801 604 3868 regia
641 3805 898 3858 vestitnra
947 3807 1033 3860 avi
1081 3815 1134 3862 et
1174 3809 1341 3877 patris
1379 3811 1550 3866 nostri
1597 3821 1652 3868 et

123 3891 265 3938 nostra
305 3888 576 3954 exierunt,
623 3893 747 3961 quia
798 3893 976 3962 plures
1017 3897 1139 3951 inde
1176 3913 1271 3968 per
1312 3901 1645 3956 mendacium

121 3975 309 4062 iliitcdam
351 3980 727 4048 obtinuerunt,
755 3993 810 4038 et
844 3987 1060 4056 quidam
1090 3988 1240 4058 plura
1280 4007 1374 4062 per
1402 3993 1643 4049 fraudem

119 4058 331 4130 obtinent,
355 4069 426 4123 ita
454 4080 517 4125 et.
560 4071 626 4128 de
667 4074 828 4129 rebus
869 4091 989 4144 quae
1017 4077 1071 4131 in
1100 4058 1448 4136 ecclesiarum
1479 4085 1644 4138 vcsti-

119 4155 209 4205 tura
228 4153 441 4227 fuerunt,
470 4164 619 4217 unde
645 4165 866 4234 quaestio
887 4165 1066 4234 fuerit,
1090 4170 1508 4240 demonstretur,
1540 4189 1644 4245 qua

119 4247 382 4331 auctoritate
423 4254 474 4308 in
521 4255 902 4324 proprietatem
946 4273 1040 4314 eas
1083 4261 1309 4331 quisque
1345 4265 1641 4322 obtineant.

119 4328 168 4384 Ει
197 4343 421 4405 quoniam
455 4346 680 4415 quidam
725 4363 830 4403 non
872 4328 1250 4407 contradicunt
1293 4355 1434 4425 quod
1479 4372 1567 4413 res
1591 4369 1645 4412 et

119 4429 332 4499 mancipia
361 4449 478 4504 qua:
526 4445 725 4504 tenent,
754 4438 806 4494 in
840 4441 1098 4496 vestitura
1145 4453 1328 4500 nostra
1365 4446 1450 4502 vel
1491 4458 1641 4504 ante-

117 4524 338 4576 cesserum
369 4536 679 4582 nostrorum
715 4530 828 4584 sive
868 4530 1216 4587 ecclesiarum
1247 4535 1338 4590 Dei
1369 4551 1476 4591 non
1502 4537 1638 4594 fuis-
1665 4532 1718 4592 Ι)

117 4611 220 4670 Selii.
244 4613 328 4665 sed
361 4623 544 4684 patres
589 4616 804 4673 illorum
847 4622 1139 4678 morientes
1169 4625 1247 4680 eis
1281 4625 1334 4680 in
1374 4627 1638 4684 heredita-

116 4695 196 4747 iam
221 4697 542 4774 dimiserunt,
569 4707 690 4763 ideo
717 4724 824 4765 non
853 4711 1039 4766 volunt
1066 4713 1188 4768 inde
1214 4715 1375 4769 ullam
1407 4719 1639 4773 auctori-

115 4784 243 4840 ιαιεω
285 4799 563 4852 ostendere
588 4837 603 4862 ,
654 4799 750 4853 sed
795 4815 946 4855 suam
994 4801 1344 4859 hereditatem
1387 4807 1635 4875 probare,

116 4880 262 4966 contra
301 4883 416 4941 illos
459 4887 658 4944 dicitur
695 4891 819 4960 quia
857 4901 1034 4962 potest
1077 4893 1193 4950 ﬁeri
1242 4904 1302 4950 ut
1341 4895 1535 4966 aliquis
1573 4899 1639 4954 de

115 4961 215 5022 ﬁsco
239 4977 375 5044 regio
401 4978 486 5035 vel
515 4982 583 5036 de
617 4983 779 5040 rebus
819 4961 1061 5042 ecclesiae
1090 4986 1289 5058 aliquid
1320 4961 1636 5059 proprindat
1740 4963 2048 5023 praesum“
3329 5065 3332 5068 ἢ

115 5064 182 5110 θυι
202 5074 286 5128 per
316 5065 552 5126 fraudem
577 5073 839 5141 obtineat,
885 5084 941 5131 et
984 5085 1196 5132 mortuo
1233 5077 1322 5132 illo
1353 5078 1491 5134 ﬁlius
1518 5078 1634 5147 ejus

1808 5071 1894 5125 il.
1935 5070 2086 5142 (Cap.
2121 5070 2264 5144 l06.)
2294 5069 2552 5126 Volumus
2588 5081 2647 5126 ut
2689 5074 2979 5130 secundum
3019 5076 3312 5144 capitulare

113 5153 182 5197 aut
203 5149 296 5206 lilia
334 5155 446 5214 illas
487 5174 574 5216 res
622 5169 806 5219 tenere
843 5163 896 5218 in
927 5165 1278 5220 hereditatem
1311 5167 1460 5221 velit.
1503 5166 1635 5222 Pro»
1739 5163 1823 5217 avi
1850 5171 1903 5217 et
1931 5162 2101 5232 patris
2127 5163 2318 5226 nostri,
2368 5164 2419 5216 in
2456 5164 2713 5218 comitatu
2749 5167 2894 5221 omni
2927 5168 2978 5222 hi
3010 5168 3100 5236 qui
3128 5167 3312 5221 melio-

113 5241 257 5297 pterea
276 5259 367 5314 per
391 5251 618 5320 capitula
643 5253 726 5306 avi
772 5262 827 5309 et
851 5255 1020 5325 patris
1056 5256 1250 5319 nostri,
1287 5271 1406 5326 qua:
1437 5255 1632 5312 Franci
1740 5271 1828 5310 res
1856 5264 1910 5310 et
1934 5255 2240 5310 veraciores
2265 5254 2489 5310 inveniri
2521 5265 2762 5325 possunt,
2790 5259 3053 5329 eligantur
3076 5272 3106 5310 a
3131 5256 3310 5310 missis

113 5335 187 5388 Ι)το
210 5328 310 5402 lege
345 5342 565 5397 tenenda
593 5341 992 5412 judicaverunt,
1030 5353 1084 5400 et
1131 5344 1315 5402 ﬁdeles
1361 5345 1530 5402 nostri
1579 5345 1631 5400 in
1740 5347 1942 5404 nostris
1978 5348 2045 5403 ad
2070 5347 2473 5419 inquisitionem
2520 5349 2815 5405 faciendam
2840 5328 2895 5404 et
2925 5350 2999 5404 rei
3029 5349 3306 5404 veritatem

1821 3743 1870 3797 9.
1903 3743 2123 3816 (Basso.
2156 3745 2292 3800 Add.
2332 3762 2403 3811 tv,
2434 3746 2580 3818 105.)
2608 3747 2677 3803 Ut
2707 3749 2846 3804 sicut
2888 3751 2940 3806 in
2963 3753 3213 3823 capitulis
3241 3730 3336 3810 avi

1749 3843 1803 3890 et
1837 3836 2006 3904 patris
2051 3837 2218 3891 nostri
2258 3840 2584 3903 continetur,
2626 3841 2774 3896 missi
2824 3845 3017 3908 nostri,
3064 3845 3154 3899 ubi
3199 3847 3326 3901 boni

1749 3927 1985 3980 scabinei
2014 3943 2118 3981 non
2149 3937 2291 3993 sunt,
2319 3930 2488 3984 bonos
2529 3931 2813 3986 scabineos
2836 3934 3081 4000 mittant;
3115 3943 3170 3990 et
3202 3937 3321 3991 ubi-

1747 4030 1977 4085 cumque
2022 4017 2190 4073 malos
2232 4018 2513 4072 scabineos
2554 4019 2852 4086 inveniunt,
2878 4023 3119 4091 ejiciant,
3150 4036 3206 4080 et
3237 4035 3321 4080 to-

1747 4108 1854 4162 tius
1873 4108 2050 4179 populi
2090 4123 2354 4164 consensu
2384 4110 2436 4164 in
2465 4109 2638 4166 locum
2667 4125 2854 4166 eorum
2882 4113 3055 4169 bonos
3083 4115 3318 4186 eligant;

1744 4208 1800 4255 et
1828 4217 1950 4256 cum
1981 4200 2136 4258 electi
2168 4201 2382 4266 fuerint,
2404 4202 2592 4273 jurare
2625 4217 2718 4259 eos
2747 4203 2947 4260 faciant
2983 4215 3043 4261 ut
3088 4209 3322 4263 scienter

1747 4291 1941 4360 injuste
1979 4309 2084 4346 non
2107 4292 2371 4363 judicent.

1819 4401 1904 4456 10.
1939 4403 2090 4472 (Cap.
2126 4403 2272 4472 107.)
2318 4404 2577 4460 Volumus
2614 4414 2671 4460 ut
2704 4407 2994 4462 secundum
3027 4409 3322 4480 capitulare

1745 4492 1828 4545 avi
1855 4503 1908 4546 et
1935 4493 2104 4562 patris
2135 4493 2326 4558 nostri,
2357 4495 2680 4566 quicumque
2719 4499 2785 4552 de
2825 4501 3090 4556 scabineis
3133 4503 3322 4571 depre-

1744 4585 1944 4639 hensus
1967 4583 2125 4640 fuerit
2156 4595 2373 4654 propter
2398 4601 2618 4641 munera
2653 4597 2742 4641 aut
2772 4599 2992 4658 propter
3017 4592 3313 4647 amicitiam

1745 4674 1941 4744 injuste
1996 4673 2284 4743 judicasse,
2315 4691 2412 4745 per
2448 4675 2790 4744 ﬁdejussores
2835 4679 3030 4734 missus
3072 4683 3139 4735 ad
3183 4699 3319 4752 pra:-

1744 4767 1972 4822 scntiam
2011 4774 2250 4822 nostram
2291 4768 2488 4822 veniat.
2522 4767 2590 4822 Et
2613 4771 2862 4826 omnibus
2906 4773 3170 4829 scabineis
3218 4777 3316 4830 de-

1746 4861 2041 4924 nuntietur,
2075 4875 2141 4913 ne
2183 4860 2304 4928 quis
2351 4860 2512 4915 etiam
2549 4861 2748 4932 justum
2793 4864 3054 4933 judicium
3081 4869 3314 4923 vendere

1740 4963 2048 5023 praesumat.

1336 5525 1571 5582 VARUS
1611 5523 2014 5582 LECTIONES.

167 5663 244 5700 “"
269 5670 527 5734 informati
551 5681 704 5738 Stal.
783 5681 875 5714 “"
904 5682 1135 5740 rebellis.
1167 5681 1318 5738 SHW-
