3874 5340
540 275 638 331 Ἰὕι

1242 271 1657 328 APPEND..AD
1696 270 1868 330 SE6.
1909 273 1975 329 Χ.
2015 305 2085 319 -
2114 274 2550 337 MONUMENTA
2584 278 3062 339 DIPLOMATICA.
3688 295 3773 349 752

544 400 878 465 discendam,
903 406 956 453 et
987 404 1043 453 ιιι
1071 397 1344 468 adjutores
1380 395 1636 452 comitum
1664 394 1773 451 sint
1798 394 1864 450 ad
1887 395 2122 467 justitias
2152 403 2198 463 Α
2226 400 2441 457 debent.
2460 403 2673 485 Domus
2712 421 2858 474 vero,
2887 408 3028 463 sicut
3068 409 3120 463 in
3160 411 3408 479 capitulis
3429 412 3515 466 avi
3547 421 3603 467 et
3630 418 3773 485 patris

547 492 844 548 faciendas.
1698 522 1701 525 ι

542 596 549 599 ‘
610 582 699 635 12.
727 581 941 653 (Assae.
974 594 1041 641 ιν,
1082 577 1199 647 26.)
1227 577 1484 633 Volumus
1529 578 1588 631 ut
1632 577 1925 632 secundum
1968 578 2118 648 capi-

541 673 653 727 tula
680 673 765 726 avi
795 680 851 726 et
883 671 1051 739 patris
1096 669 1265 724 nostri
1293 675 1347 723 et
1390 676 1575 723 nostra
1614 667 1809 722 mallus
1850 680 2024 736 neque
2063 668 2119 722 in

542 761 766 818 ecclesia
792 776 966 831 neque
1000 762 1050 815 in
1088 760 1403 830 porticibus,
1441 766 1534 813 aut
1571 759 1710 814 atrio
1738 750 1996 826 ecclesiae,
2020 774 2118 815 ne-

540 868 645 922 que
672 854 728 907 in
755 853 1033 907 mansione
1076 852 1379 923 presbyteri
1406 851 1561 922 juxta
1594 850 1879 906 ecclesiam
1916 851 2121 906 habea-

536 953 665 999 tur:
700 945 821 1013 quia
849 959 953 999 non
983 952 1065 999 est
1098 958 1309 1013 aequum
1337 951 1395 996 ut
1421 941 1497 996 ibi
1520 941 1765 996 homines
1795 940 1861 995 ad
1888 949 2119 997 mortem

540 1031 847 1100 iudicentur
879 1042 935 1088 et
969 1034 1425 1088 dismembrentur
1463 1040 1518 1086 et
1556 1031 1907 1104 ﬂagellentur,
1940 1032 2031 1087 ubi
2072 1034 2119 1088 si

541 1124 900 1197 confugerint,
919 1126 1209 1182 secundum
1230 1124 1372 1180 aliud
1396 1124 1687 1195 capitulum
1706 1139 1894 1195 pacem
1919 1124 2118 1180 habere

2225 493 2397 548 nostri
2418 482 2746 563 centinetur,
2769 512 2798 551 a
2821 498 3017 554 comite
3042 498 3095 553 in
3125 499 3241 555 loco
3261 500 3349 555 ubi
3374 501 3595 555 mallum
3618 482 3775 560 tenere

2226 582 2385 638 debet
2405 593 2768 654 construatur,
2798 596 3063 657 quatenus
3089 597 3307 659 propter
3327 589 3569 646 calorem
3596 591 3711 647 solis
3730 604 3776 649 et

2216 675 2461 745 pluviam
2487 679 2698 747 publica
2724 680 2928 736 utilitas
2956 678 3063 736 nan
3102 692 3399 738 remaneat.
3447 680 3653 738 Minora
3671 700 3776 741 vero

2224 766 2423 836 placita
2451 782 2655 836 comes,
2683 771 2798 827 sive
2837 771 2981 827 intra
3019 772 3172 828 suam
3212 781 3560 843 potestatem,
3607 775 3685 830 vel
3704 777 3777 831 ubi

2224 857 2515 926 impetrare
2541 862 2796 931 potuerit,
2830 873 3056 934 excepto
3097 865 3150 920 in
3194 864 3441 932 ecclesia,
3480 873 3537 920 et
3581 867 3775 936 portici-

2224 950 2346 1016 bus,
2381 958 2542 1022 atque
2570 953 2708 1009 atrio
2755 954 3020 1022 ecclesia,
3062 964 3116 1012 et
3162 956 3441 1011 mansione
3480 957 3776 1027 presbyteri,

2225 1037 2439 1107 habeat,
2475 1040 2615 1098 sicut
2646 1042 2700 1098 in
2730 1044 2933 1101 eisdem
2969 1044 3217 1115 capitulis
3239 1046 3565 1102 continetur.

1480 1296 1737 1355 KAROL!
1776 1296 1818 1351 ll
1857 1293 2269 1353 CONVENTUS
2306 1293 2846 1352 ATTINIACENSIS.

1884 1433 2007 1505 (An.
2042 1430 2164 1488 874.
2203 1429 2320 1485 Jul.
2364 1430 2441 1501 1.)

609 1574 684 1629 Ex
713 1574 846 1629 actis
869 1579 1165 1629 conventus
1193 1569 1309 1639 ejus
1345 1578 1618 1626 servatum
1644 1566 2138 1639 estepiscoporum
2180 1563 2466 1621 consilium
2511 1563 2579 1621 de
2624 1564 3007 1625 reclamatione
3056 1566 3294 1638 episcopi
3336 1566 3773 1639 Barcinonensis,

548 1645 747 1701 Karolo
769 1644 881 1715 regi
917 1644 1119 1706 datum,
1154 1636 1266 1697 et'a
1293 1640 1583 1697 Sirmoudo
1605 1636 1809 1711 publici
1824 1636 1966 1708 juris
1988 1636 2213 1692 factum.

541 1780 687 1832 Anno
721 1777 1094 1831 incarnationis
1140 1775 1427 1829 llominictc
1461 1775 1563 1829 874
1594 1774 1703 1828 [nec
1728 1787 1867 1844 quat
1896 1786 2118 1844 sequttn-
2148 1755 2191 1816 Β
2220 1767 2462 1822 nobiliter
2486 1778 2562 1823 est
2593 1768 2874 1835 decretum,
2915 1770 3148 1825 convenit
3186 1770 3304 1840 ﬁeri
3339 1772 3606 1843 portiones
3625 1789 3645 1827 :
3674 1791 3777 1844 que-

610 1859 701 1900 tur
728 1848 957 1916 capitula
987 1847 1210 1899 domnus
1242 1861 1330 1898 rex
1361 1844 1590 1897 Karolus
1619 1846 1673 1899 in
1702 1840 1969 1896 Attiniuco
2002 1840 2117 1894 Ka-

611 1918 780 1972 lendis
809 1916 943 1971 Julii
970 1917 1173 1970 statuit.

612 2047 667 2100 l.
714 2045 1007 2115 Episcopus
1055 2044 1470 2099 Bareinoncnsis
1522 2044 1614 2076 ¹²⁶⁷
1661 2058 1717 2100 se
1765 2044 2118 2112 reci-amavit,

541 2137 680 2207 quod
710 2135 910 2208 Tyrsus
935 2137 1221 2207 presbyter
1247 2136 1605 2191 Cordubensis
1644 2137 1696 2190 in
1726 2137 1951 2191 ecclesia
1981 2138 2121 2191 intra

542 2241 725 2282 muros
754 2227 920 2297 ipsius
961 2227 1196 2282 civitatis
1220 2226 1324 2281 sita
1354 2227 1578 2282 seorsim
1615 2235 1909 2283 conventus
1933 2242 2119 2298 agens,

540 2332 676 2387 pene
719 2317 853 2373 duas
902 2327 1084 2387 partes
1133 2332 1200 2372 cx
1246 2317 1451 2372 decima
1518 2316 1687 2386 ipsius
1735 2317 1969 2372 civitatis
2020 2318 2122 2371 sibi

540 2415 782 2478 nsurpat,
813 2417 868 2462 et
895 2409 1009 2463 sine
1041 2409 1181 2463 illius
1221 2408 1434 2463 licentia
1477 2410 1670 2464 missas
1713 2416 1769 2463 et
1808 2410 2121 2480 baptisteria

536 2499 595 2552 in
644 2497 831 2553 eadem
877 2498 1098 2569 civitate
1146 2499 1423 2568 praesumit
1457 2499 1753 2565 celebrare,
1784 2508 1837 2555 et
1864 2514 2122 2556 convoca-

539 2597 623 2645 tos
646 2588 712 2642 ab
735 2589 984 2661 episcopo
1008 2589 1072 2646 ad
1096 2600 1323 2647 matrem
1342 2589 1648 2657 ecclesiam,
1668 2591 1829 2645 etiam
1852 2591 1907 2645 in
1933 2590 2123 2647 solem-

538 2681 794 2737 nitatibus
822 2683 1033 2752 paschae
1061 2698 1124 2737 ac
1158 2684 1451 2739 nativitatis
1497 2683 1731 2752 Domini,
1766 2684 1834 2739 ad
1879 2698 1936 2737 se
1965 2696 2122 2738 revo-

541 2782 647 2839 cat,
702 2784 863 2843 atquc
912 2783 1219 2846 contempto
1261 2775 1512 2847 episcopo
1561 2779 1639 2833 eis
1693 2777 2121 2834 communionem

540 2864 785 2934 largitur.
837 2864 984 2919 Unde
1032 2880 1245 2919 sacrum
1300 2865 1573 2921 Niczcnum
1629 2868 1914 2923 concilium
1952 2867 2119 2922 dicit:

542 2954 865 3025 Quicumque
909 2966 1096 3010 temere
1139 2974 1199 3010 ac
1228 2958 1531 3026 periculose,
1566 2975 1725 3029 neque
1758 2960 1994 3013 timorem
2028 2958 2123 3013 Dei

538 3042 839 3117 prce-oculis
871 3048 1133 3115 habentes,
1184 3067 1273 3103 nec
1322 3060 1653 3120 agnoscentes
1680 3052 2013 3106 ecclesiarum
2040 3068 2122 3107 re-

539 3116 740 3208 gulam,
785 3140 1054 3194 discedunt
1095 3141 1158 3195 ab
1201 3116 1414 3196 ecclesia
1464 3143 1749 3214 presbyteri
1784 3153 1873 3196 aut
1916 3141 2123 3196 diaconi
2152 3116 2196 3179 (ἶ

538 3230 616 3284 uel
642 3232 949 3301 quicumque
978 3233 1069 3284 sub
1102 3232 1277 3303 regula
1310 3250 1521 3302 prorsus
1557 3236 1804 3297 existunt,
1834 3231 1887 3285 hi
1929 3249 2129 3302 nequa-

541 3340 700 3393 quam
742 3324 921 3377 debent
970 3325 1022 3378 in
1054 3325 1213 3379 aliaat
1258 3326 1524 3380 ecclesiam
1565 3327 1720 3395 recipi
1752 3340 1769 3377 :
1796 3326 1886 3380 sed
1924 3342 2125 3380 omnem

542 3415 896 3467 necessitatem
929 3416 1160 3468 convenit
1210 3415 1311 3469 illis
1360 3417 1553 3485 imponi
1604 3426 1658 3469 ut
1705 3415 1774 3468 ad
1810 3431 1933 3469 suas
1966 3430 2124 3484 paro-

542 3506 685 3559 chias
721 3518 1058 3560 revertantur.
1101 3508 1248 3573 Quod
1292 3510 1334 3563 si
1378 3526 1481 3564 non
1525 3509 1756 3579 fecerint,
1803 3520 1998 3580 oportet
2039 3525 2124 3563 eos

524 3602 908 3666 ,communione
936 3605 1150 3673 privari.
1185 3604 1295 3660 Hoc
1327 3606 1391 3658 de
1415 3605 1605 3675 Tyrso,
1634 3607 1724 3676 qui
1750 3606 2125 3677 inregularitcr

540 3707 569 3743 a
603 3705 698 3744 sua
730 3691 950 3746 civitate
980 3692 1253 3758 discessit,
1302 3696 1575 3749 decretum
1619 3704 1722 3750 est.
1765 3696 2017 3751 Ceterum
2058 3697 2124 3751 dc

540 3781 659 3850 ipso
686 3790 739 3836 et
768 3782 832 3836 de
874 3782 993 3837 aliis
1031 3784 1487 3853 contemptoribus
1517 3786 1905 3841 Antiochenam
1944 3786 2123 3840 conci-

540 3868 669 3924 lium
698 3870 830 3924 dicit
855 3890 866 3925 :
904 3873 964 3925 Si
989 3874 1103 3940 quis
1131 3874 1395 3942 presbyter
1431 3885 1520 3927 aut
1550 3875 1801 3928 diaconus
1830 3876 2122 3945 episcopum

539 3965 805 4031 praprium
837 3976 1188 4029 contemnens,
1230 3982 1284 4018 se
1319 3967 1381 4018 ab
1417 3967 1632 4019 ecclesia
1672 3968 2028 4036 sequestravit,
2076 3975 2122 4020 et

539 4069 774 4107 seorsum
826 4054 1069 4123 colligens
1121 4055 1284 4109 altare
1350 4059 1652 4121 constituit,
1693 4066 1740 4110 et
1782 4059 2124 4111 commonenti

540 4144 777 4214 episcopo
824 4161 927 4199 non
971 4147 1311 4215 adquieverit,
1358 4165 1447 4201 nec
1496 4149 1784 4203 consentire
1818 4149 1893 4202 rel
1919 4149 2123 4204 obedire

542 4234 757 4287 coluerit
812 4235 965 4287 semel
1000 4247 1045 4288 ct
1098 4237 1283 4290 iterum
1339 4240 1662 4301 convocanti,
1721 4240 1803 4292 hic
1847 4241 2126 4294 damnetur

545 4324 864 4389 omnimodo,
916 4341 1005 4379 nec
1053 4324 1195 4378 ultra
1244 4327 1525 4379 remedium
1568 4338 1952 4397 consequatur,
2000 4331 2123 4398 quia

543 4431 697 4468 suam
733 4415 954 4484 recipere
993 4432 1092 4469 non
1128 4425 1288 4485 potest
1336 4418 1656 4487 dignitatem.
1699 4420 1850 4485 Quod
1892 4423 1935 4475 si
1967 4421 2123 4476 eccle-

544 4506 678 4560 siam
710 4507 1016 4561 conturbare
1044 4517 1089 4562 et
1121 4507 1405 4562 sollicitare
1431 4511 1677 4577 persistit,
1713 4522 1958 4581 tanquam
1990 4512 2126 4565 sedi-
2160 4483 2204 4541 θ

547 4596 712 4650 tiosus
738 4613 829 4665 per
862 4606 1139 4666 potestates
1169 4606 1373 4651 exteras
1402 4600 1745 4667 opprimatur.
1784 4599 1920 4652 Hinc
1954 4600 2123 4652 etiam

541 4687 744 4744 Africae
775 4691 1063 4759 provinciae
1101 4691 1353 4747 canones
1369 4691 1736 4746 decreverunt.
1776 4693 1879 4745 Sed
1918 4701 2123 4745 tantum

547 4777 652 4834 hoc
676 4779 966 4848 capitulum
995 4782 1060 4834 de
1091 4781 1429 4836 Antiochcno
1454 4782 1679 4836 concilio
1714 4783 1955 4849 posuisse
1983 4782 2126 4836 sulti-

550 4870 681 4924 ciat.
711 4870 785 4924 De
812 4871 1049 4925 basilicis
1081 4882 1257 4925 autem
1286 4881 1339 4925 et
1362 4872 1583 4925 decimis
1615 4873 1752 4925 sacri
1784 4888 2017 4927 canones
2037 4874 2128 4928 de-

540 4970 856 5031 creverunt,
888 4970 943 5016 ut
983 4978 1167 5017 omnes
1198 4963 1466 5027 basilicas,
1506 4978 1622 5032 (Ῑιιὶῐδ
1648 4978 1745 5032 per
1777 4965 1983 5018 diversa
2012 4964 2127 5017 loca

536 5060 870 5125 constructae
899 5062 1049 5119 sunt,
1086 5053 1170 5108 vel
1201 5054 1440 5123 quotidie
1491 5063 1894 5118 construuntu‘t‘,
1939 5070 2130 5109 secun-

554 5143 677 5195 dum
704 5144 943 5212 priorum
971 5157 1234 5197 canonum
1264 5142 1501 5211 ivgulum
1543 5144 1593 5195 in
1632 5144 1746 5211 ejus
1778 5145 2033 5213 episcOpi,
2075 5144 2124 5196 in

552 5231 705 5299 cujus
744 5234 1016 5290 territorio
1046 5234 1233 5303 positae
1264 5245 1383 5285 sunt
1416 5242 1682 5301 potestate
1719 5238 2031 5286 consistant.
2064 5231 2130 5286 Et

2223 1877 2337 1913 rum
2369 1876 2474 1915 una
2507 1861 2575 1915 sit
2614 1861 2896 1931 pontiﬁcis,
2944 1862 3108 1916 altera
3136 1863 3467 1932 clericorum,
3514 1882 3778 1935 paupertas

2221 1954 2396 2019 tertia,
2435 1963 2620 2024 quarta
2660 1954 2875 2023 fabricis
2924 1954 3255 2025 applicanda.
3302 1955 3384 2012 De
3429 1958 3618 2025 quibus
3667 1958 3777 2012 sicut
3872 2000 3874 2027 ;

2220 2044 2503 2098 sacerdotis
2535 2045 2770 2098 intererit
2799 2045 3051 2114 integram
3079 2045 3331 2100 ministris
3360 2046 3595 2102 ecclesiis
3618 2065 3780 2103 memo-
3872 2058 3874 2115 ξ

2222 2143 2392 2188 ratam
2422 2134 2709 2203 dependere
2736 2135 3098 2203 quantitatem,
3121 2136 3196 2188 sic
3231 2136 3400 2190 clerus
3430 2137 3574 2191 ultra
3601 2138 3780 2208 delega—
3872 2138 3874 2197 ί

2224 2234 2331 2279 tam
2357 2226 2455 2279 sibi
2480 2242 2738 2279 sumntum
2765 2227 2895 2281 nihil
2919 2225 3198 2282 insolenter
3217 2230 3415 2284 noverit
3439 2233 3776 2300 expetendum.

2225 2315 2305 2369 Ea
2346 2332 2462 2370 vero
2500 2332 2616 2387 qua:
2660 2318 3021 2373 ecclesiasticis
3061 2317 3302 2387 (adiﬁciis
3344 2321 3615 2375 adtributa
3657 2332 3776 2386 sunt,

2223 2410 2343 2462 huic
2366 2410 2507 2479 operi
2534 2411 2783 2463 ueraciter
2816 2421 3095 2481 prorogata
3134 2411 3365 2466 locorum
3389 2413 3573 2468 doceat
3604 2415 3779 2468 instau—
3872 2428 3874 2439 '

2224 2500 2359 2552 ratio
2390 2498 2670 2568 manifesta
2699 2508 2996 2553 sanctorum
3021 2514 3038 2551 :
3068 2502 3191 2570 quia
3236 2502 3386 2571 nefas
3425 2514 3524 2570 est,
3551 2504 3599 2557 si
3639 2507 3778 2558 sacris

2225 2591 2423 2646 antibus
2452 2591 2712 2646 destitutis
2742 2592 2794 2645 in
2819 2592 3019 2646 lucrum
3040 2609 3190 2647 suum
3218 2593 3416 2664 prcesul
3439 2596 3697 2667 impendia
3713 2598 3778 2649 bis

2224 2682 2494 2754 designata
2546 2693 2828 2737 convertat.
2876 2683 3055 2753 Ipsam
3107 2685 3444 2741 nihilominus
3488 2689 3781 2757 adscriptam

2224 2773 2542 2845 pauperibus
2583 2773 2891 2843 portionem,
2936 2775 3170 2845 quamvis
3213 2774 3403 2830 divinis
3436 2777 3713 2831 rationibus
3737 2793 3781 2830 se

2226 2865 2552 2936 dispensasse
2581 2875 2965 2918 monstraturus
2998 2880 3106 2918 esse
3140 2864 3395 2930 videatur,
3435 2877 3629 2933 tamen,
3651 2867 3780 2933 iuxta
3872 2886 3874 2891 ·

2226 2956 2365 3027 quod
2410 2958 2657 3025 scriptum
2707 2964 2804 3019 est,
2854 2965 2908 3008 ut
2950 2955 3157 3009 videant
3200 2970 3357 3024 Opera
3400 2966 3569 3009 vestra
3599 2956 3779 3009 bonast

2227 3046 2515 3118 glorificent
2555 3055 2753 3115 patrem
2797 3054 3018 3098 uestrum
3061 3044 3150 3114 qui
3196 3044 3250 3098 in
3277 3045 3417 3100 exulis
3461 3056 3561 3111 est,
3609 3054 3781 3115 oportet

2228 3141 2383 3194 etiam
2417 3137 2662 3207 pra’senti
2696 3136 3056 3205 testiﬁcatione
3082 3135 3378 3204 prtedicari,
3402 3146 3450 3190 et
3481 3136 3627 3190 bona:
3646 3135 3782 3203 fama

2227 3230 2500 3300 prteconiis
2543 3246 2647 3283 non
2696 3228 2873 3282 taceri.
2914 3226 2981 3280 Et
3018 3226 3131 3280 haec
3173 3224 3389 3295 quidem
3435 3224 3502 3279 de
3546 3224 3782 3280 reditibus

2230 3319 2335 3375 illis
2364 3318 2723 3374 oblationibus
2752 3316 2985 3372 ﬁdelium
3022 3316 3241 3371 decreta
3266 3322 3392 3370 sunt
3420 3330 3541 3385 qua:
3564 3313 3783 3385 speciali-

2229 3422 2311 3464 ter
2340 3411 2404 3465 ad
2436 3410 2715 3478 episcopos
2742 3407 3088 3463 ecclesiarum
3131 3405 3184 3459 in
3212 3403 3317 3460 illis
3353 3402 3659 3474 regionibus
3678 3419 3782 3474 per-

2229 3503 2436 3566 tinent,
2485 3515 2604 3569 qua:
2649 3516 2753 3553 non
2796 3498 3067 3553 abundant
3104 3497 3302 3561 rebus,
3348 3497 3446 3551 sed
3493 3506 3690 3551 tantum
3728 3494 3781 3550 de

2227 3592 2461 3647 ﬁdelium
2506 3591 2727 3645 decimis
2773 3604 2833 3643 ac
2885 3588 3024 3642 votis
3064 3586 3381 3642 subsistunt.
3434 3585 3678 3640 Ceterum
3726 3583 3781 3637 de

2230 3681 2516 3736 rusticanis
2543 3679 2834 3753 parochiis,
2877 3685 3135 3747 quantum
3165 3675 3446 3745 episcopus
3484 3676 3540 3730 in
3567 3673 3781 3744 partibus

2228 3773 2575 3843 Septimanim
2634 3778 2794 3839 atque
2839 3768 3076 3823 Galliciae
3131 3781 3160 3820 a
3212 3767 3549 3838 presbyteris
3593 3765 3782 3834 exigere

2226 3863 2458 3926 debeat,
2516 3861 2848 3915 Bracarense
2905 3858 3191 3914 concilium
3241 3857 3480 3928 capitulo
3532 3855 3780 3915 secundo,

2226 3963 2280 4008 ct
2331 3952 2645 4008 Toletanum
2697 3950 2980 4006 concilium
3042 3947 3273 4019 capitulo
3332 3954 3530 4016 quarto
3583 3945 3780 4001 demon-

2226 4053 2417 4100 strant.
2467 4045 2543 4099 De
2594 4045 2677 4098 his
2734 4051 2911 4097 autem
2962 4043 3054 4111 qui
3105 4050 3293 4096 contra
3327 4040 3693 4093 auctoritatem
3737 4043 3783 4087 et

2224 4138 2640 4194 Barcinonensis
2686 4136 2921 4206 episcopi
2961 4135 3288 4188 voluntatem
3316 4132 3550 4203 Tyrsum
3582 4130 3781 4203 presby-

2228 4240 2400 4285 terum
2434 4232 2485 4284 in
2517 4230 2742 4285 ecclesia
2772 4228 3082 4283 Barcinome
3110 4225 3344 4281 civitatis
3372 4225 3626 4288 retinent,
3655 4220 3781 4289 capi-

2230 4322 2400 4376 tularc
2427 4329 2774 4390 augustorum
2804 4318 2984 4372 domni
3009 4314 3190 4371 Karoli
3218 4323 3271 4370 et
3293 4314 3479 4369 domui
3510 4307 3783 4367 ﬂludowici

2229 4413 2469 4466 decernit
2490 4412 2591 4465 hoc
2621 4409 2780 4464 modo
2808 4423 2822 4461 :
2852 4407 2927 4460 De
2958 4407 3036 4459 his
3059 4409 3147 4476 qui
3173 4406 3283 4459 sine
3305 4420 3558 4458 consensu
3585 4398 3783 4472 episcopi

2230 4501 2550 4571 presbyteros
2598 4500 2653 4552 in
2700 4497 2925 4552 ccclesiis
2972 4499 3307 4559 constituunt,
3352 4494 3429 4549 vel
3482 4495 3546 4549 de
3581 4489 3784 4547 ecclesiis

2231 4592 2465 4661 ejiciunt,
2508 4589 2587 4643 vel
2614 4588 2676 4642 ab
2715 4589 2950 4657 episcopo
2989 4585 3069 4639 vel
3103 4604 3133 4639 a
3164 4585 3388 4656 quolibet
3437 4587 3600 4639 misso
3639 4580 3786 4634 domi-

2232 4685 2346 4736 nico
2376 4680 2629 4734 admoniti
2661 4679 2866 4733 obedire
2908 4672 3188 4741 noluerint,
3231 4685 3285 4729 ut
3312 4676 3547 4729 bannum
3580 4681 3783 4728 nostrum

2232 4772 2513 4826 rewadiarc
2548 4780 2822 4839 cogantur,
2867 4777 2915 4823 et
2962 4785 3052 4839 per
3090 4768 3431 4838 ﬁdeiussores
3458 4766 3530 4819 ad
3557 4764 3787 4835 palatium

2233 4872 2463 4916 nostrum
2506 4862 2677 4914 venire
2711 4860 3001 4929 jubeantur
3026 4874 3044 4911 :
3071 4868 3118 4913 et
3157 4867 3278 4911 tunc
3315 4873 3408 4911 nos
3449 4856 3786 4912 decernamus,

2232 4965 2401 5007 utrum
2442 4955 2585 5005 nobis
2616 4954 2818 5022 placeat
2853 4961 2907 5005 ut
2939 4963 3026 5004 aut
3066 4948 3215 5025 illum
3240 4949 3471 5002 bannum
3498 4944 3786 5017 persultant,

2231 5057 2319 5099 aut
2349 5046 2507 5098 aliam
2533 5047 2910 5097 harmiscaram
2936 5043 3241 5097 sustineant.
3269 5040 3408 5107 Quia
3445 5054 3577 5093 vero
3596 5037 3786 5104 longum

2234 5146 2315 5190 est
2350 5138 2478 5189 istos
2509 5136 2572 5188 ad
2604 5134 3114 5204 prrcscntiammegis
3161 5131 3450 5194 adducere,
3484 5128 3570 5183 vel
3608 5124 3788 5195 pericu-

2235 5230 2404 5284 losum
2436 5238 2518 5283 est
2545 5228 2755 5299 longius
2794 5246 2825 5282 a
2860 5228 3083 5282 marcha
3115 5241 3208 5280 eos
3242 5224 3535 5287 abducere,
3590 5221 3789 5274 domnus

2849 5304 3198 5340 Α’---η-..ιάηηῖ
3224 5313 3457 5340 ηιιηιζίηη
3483 5325 3575 5340 nne
3601 5304 3788 5340 -.:C"‘;no
