3960 6320
157 318 251 393 753

1150 337 1577 395 FBANCORUM
1614 338 1853 395 REGUM
1893 341 2378 401 CAPITULARIA.

3271 346 3373 409 75L

154 461 223 505 tre
247 449 468 506 eccle$ia
500 451 837 516 abstrahunt,
877 459 933 505 et
977 466 1073 521 pro
1116 466 1213 505 suo
1256 450 1407 505 libita
1446 451 1573 504 alibi
1609 450 1703 504 do-
1732 455 1779 512 Α
1807 451 2022 505 divitum
2050 471 2168 507 cum
2213 456 2567 524 episcoporum
2599 455 2889 523 provisione
2916 456 3234 527 delegantur.
3278 459 3374 515 Se-

150 550 286 606 nant,
332 542 471 596 idem
523 543 813 611 capilulare
851 542 1022 597 dicit:
1066 544 1388 611 Quicumque
1445 544 1699 596 decimam

154 634 384 687 abstrahit
437 634 503 687 de
544 633 755 689 ecclesia
800 636 869 689 ad
911 651 1065 705 quant
1105 652 1197 705 per
1242 636 1504 705 justitiam
1556 636 1698 689 debet

150 725 269 789 dari,
312 733 358 777 et
402 741 517 777 eam
547 726 935 795 pra’sumptiose
980 726 1056 781 vel
1103 735 1311 796 propter
1354 742 1570 780 munera
1608 735 1702 780 aut

150 812 413 865 amicitiam
447 813 527 866 vel
565 815 722 868 aliam
753 815 1030 886 quamlibet
1070 816 1391 871 occasionem
1432 818 1503 871 ad
1542 818 1701 872 aliam

149 899 393 954 ecclesiam
415 902 635 970 dederit,
665 922 697 958 a
725 906 909 960 comite
936 906 1013 961 vel
1042 924 1072 960 a
1100 908 1255 961 misso
1284 917 1460 961 nostro
1490 908 1701 962 distrin-

148 998 302 1058 gatur,
332 999 386 1043 ut
412 991 647 1060 ejusdem
681 993 894 1049 decima:
934 997 1269 1064 quantitatem
1301 1013 1418 1049 cum
1456 1014 1551 1051 sua
1594 997 1702 1068 lege

150 1084 379 1136 restituat.
423 1083 489 1137 Et
522 1084 649 1139 item
676 1103 689 1140 :
722 1085 797 1141 De
819 1087 899 1141 Itis
930 1089 1018 1159 qui
1050 1105 1213 1143 nonas
1254 1100 1301 1143 et
1326 1091 1551 1144 decimas
1584 1092 1699 1158 jam

148 1186 223 1239 per
242 1172 422 1228 multos
442 1191 609 1230 annos
632 1187 721 1230 aut
743 1195 806 1232 ea:
828 1189 975 1249 parte
997 1190 1085 1233 aut
1110 1197 1174 1234 ea:
1194 1190 1298 1234 toto
1318 1182 1444 1235 dare
1468 1180 1703 1252 neglexe-

149 1270 271 1324 runt,
307 1261 547 1318 volumus
587 1277 641 1319 ut
665 1284 757 1337 per
791 1270 976 1323 missos
1014 1281 1217 1324 nostros
1256 1272 1700 1341 constringuntur,

149 1358 194 1401 ut
214 1354 484 1406 secundum
515 1358 856 1425 eapitularem
882 1359 1104 1428 priorem
1135 1360 1336 1414 solvant
1380 1363 1533 1414 unius
1575 1363 1702 1415 anni

151 1457 313 1495 nonam
339 1454 385 1496 et
419 1446 675 1501 decimam
703 1467 817 1504 cunt
850 1469 945 1505 sua
991 1452 1121 1522 lege,
1154 1462 1199 1507 et
1234 1453 1446 1522 insuper
1475 1454 1700 1507 bannunt

151 1540 373 1585 nostrum.
434 1532 504 1589 Et
561 1538 658 1591 hoc
719 1541 793 1593 eis
850 1543 1211 1609 denuntietur,
1270 1543 1409 1612 quod
1462 1545 1699 1614 quicum-

148 1636 226 1690 qua
242 1626 365 1676 hanc
386 1626 749 1697 negligentiam
776 1634 1036 1687 iteraverit
1053 1673 1068 1700 ,
1094 1635 1395 1700 bene/icium
1428 1639 1563 1689 unde
1591 1638 1700 1690 lucc

150 1725 262 1764 nona
294 1723 341 1765 et
394 1714 601 1771 decima
634 1721 854 1788 persolvi
888 1723 1062 1777 debuit
1089 1726 1405 1779 amissurum
1446 1743 1500 1780 se
1548 1727 1695 1780 sciat.

1805 539 2075 610 quendum
2120 551 2203 597 est
2249 544 2412 597 etiam
2466 558 2624 613 supra
2682 544 2911 611 positum
2958 546 3252 614 capitulum
3308 562 3374 602 ex

1802 628 2083 697 capitulari
2137 640 2505 702 augustorum,
2560 631 2625 686 de
2672 633 2754 687 his
2810 633 2898 701 qui
2953 634 3069 688 sine
3110 649 3373 691 consensu

1801 719 2040 790 episcopi
2096 723 2440 792 presbyteros
2482 724 2534 778 in
2577 723 2819 778 ecclesiis
2860 725 2973 779 suis
3016 728 3373 793 constituunt,

1801 810 1885 863 vel
1914 812 1978 867 de
2005 813 2245 868 ecclesiis
2269 815 2486 884 eiciunt.

1872 899 1925 952 3.
1970 900 2043 954 De
2086 902 2186 956 hoc
2225 904 2365 972 quod
2394 919 2450 959 se
2480 904 2810 971 reclamavit,
2859 907 2981 977 quia
3014 902 3221 962 Gothus
3251 908 3372 977 qui-

1802 990 1925 1045 dam
1976 990 2275 1047 Matlascius
2314 993 2501 1049 fraude
2545 992 2703 1064 atque
2744 997 3091 1067 subreptione
3120 1011 3215 1067 per
3239 1012 3376 1066 prte-

1804 1092 2017 1151 ccptum
2060 1084 2343 1139 ecclesiam
2378 1088 2550 1140 sancti
2604 1088 2860 1156 Stephani
2891 1088 3122 1143 nobilem
3150 1097 3203 1143 ct
3232 1088 3372 1141 anti-

1803 1188 1963 1242 quam
2014 1172 2347 1242 impetravit;
2400 1175 2509 1242 ubi,
2543 1178 2839 1246 postposito
2880 1176 2975 1231 Dei
3024 1177 3187 1242 cultu,
3233 1174 3376 1230 fteda

1802 1264 2032 1320 etlicitur
2073 1267 2411 1321 conversatio
2443 1268 2791 1332 rusticorum,
2839 1277 2894 1323 et
2928 1267 3175 1322 similiter
3218 1268 3376 1319 Rico—

1804 1357 1989 1412 situlus
2017 1357 2226 1412 Gothus
2270 1356 2455 1411 fraude
2494 1368 2545 1413 et
2573 1359 2918 1426 subreptione
2948 1373 3132 1428 agrum
3178 1364 3376 1411 sancta!

1802 1446 2023 1501 Eulalia:
2063 1462 2160 1516 per
2202 1458 2529 1518 praceptum
2572 1450 2823 1514 obtinuit,
2869 1449 3041 1519 iussio
3087 1448 3228 1519 regia
3264 1448 3377 1501 lucc

1802 1553 1898 1607 per
1938 1539 2119 1594 fideles
2150 1540 2341 1593 missos
2370 1539 2655 1611 diligenter
2686 1555 2749 1595 ac
2795 1540 3065 1594 veraciter
3108 1539 3379 1608 inquirere

1799 1632 2007 1700 iubeat,
2056 1640 2109 1685 et
2141 1632 2310 1702 ipsam
2356 1631 2756 1701 inquisitionem
2790 1648 2885 1703 per
2917 1631 3150 1685 fidelium
3192 1640 3374 1687 custo-

1806 1726 1945 1779 diam
1978 1723 2076 1777 sub
2102 1725 2276 1795 sigillo
2302 1725 2367 1779 ad
2406 1725 2647 1778 notitiam
2671 1740 2822 1779 suam
2852 1724 3077 1794 perferri
3107 1722 3289 1778 faciat.
3314 1724 3379 1778 Et

201 1801 247 1855 2.
284 1802 356 1859 De
395 1806 497 1862 hoc
526 1810 671 1877 quod
701 1827 759 1865 se
799 1814 1133 1881 rcclamavit,
1167 1819 1421 1887 quoniam
1456 1828 1693 1873 castrum
1727 1800 1771 1859 Β
1802 1818 1844 1872 si
1891 1819 2164 1873 inventum
2215 1816 2396 1882 fuerit,
2445 1817 2585 1886 quod
2638 1818 2889 1888 praedicta
2936 1816 3162 1871 ecclesia
3210 1815 3379 1869 sancti

150 1890 508 1952 Terracinense
547 1915 661 1954 sua:
698 1903 968 1958 subditum
998 1908 1273 1976 potestati,
1314 1906 1545 1963 factione
1596 1909 1696 1963 Ba-

146 1981 278 2049 jonis,
306 2002 399 2055 per
427 1992 730 2064 presbyteri
772 1995 1109 2053 insolentiam
1160 2015 1257 2056 suo
1286 2002 1511 2056 resultat
1541 2003 1697 2057 mini-

150 2079 304 2145 sterio,
334 2082 577 2141 definitio
604 2089 810 2157 praefati
840 2090 1159 2147 Antiocheni
1185 2093 1397 2149 eonciIii
1424 2095 1693 2165 sequenda

150 2177 213 2222 est
239 2171 285 2223 in
312 2187 470 2231 causa
500 2177 789 2237 insolentis
814 2183 1136 2255 presbyteri.
1169 2185 1364 2241 Contra
1403 2187 1694 2242 factionem

152 2267 297 2314 autem
322 2261 542 2332 Baianis
588 2275 919 2340 sequendum
957 2282 1040 2329 est
1083 2277 1374 2346 capitulum
1406 2276 1690 2349 Carthagi-

151 2351 301 2406 nensis
326 2356 564 2425 concilii,
603 2374 709 2429 quo
738 2362 936 2419 dicitur
962 2383 974 2417 :
1012 2363 1192 2420 Visum
1223 2377 1295 2421 est
1342 2369 1598 2422 universis
1628 2368 1692 2422 ab

151 2439 510 2510 imperatoribus
556 2453 813 2521 postulari
853 2455 1169 2525 defensores,
1210 2468 1420 2528 propter
1458 2460 1695 2529 aﬁliclio—

152 2548 243 2588 nem
276 2554 579 2609 pauperum,
630 2561 849 2615 quorum
880 2546 1127 2602 molestiis
1151 2549 1263 2603 sine
1298 2548 1687 2604 intermissione

154 2621 369 2696 fatigatur
384 2632 629 2700 ecclesia,
655 2646 709 2689 ut
735 2635 1033 2706 defensores
1056 2638 1130 2691 eis
1160 2639 1407 2693 adversus
1436 2640 1693 2710 potentias

1799 1906 2057 1976 Stephani
2087 1915 2142 1960 et
2185 1920 2312 1974 ager
2346 1914 2547 1959 sanctae
2578 1906 2795 1959 Eulalim
2838 1921 2865 1959 a
2898 1905 3135 1975 praefatis
3180 1903 3376 1958 Gothis

1797 2016 1895 2071 per
1920 2007 2184 2070 prtecepta
2210 1998 2425 2053 obtenta
2457 2005 2601 2062 sunt,
2632 1997 2744 2067 ipsa
2782 2005 3047 2066 praecepta
3085 1996 3378 2049 secundum

1797 2091 1966 2164 legem
1998 2091 2317 2161 sigillcntur.
2364 2098 2421 2143 et
2459 2104 2564 2142 una
2595 2105 2715 2143 cmn
2766 2089 2882 2158 ipsa
2929 2088 3276 2156 inquisitione
3307 2085 3372 2139 ad

1798 2182 2141 2252 praesentiam
2174 2180 2377 2251 regiam
2420 2179 2794 2250 perferantur;
2828 2186 2885 2232 ut
2932 2177 3224 2233 secundum
3250 2173 3374 2243 jura

1796 2272 2054 2338 forensia,
2085 2274 2177 2343 qui
2211 2273 2263 2326 in
2288 2271 2536 2343 precibus
2561 2270 2708 2325 fuere
2742 2269 2967 2332 mentiti,
2997 2284 3100 2323 non
3129 2268 3232 2322 illis
3255 2283 3381 2337 pro-

1798 2366 1908 2422 sint
1940 2380 2058 2434 quaa
2088 2365 2534 2433 impetraverunt,
2558 2371 2611 2415 et
2638 2362 2710 2415 ibi
2746 2369 2969 2415 careant
3000 2361 3113 2429 ipso
3142 2360 3374 2427 scripto-

1798 2472 1917 2511 rum
1960 2453 2225 2511 benetlcio
2259 2469 2365 2523 quo
2410 2452 2770 2524 perducentur
2815 2452 3095 2521 rescripta,
3131 2458 3183 2501 ct
3235 2448 3380 2517 regia

1799 2546 2200 2618 magnificentia
2247 2545 2472 2615 recipiat
2497 2544 2640 2613 quod
2685 2552 2769 2597 est
2817 2542 2900 2596 sui
2942 2540 3082 2607 juris
3128 2538 3383 2592 Barcino-

1798 2641 1984 2695 nensis
2010 2637 2258 2695 ecclesia.

889 2795 1281 2853 HLUDOWICI
1321 2798 1363 2852 ll
1396 2798 1866 2857 IMPERATORlS
1901 2797 2244 2856 CAPITULA
2284 2796 2598 2852 DIVERSA.

1598 2913 1723 2982 (An.
1751 2914 1900 2986 875.)

212 3018 694 3098 Exstantcapitula
719 3024 855 3098 luec_
864 3023 914 3077 in
946 3024 1129 3098 codice
1157 3025 1513 3098 Agitabrosiano
1532 3068 1545 3089 ,
1569 3040 1882 3098 eorumque
1927 3026 2180 3098 nonnulla
2210 3026 2281 3098 Ain
2324 3025 2596 3098 codicibus
2614 3024 2785 3098 etiam
2814 3023 3147 3098 Florentino,
3178 3022 3379 3098 Vindo-

157 3085 361 3161 boncnsi.
393 3085 697 3147 Vcrimcnsi
728 3102 782 3148 ct
815 3093 1051 3149 Estensi.
1079 3093 1294 3151 Codicis
1331 3085 1672 3151 Ambrosiani
1714 3085 2001 3152 lectionem
2048 3096 2259 3150 Blumio
2308 3104 2496 3149 nostro
2544 3094 2818 3154 debemus,
2854 3108 3084 3161 eamque
3132 3085 3182 3146 iu
3212 3095 3375 3148 restio

159 3160 323 3238 tuendo
360 3170 506 3238 testu
544 3162 813 3238 prtecipue
839 3165 1025 3238 secuti
1055 3179 1261 3238 sumus.
1305 3166 1571 3238 Videntur
1598 3167 1663 3238 ad
1711 3167 2089 3238 episcoporum
2126 3164 2393 3236 quoddam
2446 3165 2766 3233 rescriptum
2818 3164 3240 3238 consultationis
3257 3178 3383 3238 pro.

162 3228 352 3307 mulgata
374 3228 567 3295 fuisse,
585 3228 749 3307 cuius
776 3233 853 3287 rei
888 3234 1113 3307 vestigia
1140 3237 1317 3305 capite
1343 3236 1413 3291 29
1453 3236 1505 3291 in
1533 3228 1759 3292 vocibus
1784 3228 1940 3307 super
1964 3228 2161 3307 quibus
2201 3251 2413 3307 necesse
2439 3245 2511 3307 est
2548 3244 2601 3307 ut
2620 3228 3085 3307 "vestracelsitudo
3106 3228 3384 3307 comitibus

161 3300 400 3375 prtt’cipint
424 3302 783 3375 ex_t_'e_latione
817 3300 1293 3375 episcoporum'ad
1323 3308 1699 3375 imperatorem
1727 3300 1987 3361 exstantf
2008 3300 2339 3372 Subiicimus
2386 3305 2619 3374 capitula
2659 3305 2765 3358 duo
2809 3304 2862 3357 in
2896 3302 3171 3359 codicibus
3203 3302 3387 3358 sazculi

163 3376 204 3417 si
225 3364 467 3426 Ludovico
499 3370 549 3425 ll
575 3364 890 3441 imperatoii
919 3364 1172 3443 ascripta,
1200 3390 1319 3445 qua:
1340 3364 1488 3431 ce'rto
1516 3376 1677 3431 alicui
1700 3390 1842 3432 anno
1874 3364 2154 3446 assignare
2179 3364 2535 3445 nequivimus.

164 3498 319 3571 Incipit
357 3505 592 3610 capitgtiia
633 3522 919 3610 sicufaum
960 3506 1174 3560 Lodoici
1221 3508 1551 3610 imperatoris
1583 3508 1694 3574 ³⁸⁸⁸,
1727 3495 1773 3559 C

543 3592 619 3610 ηη
691 3586 741 3610 ns
784 3594 861 3610 nn
886 3578 1209 3610 ηιιηονηιηνὲο

467 3574 619 3645 ﬁlius
646 3575 863 3630 Lothari
886 3578 1209 3646 imperatoris
1237 3578 1278 3608 ¹²

224 3658 267 3712 l-
298 3662 366 3718 De
391 3664 618 3722 incestis
643 3666 1112 3734 coniunctionibus
1140 3667 1228 3723 hic
1253 3669 1618 3738 prsecipimus,
1646 3679 1707 3726 ut

167 3750 309 3808 nullus
352 3756 603 3829 deinceps
646 3758 1025 3830 propinquam,
1059 3775 1161 3816 nec
1206 3776 1365 3831 quam
1410 3764 1703 3834 propincus

170 3840 547 3909 abnit,~uxorem
579 3850 757 3905 ducat.

219 3933 267 3988 2.
302 3936 365 3993 Ut
393 3940 721 3997 omnimodis
748 3942 1152 4014 diligentissima
1184 3944 1584 4002 examinatione
1620 3961 1705 4001 se-

170 4025 362 4082 cundum
390 4032 651 4099 scriptam
682 4031 879 4102 legem,
903 4034 1079 4101 'quam
1111 4033 1413 4090 diutissime
1443 4033 1557 4089 fieri
1584 4048 1706 4106 pos-

170 4110 224 4163 sit
248 4111 326 4151 "7°
344 4115 483 4185 iusto
511 4119 736 4190 judicio,
780 4122 1029 4178 omnibus
1072 4138 1200 4178 usus
1221 4122 1512 4192 jurameuti
1558 4125 1706 4195 proi-

167 4200 347 4272 bentur,
392 4220 451 4266 ut
506 4211 619 4267 Deo
660 4214 933 4280 donante,
978 4216 1308 4272 consuetudo
1346 4218 1580 4287 pessima
1612 4218 1702 4250 ¹²⁷¹

165 4291 353 4361 periurii
379 4316 407 4353 a
436 4302 737 4358 christiano
763 4306 960 4374 populo
1005 4307 1301 4363 auferatur.
1342 4307 1545 4363 Tamen
1586 4324 1707 4364 om-

168 4381 271 4440 nino
300 4389 382 4423 "7’
406 4393 579 4460 fiant,
633 4396 869 4452 universi
904 4398 995 4428 ""3
1024 4398 1366 4453 nullathenus
1406 4400 1508 4455 hoc
1576 4415 1707 4456 con-

172 4481 341 4539 sentire
362 4486 625 4544 volumus.
658 4488 762 4545 Sed
804 4491 843 4544 si
874 4489 996 4560 quis
1024 4490 1075 4544 in
1105 4490 1344 4559 periurio
1372 4490 1539 4546 fuerit
1560 4507 1703 4546 com-

170 4571 411 4643 probatus,
435 4588 526 4633 aut
562 4595 781 4634 manum
806 4580 1083 4635 dexteram
1111 4581 1202 4613 "7‘
1231 4583 1438 4651 perdat,
1467 4594 1559 4637 aut
1582 4599 1703 4638 eam

171 4663 424 4721 mcundum
476 4669 735 4738 scriptam
787 4671 957 4739 legem
1010 4671 1261 4741 redimat,
1306 4682 1360 4727 et
1409 4689 1701 4743 numquam

171 4758 366 4826 amplius
398 4764 450 4818 in
474 4766 622 4822 nullo
641 4765 844 4834 iudicio
881 4758 952 4821 ad
975 4766 1067 4799 ¹²⁷⁸
1093 4777 1493 4822 sacramentum
1518 4767 1703 4822 venire

170 4853 477 4911 permittatur
502 4858 613 4910 “7‘.

224 4941 271 4997 5.
306 4946 686 5019 Comperimus,
712 4953 854 5022 quod
884 4953 949 5008 ab
980 4954 1064 5008 his
1097 4953 1188 5022 qui
1216 4956 1509 5009 secundum
1541 4970 1700 5010 mun-

172 5026 333 5089 danam
361 5036 529 5107 legem
568 5041 851 5096 viduarum
886 5050 940 5096 et
987 5041 1299 5097 orfanorum
1345 5045 1566 5099 tutelam
1599 5044 1701 5099 sibi

170 5124 440 5198 vendicant,
466 5149 571 5188 non
596 5134 768 5189 solum
794 5135 1155 5207 negliguntur,
1185 5136 1279 5193 scd
1306 5138 1470 5192 etiam
1497 5138 1702 5208 aliquo-

174 5211 289 5269 tiens
309 5224 708 5292 opprimuntur;
730 5227 926 5296 quibus
948 5227 1317 5284 ecclesiastica
1343 5229 1703 5285 sollicitudine

174 5311 556 5369 succurrendum
594 5330 717 5371 esse
757 5331 1056 5372 censemus.
1093 5318 1161 5373 Et
1206 5320 1250 5373 si
1280 5319 1582 5389 huiusmodi
1613 5336 1708 5391 op-

174 5403 415 5457 Pressores
444 5406 507 5460 ad
538 5408 897 5478 episcopalem
928 5408 1347 5471 admonitionem
1385 5412 1585 5482 corrigi
1618 5428 1709 5467 vo-

1801 3504 2019 3570 luerint,
2050 3502 2424 3575 gratulandum
2464 3501 2549 3556 his
2574 3510 2676 3556 est.
2713 3500 2807 3556 Sin
2842 3510 3020 3556 autem
3050 3502 3101 3556 in
3144 3501 3386 3557 obstina-

1806 3593 1971 3648 tionis
2019 3593 2295 3661 impietate
2338 3592 2669 3657 duraverint,
2716 3592 3109 3661 suggerendum
3140 3590 3377 3647 clemeno

1805 3683 2018 3738 tissime
2048 3682 2378 3755 imperatori,
2409 3691 2674 3751 quatenus
2703 3682 2815 3750 ipse
2843 3679 3112 3735 etIicacem
3143 3689 3375 3736 tutorem

1804 3774 1886 3830 eis
1917 3774 2149 3838 tribuat;
2181 3780 2239 3826 ut
2280 3781 2334 3826 et
2378 3772 2452 3825 illi
2500 3772 2865 3826 remuneratio
2896 3771 3154 3826 reddatur
3183 3787 3213 3825 a
3248 3773 3382 3838 Deo,

1805 3865 1954 3920 etde
1995 3863 2169 3919 inutili
2225 3863 2441 3919 silentio
2496 3863 2847 3919 sacerdotalis
2898 3863 3032 3917 ordo
3074 3877 3180 3916 non
3226 3863 3382 3915 datu-

1807 3964 1981 4012 netur.

1838 4076 1908 4141 “'4
1935 4087 2045 4138 ηπ.
2087 4087 2157 4142 Ut
2186 4086 2364 4142 nullus
2392 4087 2793 4142 ecclesiasticus
2818 4086 3018 4141 femina
3064 4101 3249 4141 secum
3283 4088 3381 4141 ha-

1809 4175 1937 4230 bere
1965 4183 2334 4246 praesummat.
2362 4174 2418 4230 Si
2456 4175 2740 4247 presbyter
2767 4174 2948 4240 fuerit,
2980 4183 3073 4228 aut
3101 4174 3382 4240 diaconus,

1807 4272 1900 4319 aut
1936 4265 2242 4337 episcopus,
2296 4266 2364 4321 ab
2403 4266 2593 4320 ordine
2645 4263 2964 4334 deponatur.
3025 4263 3083 4318 Si
3132 4263 3382 4331 clericus,

1809 4359 1983 4413 nudus
2037 4360 2103 4414 ad
2153 4359 2335 4429 palum
2385 4358 2698 4429 vapuletur;
2747 4364 2803 4412 et
2850 4356 3048 4413 femina
3095 4371 3217 4428 quin
3260 4369 3385 4411 eum

1790 4449 2104 4513 consensit,
2146 4449 2393 4504 similiter
2425 4448 2709 4517 vapuletur
2738 4456 2793 4503 et
2818 4448 2993 4517 capud
3025 4447 3117 4481 ¹¹⁷⁸
3148 4447 3381 4503 tondan-

1804 4551 1920 4605 tur;
1965 4542 2088 4610 quia
2137 4541 2217 4595 sic
2252 4540 2383 4595 dicit
2414 4538 2691 4607 Scriptura
2724 4538 2856 4593 Dei:
2896 4538 3140 4593 membra
3184 4537 3386 4593 Christi

1805 4634 1912 4688 noli
1942 4641 2161 4701 tangere
2200 4631 2520 4686 meretricis.

1876 4774 1930 4829 5.
1972 4774 2048 4829 De
2086 4772 2370 4842 cpiscOpis,
2404 4770 2752 4841 presbyteris,
2784 4769 3100 4825 diaconibus
3128 4768 3212 4824 vel
3240 4777 3385 4825 cete-

1731 4895 1783 4955 Β
1808 4864 1883 4918 ris
1932 4864 2208 4919 interdixit
2233 4862 2323 4894 ¹²⁷⁹
2353 4876 2450 4931 per
2486 4862 2666 4917 omnia
2708 4876 2962 4932 magnum
3012 4862 3279 4925 sinodum,
3323 4868 3384 4915 ut

1809 4956 1939 5009 nulli
1971 4954 2284 5025 presbytero
2310 4964 2471 5024 atque
2502 4954 2729 5008 diacono
2758 4954 2871 5007 sive
2911 4953 3110 5009 clerico
3138 4953 3381 5007 introdu-

1810 5058 1949 5103 ctam
1980 5062 2084 5102 non
2110 5047 2281 5102 liccad
2320 5047 2413 5077 ¹²⁸⁰
2440 5047 2601 5101 abere
2646 5044 2944 5113 mulierem,
2970 5043 3126 5100 simul
3155 5058 3257 5098 nec
3296 5057 3387 5096 an-

1808 5145 2008 5210 cillam,
2041 5160 2141 5199 nec
2172 5144 2355 5210 aliam,
2381 5159 2501 5214 qua:
2552 5144 2604 5199 in
2633 5144 2944 5214 opinionem
2990 5141 3240 5198 adulterii
3270 5155 3385 5194 ma-

1809 5243 1941 5289 nent
1987 5242 2082 5288 aut
2108 5233 2458 5298 difamantur,
2494 5232 2599 5288 nisi
2649 5232 2785 5286 forte
2815 5239 3062 5291 matrem,
3096 5239 3189 5282 aut
3234 5241 3385 5282 soro-

1810 5340 1947 5388 rem,
1981 5334 2073 5378 aut
2114 5324 2355 5377 amitam.
2388 5322 2561 5378 Simul
2609 5336 2708 5376 nec
2743 5330 2799 5377 et
2844 5320 2896 5374 in
2940 5320 3057 5388 ipsa
3106 5332 3255 5382 casa,
3291 5316 3381 5370 ubi

1813 5418 1957 5487 ipsas
1999 5427 2241 5482 manent,
2285 5430 2405 5470 esse
2456 5431 2564 5469 non
2612 5414 2824 5483 debent.
2875 5411 2942 5466 Et
2977 5409 3067 5478 qui
3111 5423 3176 5463 oc
3206 5407 3384 5462 facere

1411 5510 1637 5565 VARle
1678 5512 2077 5570 LECTIONES.

234 5599 311 5635 ηοο
338 5598 641 5671 utrarith
663 5615 780 5669 cod.
861 5612 951 5644 ιη’
982 5600 1193 5669 mritis
1217 5615 1331 5669 cod.

170 5598 780 5682 i'miupsritTScod.
861 5600 1331 5669 ""IMtTtTncod.
1434 5614 1777 5682 “"poxitc.
1856 5596 2291 5679 "'“peximac.
2370 5600 2597 5682 ""075;
2650 5624 2755 5664 nox
2798 5598 2961 5682 aiio.
3043 5606 3381 5682 ""_imcod-

176 5661 429 5740 Lf’gcndum
457 5698 561 5735 esse
581 5661 787 5740 itidetur
815 5698 832 5736 :
880 5685 925 5739 si
952 5685 1188 5739 universi
1215 5685 1317 5738 hoc
1342 5661 1648 5739 consent'ire
1686 5686 1889 5738 volunt.

2858 5678 2949 5710 1216

2508 5681 2599 5711 ειη
2627 5696 2678 5732 τι,
2712 5695 2757 5731 ε.
2858 5678 2949 5710 mo
2980 5676 3302 5748 permittitur
3328 5693 3374 5728 c.

1999 5683 2092 5714 "7‘
2116 5684 2353 5737 destram
2381 5699 2426 5735 c.

196 5734 252 5768 ’⁷⁷
280 5758 417 5802 caput
438 5734 487 5805 in
511 5734 1314 5818 una};satiassatias};
1335 5734 1901 5808 .Iia‘c'r‘gzaa;”"im
1930 5771 2023 5809 eoa:
2062 5734 2421 5808 superaddita.
2501 5750 2590 5781 ατο
2622 5749 2875 5806 interdixi
2910 5734 2995 5802 c.‘
3040 5747 3128 5778 ιηο
3162 5746 3298 5801 ticatt
3328 5761 3374 5798 ε.
