3874 5340
543 273 649 361 753

1243 275 1531 353 Arriano.
1573 295 1666 352 AD
1699 295 1871 352 smn.
1913 293 1980 349 x.
2024 326 2088 334 .-
2123 294 2566 374 nonnum“
2606 298 3091 357 DlPLOMATlCA.
3681 301 3761 362 πθ

543 429 708 470 ausus
735 411 919 476 fuerit,
950 411 1188 466 bannum
1220 419 1465 466 nostrum
1500 426 1531 466 a
1565 418 1721 481 parte
1751 416 1938 465 nostra
1975 423 2122 465 com-
2151 415 2197 474 Α
2226 412 2456 483 pinquos
2483 428 2610 469 suos
2631 414 2932 485 expedendi
2977 409 3458 484 reprehensionem
3506 426 3707 472 caveant
3723 433 3765 477 et

616 515 729 561 nat.

616 522 729 561 nar.

539 522 666 650 p06.
711 593 780 648 Ut
817 594 1183 662 unusquisque
1231 591 1518 663 presbyter
1568 608 1657 648 res
1702 608 1829 648 suas
1871 608 2009 663 quas
2031 593 2122 624 ¹²⁸¹

543 696 667 758 post
698 686 838 740 diem
871 684 1301 740 consecracionis
1341 685 1723 756 adquisierint,
1754 685 1988 756 propria:
2037 700 2126 740 cc-

543 776 720 833 clesia:
752 775 1076 846 relinquam.

614 868 668 919 7.
711 865 883 920 llomo
937 864 1003 919 de
1051 872 1194 920 statu
1246 879 1345 921 suo
1392 865 1658 937 pulsatus,
1699 866 1745 921 si
1783 866 1830 921 is
1868 865 1961 935 qui
2001 881 2124 920 eum

542 956 741 1025 pulsat,
800 955 868 1010 ad
927 956 1251 1011 vincendum
1302 957 1448 1012 illum
1496 958 1804 1028 procinctos
1854 957 2124 1024 imbuerit,

542 1045 798 1100 adhibeat
849 1045 951 1101 sibi
989 1057 1114 1101 octo
1146 1046 1417 1116 legitimos
1442 1049 1716 1119 juratores
1752 1064 1817 1102 ex
1863 1063 1926 1102 ea
1974 1055 2127 1118 parte

542 1134 684 1188 unde
711 1134 977 1204 pulsatur,
1009 1135 1124 1190 site
1154 1135 1244 1190 illa
1276 1145 1504 1206 paterna
1530 1139 1645 1193 sive
1679 1147 1924 1193 materna
1955 1139 2042 1202 sit,
2073 1149 2129 1194 et

541 1234 774 1293 quatuor
820 1226 1035 1282 aliunde
1083 1243 1190 1282 non
1237 1229 1416 1284 minus
1459 1229 1765 1301 legitimos;
1798 1240 1853 1284 et
1893 1230 2126 1301 iurando

543 1315 780 1370 vindicet
809 1315 1115 1372 libertatem
1161 1334 1334 1373 suam.
1367 1320 1521 1386 Quod
1563 1321 1607 1375 si
1636 1321 1904 1391 procincti
1944 1320 2128 1376 defue-

544 1408 677 1472 rint,
721 1417 966 1463 assumat
1005 1409 1380 1480 undecumque
1426 1412 1494 1466 l2
1537 1411 1737 1468 liberos
1781 1413 2046 1480 homines,
2075 1422 2130 1468 et

537 1501 774 1569 iurando
805 1503 1191 1573 ingenuitatem
1221 1519 1371 1558 suam
1401 1504 1676 1560 defendat.

619 1591 671 1645 8.
715 1591 927 1646 Placuit
970 1593 1125 1647 nobis
1170 1601 1225 1648 ul
1265 1609 1327 1648 ec
1365 1593 1457 1625 ¹²⁸²
1485 1593 1722 1664 capitula
1757 1595 1848 1627 ¹²⁸³
1876 1610 1998 1664 qua:
2031 1610 2128 1650 ex-

544 1684 846 1754 cerpsimus
875 1683 967 1716 ¹²⁸⁴
995 1685 1061 1739 de
1108 1684 1406 1755 capitulare
1459 1686 1561 1740 avii
1600 1686 1690 1717 ³³⁸³
1719 1688 1887 1742 nOStri
1920 1685 2128 1750 Karoli,

2228 504 2571 560 discretionis
2596 505 2814 560 modum
2845 513 3083 560 teneant.
3115 503 3387 571 Quoniam
3419 503 3568 558 multi
3595 508 3763 576 episce-

2226 609 2418 664 porum
2444 609 2628 650 amore
2678 596 3104 665 propinquorum
3149 608 3374 650 suorum
3411 592 3480 649 de
3506 594 3652 652 rebus
3689 601 3763 655 sibi

2226 685 2618 742 commendatis
2661 701 2761 741 suo
2821 695 2917 740 aut
2961 685 3202 756 quolibet
3251 683 3558 740 amicorum
3593 690 3765 748 nomine

2228 775 2428 845 pnedia
2447 783 2500 831 et
2523 775 2786 844 mancipia
2819 785 3026 842 eruunt,
3054 783 3110 830 et
3137 783 3197 829 ut
3247 774 3304 829 in
3333 790 3557 830 suorum
3586 780 3762 848 prepin-

2228 882 2456 937 quorum
2502 865 2592 935 jus
2642 868 3018 923 conducantur
3044 875 3312 923 statuunt.
3342 865 3413 921 Et
3440 867 3510 922 ob
3555 867 3645 924 hoc
3672 870 3763 940 jura

2228 957 2596 1012 ecclesiastica
2625 957 3004 1014 convclluntur
3045 966 3102 1012 et
3150 956 3518 1012 ministerium
3563 963 3764 1015 sacerdo-

2233 1048 2337 1102 tale
2365 1047 2631 1114 fuscatur,
2663 1049 2771 1104 imo
2792 1048 2862 1104 ab
2890 1048 3122 1104 subditis
3157 1048 3466 1104 detrahitur
3495 1048 3582 1080 "9'
3603 1058 3650 1104 et
3669 1065 3763 1106 cono

2232 1140 2508 1194 temnitur.
2536 1139 2746 1196 Placuit
2773 1140 2956 1211 itaque
2982 1140 3137 1195 nobis
3170 1139 3450 1204 omnibus,
3483 1146 3538 1192 ut
3562 1139 3762 1211 deinceps

2232 1231 2334 1286 hoc
2359 1230 2601 1286 avaritia:
2632 1247 2801 1303 genus
2823 1240 3112 1297 caveatur;
3143 1231 3423 1300 ﬁxumque
3457 1229 3640 1286 abhinc
3661 1240 3705 1286 et
3722 1232 3761 1287 in

2230 1330 2550 1394 perpetuum
2583 1339 2905 1379 mansurum
2926 1338 3046 1380 esse
3062 1323 3428 1386 decrevimus,
3457 1328 3514 1375 ut
3537 1322 3764 1391 episeOpus

2231 1413 2298 1468 de
2321 1415 2484 1470 rebus
2511 1416 2591 1469 sui
2622 1413 2786 1484 juris,
2815 1430 2950 1484 quas
2977 1423 3104 1470 ante
3127 1414 3499 1484 episcopatum
3526 1422 3612 1466 aut
3651 1421 3763 1468 certe

2233 1503 2287 1558 in
2306 1505 2622 1576 episcopatu
2655 1505 2980 1560 hereditaria
3006 1503 3357 1561 successione
3382 1503 3670 1574 adquisivit,
3701 1518 3764 1558 se-

2232 1595 2467 1649 cundum
2505 1595 2891 1650 auctoritatem
2941 1595 3259 1650 canonicam
3308 1593 3567 1664 quidquid
3594 1593 3761 1648 vultla-

2233 1685 2344 1738 ciat
2365 1685 2477 1752 “'9,
2506 1692 2562 1740 et
2585 1685 2671 1740 cui
2697 1684 2812 1740 vult
2834 1684 3104 1741 conferat.
3155 1683 3460 1754 Postquam
3487 1691 3648 1738 autem
3681 1684 3762 1752 epi-

543 1775 611 1830 ed
653 1775 834 1829 domni
879 1776 1109 1846 genitori
1133 1776 1227 1808 “8°
1256 1777 1426 1832 nostri
1458 1777 1718 1834 Ludovici
1760 1778 2127 1850 imperatoris,
2162 1778 2202 1837 Β
2232 1789 2428 1846 scopus
2457 1775 2634 1832 factus
2655 1785 2756 1844 est,
2785 1791 3152 1847 quascumque
3180 1791 3268 1832 res
3295 1777 3365 1831 de
3389 1775 3621 1830 ecclesiae
3639 1774 3761 1829 facul-

549 1865 634 1920 his
662 1867 914 1921 oxnnibus
943 1874 998 1922 et
1039 1866 1289 1924 ﬁdelibus
1330 1871 1531 1926 nostris
1571 1879 1626 1924 et
1657 1879 1859 1926 sancta:
1889 1871 2133 1926 ecclesiae

546 1961 600 2010 in
638 1973 804 2028 regno
844 1959 1011 2013 italia:
1045 1960 1466 2015 consistentibus
1497 1976 1593 2032 per
1623 1961 1796 2034 legem
1843 1971 2133 2016 teneantur

545 2058 597 2103 et
650 2059 950 2106 serventur.
1013 2051 1080 2106 Et
1133 2052 1460 2122 quicumque
1526 2053 1718 2109 horum
1773 2052 2131 2123 capitulorum

548 2155 855 2201 contemtor
889 2147 1152 2214 extiterit,
1192 2147 1260 2201 60
1289 2146 1487 2202 solidos
1515 2156 1806 2217 componat
1835 2147 1954 2203 "3'.

619 2240 652 2293 9
681 2237 794 2290 ηδε.
836 2239 1050 2293 Dictum
1097 2247 1180 2294 est
1223 2237 1400 2305 nobis,
1450 2238 1590 2293 utin
1643 2237 1963 2308 quibusdam
1999 2237 2134 2294 locis

549 2330 836 2402 cpiscopus
872 2333 939 2386 et'
959 2345 1141 2387 comes
1173 2331 1265 2362 “"9
1293 2333 1360 2386 ab
1397 2329 1720 2386 incestuosis
1746 2339 1802 2386 et
1831 2331 1899 2386 ah
1926 2331 2013 2386 his
2042 2333 2133 2402 qui

550 2423 792 2476 decimas
829 2438 937 2476 non
976 2422 1130 2489 dant,
1183 2422 1406 2493 guadias
1432 2422 1524 2454 "9°
1549 2422 1835 2492 accipiant,
1866 2432 1920 2478 et
1943 2437 1975 2477 a
2013 2437 2136 2494 pre-

550 2514 786 2584 sbyteris
825 2512 1147 2582 quibusdam
1179 2513 1597 2584 negligentibus,
1626 2520 1681 2568 et
1719 2512 1859 2568 inter
1883 2528 1942 2568 se
1969 2527 2134 2583 pecu-

551 2605 675 2658 nias
700 2603 944 2657 dividant
971 2603 1100 2668 “9‘;
1131 2605 1275 2674 quod
1299 2603 1515 2674 penitus
1540 2601 1868 2659 abolendum
1898 2602 2139 2658 decerni-

550 2710 696 2760 mus,
714 2692 794 2749 ‘ne
824 2693 965 2749 forte
985 2695 1232 2750 avaritia:
1257 2695 1407 2750 locus
1433 2695 1610 2750 detur.
1638 2695 1704 2750 Et
1733 2696 2135 2762 constituimus,

555 2797 614 2840 ut
653 2787 998 2842 incestuosus
1031 2787 1186 2856 juxta
1224 2788 1540 2842 canonicam
1587 2787 1914 2843 sententiam
1960 2789 2137 2857 parui-

555 2879 726 2932 tezztia
773 2878 1082 2933 mulctetur.
1113 2878 1214 2946 Qui
1249 2894 1376 2933 vero
1423 2879 1686 2934 decimam
1713 2881 1852 2948 'post
1883 2888 1994 2935 tres
2027 2895 2142 2935 ant-

555 2971 886 3026 monitioncs
913 2981 969 3026 et
1009 2971 1449 3040 praedicationem
1504 2971 1849 3026 sacerdotum
1877 2972 2008 3026 dare
2047 2986 2143 3027 ne-

559 3062 822 3135 glexerit,
864 3063 1391 3118 exeouuuunicctur.
1456 3060 1775 3118 Juramento
1829 3079 1962 3120 vero
2014 3078 2138 3120 eum

557 3155 858 3226 constringi
898 3155 1172 3222 nolumus,
1202 3165 1426 3226 propter
1454 3155 1753 3225 periculum
1783 3155 2028 3226 periurii.

628 3245 716 3300 10.
758 3245 1062 3300 Statuimus
1087 3247 1170 3299 'de
1218 3245 1465 3310 decimis,
1514 3246 1658 3301 unde
1695 3245 1810 3317 jam
1851 3247 1996 3303 inter
2023 3247 2139 3318 epi-

560 3350 728 3406 scopo
756 3350 852 3391 seu
881 3335 1106 3406 reliquis
1132 3335 1526 3401 sacerdotibus,
1557 3347 1612 3392 et
1636 3337 1924 3392 comitibus
1946 3348 2001 3393 et
2025 3354 2143 3394 vas-

561 3427 638 3482 sis
679 3437 733 3482 et
780 3426 1005 3496 reliquis
1051 3425 1300 3482 ﬁdelibus
1342 3427 1546 3482 nostris
1587 3427 1786 3483 multas
1818 3429 1909 3461 ¹²⁹²
1936 3428 2144 3484 audivi-

561 3533 685 3573 mus
717 3517 1044 3572 intcntiones
1075 3534 1088 3570 :
1117 3527 1201 3573 set
1256 3517 1303 3572 si
1349 3517 1504 3572 edem
1535 3517 1650 3573 sive
1677 3519 1734 3574 in
1766 3534 1862 3574 sua
1902 3519 2146 3591 proprie—

559 3617 671 3664 tate
719 3609 942 3675 habeat,
991 3609 1133 3664 sicut
1174 3608 1228 3662 in
1279 3609 1584 3679 capitularev
1629 3609 1984 3666 constitutum
2038 3620 2143 3677 est,

561 3701 677 3769 ipsa
735 3699 942 3755 decima
978 3700 1046 3754 de
1087 3715 1187 3755 suo
1217 3700 1376 3755 domo
1427 3700 1608 3756 coltile
1649 3701 1811 3757 rebus
1851 3701 1907 3757 in
1956 3702 2144 3757 eadem

562 3792 794 3849 ecclesia
837 3793 1186 3849 concedimus
1215 3810 1228 3846 :
1260 3793 1375 3863 ipse
1413 3793 1667 3850 sacerdos
1696 3795 1790 3865 qui
1832 3794 1905 3849 ibi
1934 3795 2146 3850 ordina-

561 3895 651 3938 tus
675 3884 856 3950 fuerit,
882 3885 997 3956 ipsa
1018 3885 1228 3940 decima
1255 3884 1531 3956 dispenset
1566 3897 1664 3956 pro
1690 3885 2002 3953 luminaria,
2033 3887 2148 3941 sive

561 3976 874 4032 elemosinis
902 3976 1225 4032 distribuad.
1263 3976 1569 4033 Statuimus
1598 3977 1665 4033 de
1691 3993 1819 4034 suos
1842 3988 2146 4045 manentes,

564 4069 657 4139 qui
692 4068 746 4122 in
774 4069 961 4124 eadem
992 4068 1249 4138 parochia
1291 4077 1696 4126 commanentes
1723 4071 1815 4102 “9'
1843 4079 1990 4135 sunt,
2033 4071 2148 4142 ipsa

565 4159 780 4214 decima
827 4174 858 4213 a
886 4159 1060 4229 .plebe
1101 4159 1374 4227 donetur.,
1403 4158 1473 4212 Et
1520 4159 1564 4214 si
1619 4159 2049 4215 contradixerint
2087 4177 2149 4216 ea

568 4252 682 4317 ιω,
714 4250 928 4320 publice
952 4250 1370 4322 distringantur,
1394 4250 1534 4306 sicut
1564 4249 1625 4306 in
1642 4249 1941 4322 capitularc
1965 4260 2151 4308 nostro

567 4342 968 4398 constituimus.

637 4436 724 4489 ll.
761 4435 835 4490 De
864 4434 1189 4505 propincuas
1221 4435 1315 4468 ⁸³⁸³
1335 4450 1442 4491 non
1496 4437 1839 4508 accipiendas
1866 4438 1921 4493 in
1965 4437 2152 4510 conju-

2235 1868 2437 1924 tatibus
2465 1878 2560 1925 aut
2595 1883 2696 1924 suo
2728 1876 2821 1924 aut
2853 1868 3079 1924 alterius
3107 1867 3331 1923 nomine
3358 1865 3591 1938 qualibet
3614 1865 3758 1921 condi-

2236 1962 2384 2018 tione
2407 1963 2829 2032 comparaverit,
2862 1961 3203 2018 decrevimus
3253 1969 3453 2015 utnon
3507 1960 3558 2014 in
3594 1959 3760 2029 propin-

2233 2069 2462 2125 quorum
2485 2069 2727 2120 suorum,
2754 2054 2849 2109 sed
2910 2054 2964 2108 in
3023 2052 3271 2109 ecclesiae
3325 2051 3417 2106 cui
3467 2058 3642 2121 praeest
3670 2049 3758 2118 jura

2236 2145 2548 2202 deveniant.
2581 2145 2845 2201 Similiter
2873 2145 2939 2201 de
2971 2143 3310 2216 presbyteris
3346 2142 3433 2199 vel
3483 2141 3758 2203 diaconibus,

2234 2237 2327 2308 qui
2362 2237 2429 2293 de
2459 2237 2815 2293 ecclesiarum
2840 2237 2998 2292 rebus
3019 2236 3216 2306 quibus
3268 2241 3511 2305 praesunt
3543 2231 3704 2302 praedia
3719 2239 3758 2284 et

2235 2329 2511 2400 mancipia
2557 2343 2622 2384 co
2671 2328 2832 2383 modo
2881 2336 3092 2393 emunt,
3144 2325 3456 2382 faciendum
3501 2323 3756 2382 statuimus;

2236 2421 2496 2492 quoniam
2533 2419 2732 2474 multos
2757 2419 3104 2490 presbyteros
3130 2417 3422 2474 occasione
3451 2415 3615 2470 taliter
3634 2420 3755 2467 emta-

2237 2527 2355 2566 rum
2381 2525 2563 2566 rerum
2615 2511 2876 2565 ecclesias
2921 2507 3119 2580 quibus
3170 2515 3414 2578 prmsunt
3441 2504 3701 2574 disparasse
3719 2509 3755 2553 et

2237 2601 2527 2659 oliendisse
2556 2610 2610 2657 et
2640 2600 2920 2671 spoliasse,
2949 2609 3004 2656 et
3045 2615 3204 2654 suum
3233 2598 3588 2653 ministerium
3620 2592 3755 2647 multis

2239 2697 2414 2753 modis
2447 2694 2802 2758 exorbitasse,
2836 2703 2892 2748 et
2917 2691 3130 2746 diabolo
3160 2705 3219 2746 se
3247 2688 3596 2759 mancipasse,
3621 2691 3661 2738 et
3680 2683 3753 2735 hac

2238 2787 2528 2842 occasione
2549 2783 2747 2839 multos
2772 2783 3036 2839 laicorum
3077 2781 3130 2835 in
3172 2779 3488 2836 scandalum
3516 2771 3751 2832 damnatio-

2240 2876 2326 2930 nis
2357 2883 2412 2932 et
2457 2873 2781 2945 perditionis
2826 2871 3120 2942 deperisse,
3171 2868 3554 2940 comperimus.
3593 2863 3648 2919 Et
3669 2860 3755 2916 ideo

2241 2983 2351 3023 non
2387 2966 2647 3022 debemus
2671 2974 2799 3020 ante
2847 2973 3061 3034 tempus
3089 2977 3184 3032 per
3235 2961 3615 3032 suspectionem
3649 2955 3755 3024 judi-

2241 3062 2378 3129 cari,
2433 3060 2529 3118 sed
2577 3059 2854 3131 patienter
2905 3056 3202 3126 expectari,
3251 3056 3427 3111 donec
3461 3054 3564 3124 ipsa
3606 3050 3752 3104 veritas

2246 3152 2533 3208 manifesta
2563 3151 2680 3217 ﬁat,
2722 3159 2904 3206 utrum
2935 3148 3025 3180 ¹³⁰⁰
3050 3147 3221 3215 magis
3251 3144 3503 3203 audiendi
3525 3158 3586 3198 an
3608 3141 3753 3209 impro-

2244 3245 2405 3301 handi
2427 3245 2616 3302 simus.

2317 3337 2404 3393 l5.
2435 3335 2850 3401 Consobrinam,
2884 3343 3120 3404 neptem,
3147 3344 3457 3393 novercam,
3487 3323 3641 3380 fratris
3661 3333 3752 3374 uxo-

2247 3447 2385 3500 rem,
2415 3430 2498 3487 vel
2530 3430 2695 3485 etiam
2727 3429 2793 3485 de
2821 3427 3039 3498 propria
3069 3423 3408 3497 cognatione,
3436 3428 3522 3474 aut
3541 3427 3670 3485 quam
3691 3424 3752 3463 co-

2247 3532 2445 3595 gnatus
2464 3519 2737 3585 habuerit,
2767 3517 2943 3572 nullus
2967 3515 3163 3571 audeat
3189 3514 3244 3568 in
3274 3509 3516 3581 conjugio
3547 3499 3748 3599 copulare-

2321 3612 2406 3667 M.
2440 3610 2497 3666 Si
2525 3611 2646 3681 quis
2674 3608 2801 3663 huic
2828 3606 2918 3661 tali
2948 3605 3160 3661 nefario
3205 3601 3460 3673 coniugio
3506 3611 3559 3652 se
3587 3601 3750 3658 conjun-

2249 3705 2407 3770 xerit,
2432 3710 2487 3758 et
2513 3702 2568 3758 in
2591 3716 2656 3757 eo
2679 3698 3060 3772 permanserit,
3084 3695 3223 3751 sciat
3248 3709 3307 3750 se
3329 3684 3600 3762 episcopali
3619 3687 3750 3772 aucte-

2250 3765 2409 3853 ritate
2439 3765 2800 3851 anatheniatis
2834 3791 3050 3847 vinculo
3090 3802 3211 3844 esse
3235 3786 3559 3844 innodatum,
3601 3782 3649 3830 ut
3671 3765 3751 3824 nul‘

2251 3891 2334 3945 lus
2361 3889 2616 3946 sacerdos
2635 3887 2684 3941 ei
2721 3886 2924 3941 tribuat
2945 3879 3403 3939 communionem.
3570 3958 3583 3962 _
3700 3949 3710 3962 .

2323 3979 2408 4036 15.
2437 3979 2496 4035 Si
2526 3993 2657 4035 vero
2686 3991 2982 4034 conversus
3015 3973 3327 4041 divisusque
3357 3965 3514 4020 fuerit
3542 3958 3600 4014 ab
3619 3952 3750 4010 illicita

2253 4070 2615 4142 copulatione,
2650 4063 3194 4145 dignmpoenitentiae
3237 4057 3588 4118 submittatur,
3626 4051 3670 4099 ut
3689 4052 3750 4094 sa-

2254 4165 2447 4221 cerdos
2471 4163 2574 4218 loci
2607 4157 3058 4217 consideravcrit.

2325 4256 2415 4311 16.
2445 4254 2704 4309 Ecclesia:
2731 4251 2816 4307 vel
2841 4249 3083 4321 qualibet
3102 4247 3190 4319 pia
3217 4247 3332 4302 loca
3360 4229 3748 4300 destructajacen-

2255 4347 2358 4412 cia,
2386 4345 2729 4416 praecipimus
2759 4358 2826 4398 ex
2855 4342 2940 4397 his
2960 4355 3082 4410 quae
3112 4337 3388 4406 suscipere
3411 4329 3493 4363 ¹³⁰¹
3519 4323 3748 4416 ερίεηίιτε·

2254 4414 2487 4492 formata
2517 4431 2912 4489 constitucione
2957 4428 3177 4500 proprio
3209 4425 3301 4458 ³⁸⁸³
3329 4415 3583 4492 diSpendio
3602 4414 3748 4500 restau-

571 4529 660 4599 gio
689 4525 812 4594 “9‘,
832 4526 975 4596 quod
996 4527 1180 4583 uxoris
1211 4527 1301 4560 “"7
1335 4527 1630 4597 parentella
1662 4529 1732 4584 sit
1758 4529 1876 4586 viro
1909 4491 2149 4586 sicut.et
2179 4516 2227 4577 Ι)
2255 4536 2442 4582 rentur
2473 4524 2596 4590 ¹³⁰³;
2646 4537 2747 4578 nec
2800 4520 3098 4579 suﬁiciente
3124 4531 3257 4573 vero
3311 4503 3592 4571 necessario
3627 4491 3747 4599 ""11

569 4621 785 4690 propria
807 4617 1124 4688 parentella.

641 4711 730 4763 12.
763 4710 912 4782 (158)
946 4708 1017 4767 Ut
1043 4711 1280 4782 episcopi
1307 4712 1361 4767 in
1388 4713 1552 4770 rebus
1582 4713 1823 4770 ecclesiae
1852 4715 1997 4771 circa
2023 4728 2149 4786 pro-

2255 4617 2455 4690 Populo
2486 4581 2659 4688 plebis
2689 4614 2784 4646 ¹³⁰⁸
2814 4613 3146 4668 auxilientur
3175 4609 3291 4676 ¹³⁰⁶,
3335 4613 3396 4662 ιιι
3426 4602 3594 4658 domus
3615 4581 3748 4646 onori-

2258 4712 2359 4765 ﬁce
2383 4708 2634 4764 videatur
2655 4704 2894 4762 existere
2914 4702 3033 4758 ηδτ.

1889 4827 2122 4883 VARUS
2160 4822 2572 4882 LECTIONES.

645 4947 735 4981 ¹²⁸¹
759 4946 900 5000 deest
923 4947 977 4999 in
1001 4962 1048 4998 ε.
1126 4943 1216 4975 "3'
1248 4944 1284 4995 ἱ.
1319 4960 1366 4998 θ.
1392 4945 1530 4998 hac.

1610 4943 1702 5015 ‘A’ff
1731 4943 1964 5015 capitule
1996 4961 2048 5015 ς.

568 5021 627 5094 in
654 5017 828 5072 codice
863 5013 1320 5094 legiturprwﬂujo
1355 5012 1564 5094 Ottonis
1603 5012 1700 5068 III
1727 5012 1891 5084 usque
1939 5033 1959 5066 ι
1999 5013 2134 5094 legis
2164 5014 2401 5085 edictum
2440 5032 2458 5054 ι

570 5088 744 5172 glossa
768 5102 883 5172 tuon
915 5083 1081 5172 debet
1110 5083 1272 5172 scribi
1299 5099 1426 5172 cap;
1453 5083 1556 5160 i_s_to
1585 5094 1632 5137 et
1655 5083 1810 5138 caput

574 5151 729 5211 codd.
768 5156 831 5210 V.
862 5165 910 5210 et
943 5153 1042 5208 Vn.
1067 5163 1115 5207 et
1137 5151 1232 5206 Est

588 5227 684 5270 Vn-
719 5227 818 5270 add
920 5226 1009 5251 μω

2122 4942 2216 4984 “ﬂ
2241 4942 2548 4998 exersimus
2585 4957 2634 4994 ε.
2713 4941 2806 4973 ¹¹⁸⁸
2832 4954 2976 4994 auuu
3001 4955 3050 4992 ε.
3127 4933 3224 4966 ¹²⁸⁸
3238 4925 3451 5003 ἱθηὶῑοΐί
3470 4938 3513 4976 τ’

3145 4974 3746 5076 ,ηητῖιξλξῑιῑξιῖεράαφξεξε
