3874 5340
101 349 190 407 757
210 432 213 435 _

1014 318 1019 321 ’
1108 343 1535 401 rnsucouuu
1578 342 1820 400 necum
1866 343 2350 402 CAPITULARﬂ.

3257 340 3361 397 758

159 432 237 519 17.
266 460 407 516 Nulli
438 430 815 531 episcoporum
844 459 1015 515 licead
1038 475 1124 516 res
1152 459 1435 516 inmobiles
1456 459 1521 515 de
1542 457 1667 511 sub-
1697 460 1743 519 Α
1772 466 1924 529 parte
1947 460 2189 517 ecclesia:
2201 460 2376 529 egisse
2400 457 2513 525 ¹³³⁴,
2535 459 2600 514 de
2621 459 2832 530 privato
2854 457 2953 512 sibi
2979 471 3037 513 re
3058 457 3363 528 pertinente

97 533 236 627 Iactis
270 550 361 584 ⁸³⁸³⁸
386 550 639 623 plebibus
662 551 751 607 vel
777 553 897 608 aliis
925 552 1257 622 quibuslibet
1298 552 1430 611 locis
1462 555 1514 610 in
1542 572 1659 626 pro-

104 646 206 717 prio
230 657 327 699 usu
359 641 551 709 abere,
579 655 646 697 ne
676 641 909 710 majores
937 643 1390 714 locuplectentur,
1418 653 1474 700 et
1500 648 1674 704 mino—

104 750 179 793 res
215 732 303 788 tali
361 730 513 788 facto
566 732 915 803 pauperiores
967 732 1126 788 facta:
1173 733 1521 791 inveniantur
1556 736 1671 792 ¹³⁶⁹.

106 828 284 884 Cantra
308 838 479 897 agens
510 824 772 881 canonica
802 825 1129 884 auctoritate
1150 825 1243 860 ¹⁸¹⁰
1266 835 1548 887 coartatus
1574 829 1673 887 de-

108 922 263 977 sistat.

165 1030 246 1088 ιε.
272 1027 502 1087 Femina
524 1044 656 1088 vero
678 1046 800 1104 quae
820 1030 1068 1089 habitum
1094 1031 1408 1106 religiosum
1451 1042 1545 1090 aut
1575 1051 1671 1092 ve-

109 1126 261 1181 lamen
282 1123 509 1179 obtentu
539 1124 631 1157 ¹⁸¹ι
686 1124 1054 1194 religiositatis
1083 1130 1405 1199 susceperit,
1435 1144 1557 1183 cum
1587 1143 1675 1184 es-

102 1223 178 1273 set
199 1230 315 1272 vero
342 1223 600 1286 potentes
623 1217 768 1272 viros
788 1218 998 1274 sociare
1018 1233 1123 1273 non
1149 1218 1537 1290 permittantur
1559 1219 1671 1286 ω’,

110 1306 457 1379 setelegentes
496 1309 829 1365 monasterio
861 1310 1181 1383 regulariter
1233 1312 1443 1380 vivant,
1490 1322 1579 1366 aut
1619 1312 1672 1366 in

114 1398 331 1456 domibus
354 1410 671 1471 susceptum
720 1401 928 1457 abitum
980 1402 1291 1458 observent.
1328 1403 1530 1460 Contra
1579 1419 1673 1458 au-

113 1501 201 1546 tem
218 1500 396 1562 turpes
424 1492 683 1558 inventae,
704 1493 1052 1564 providencia
1073 1494 1310 1567 episcopi
1328 1496 1669 1552 emendetur.

169 1582 244 1637 l9.
270 1581 377 1638 Res
425 1582 644 1654 litigosa
698 1583 1042 1641 nullatbenus
1087 1593 1271 1657 potest
1321 1585 1452 1641 dare
1499 1600 1673 1657 neque

114 1674 336 1741 vendere,
361 1685 661 1746 antequam
698 1676 1005 1747 elitigetur.

169 1766 248 1822 20.
295 1766 638 1839 Quicumque
691 1770 858 1825 ltomo
909 1769 1069 1828 alteri
1099 1771 1313 1829 debitor
1342 1773 1435 1806 ³⁸⁸³
1480 1774 1671 1840 fuerit,

1774 553 1845 607 ab
1874 552 1989 623 ipso
2008 567 2214 624 suoque
2264 552 2425 608 crede
2476 551 2783 608 resolvatur
2837 549 3066 605 invasio.
3095 546 3364 604 Sacerdos

1776 643 1869 676 ¹²³⁸
1899 644 2129 716 denique
2158 659 2265 716 pro
2285 646 2379 701 tali
2410 645 2569 717 culpa
2600 659 2725 700 reus
2748 643 3125 713 perinventus,
3172 656 3201 696 a
3235 654 3363 712 pro-

1773 735 1894 806 prio
1915 734 2010 768 ¹³³⁶
2037 737 2297 793 canonice
2315 737 2590 808 iudicetur
2617 735 2893 808 episcopo,
2914 742 2977 789 ut
2999 748 3106 789 non
3131 729 3363 789 ecclesia

1774 825 1864 859 ¹³³⁷
1888 825 1993 883 sibi
2026 827 2315 883 commissa
2349 827 2606 884 damnum
2628 824 2928 884 sustinend.

1841 938 1932 997 26.
1963 940 2021 997 ln
2045 943 2215 1000 sacris
2244 942 2543 1001 canonibus
2580 943 2863 1013 prazﬁxum
2894 949 2981 999 est
3031 949 3093 997 ut
3139 939 3366 997 decima

1777 1032 1868 1065 ⁸³³⁸
1886 1033 2032 1104 justa
2082 1033 2320 1105 episcopi
2371 1034 2736 1105 disposieione
2781 1033 3195 1090 distribuantur.
3235 1031 3368 1098 Qui-

1772 1123 1905 1179 dam.
1927 1134 2108 1180 autem
2135 1124 2281 1193 laici,
2304 1127 2396 1195 qui
2423 1127 2507 1181 vel
2530 1127 2583 1182 iu
2632 1126 2869 1197 propriis
2893 1125 2977 1181 vel
3005 1126 3059 1181 in
3085 1124 3363 1181 beneﬁciis

1773 1218 1888 1274 suis
1914 1218 2076 1274 abent
2115 1218 2390 1287 basilicas,
2427 1228 2741 1290 contempta
2780 1218 3035 1290 episcopi
3051 1216 3368 1289 disposicio—

1774 1326 1918 1376 nem,
1947 1327 2053 1367 non
2082 1313 2149 1367 ad
2171 1312 2459 1368 ecclesiam
2499 1313 2590 1369 ubi
2642 1312 2973 1383 baptismum
3016 1310 3111 1343 "”
3134 1318 3193 1367 et
3223 1325 3361 1380 prae-

1754 1402 2106 1473 ‘dicaciouem
2136 1418 2331 1459 manus
2356 1402 2742 1474 inposicionem
2783 1410 2841 1458 et
2878 1401 2983 1457 alia
3030 1402 3122 1434 ‘m
3167 1399 3369 1457 Christi

1771 1501 2111 1547 sacramenta
2174 1493 2482 1562 percipiunt
2546 1492 2679 1559 "“,
2723 1492 2965 1549 decimas
3035 1506 3164 1548 suas
3234 1492 3369 1546 dant

1774 1581 1889 1648 ³³⁸²ν
1910 1583 2005 1638 sed
2026 1582 2261 1652 Propriis
2290 1582 2380 1615 ¹³⁸³
2402 1581 2750 1638 basilicis-vel
2779 1582 2894 1637 suis
2921 1579 3137 1638 clericis
3157 1579 3249 1613 "“
3273 1594 3373 1648 βπ)

1771 1687 1871 1728 suo
1914 1674 2126 1728 libitum
2158 1674 2425 1739 tribuunt;
2458 1674 2602 1743 quod
2632 1672 2987 1729 omnismodis
3011 1672 3206 1726 divina:
3239 1669 3372 1741 legis

1770 1774 1826 1821 et
1846 1766 2016 1821 sacris
2042 1768 2339 1822 canonibus
2382 1773 2600 1822 constat
2655 1782 2777 1822 esse
2819 1764 3176 1823 contrarium.
3218 1761 3374 1821 Unde

117 1859 260 1928 ipsum
293 1859 478 1917 debito
520 1875 722 1933 negare
745 1862 1000 1931 voluerit,
1048 1874 1106 1921 et
1149 1874 1338 1936 postea
1396 1839 1678 1923 convictus
1711 1839 1753 1897 Β
1781 1868 2020 1914 vestram
2056 1868 2402 1931 potestatem,
2446 1868 2509 1914 ut
2553 1874 2649 1915 eos
2675 1859 2979 1927 corrigalis,
3014 1856 3368 1927 exspetimus.

120 1947 271 2015 interit,
307 1949 482 2020 ipsum
507 1951 752 2008 debitum
783 1952 839 2008 in
867 1952 1090 2009 dubium
1117 1956 1427 2026 persolrad.

172 2042 246 2098 2i.
274 2041 538 2099 Similiter
563 2055 621 2102 et
664 2046 753 2101 ille
784 2047 947 2102 homo
1000 2047 1094 2118 qui
1141 2063 1230 2104 res
1275 2048 1576 2105 vendiderit
1623 2058 1678 2107 et

122 2134 285 2189 exinde
308 2144 516 2190 certam
544 2134 756 2201 fecerit,
790 2136 836 2191 si
883 2137 1064 2193 minus
1092 2137 1305 2194 dederit
1351 2155 1514 2210 quam
1562 2141 1677 2212 ipsa

124 2232 245 2371 Ἣ
269 2226 530 2297 scriptum
556 2227 743 2295 fuerit,
765 2227 823 2283 in
850 2228 1011 2287 dubio
1033 2229 1082 2286 ei
1107 2231 1200 2301 qui
1223 2233 1495 2305 acceperit
1519 2235 1679 2289 resti—

128 2326 142 2369 t
233 2355 247 2369 .

128 2326 247 2369 tuan.

176 2432 239 2488 22
261 2434 364 2489 ωδ.
395 2435 465 2492 Ut
485 2446 775 2508 postquam
805 2453 872 2495 oc
892 2439 1129 2510 capitulo
1158 2449 1351 2499 notare
1392 2443 1485 2477 ¹³¹⁸
1507 2442 1677 2515 jussi-

130 2542 225 2583 tans
245 2528 350 2599 ¹⁸¹’,
373 2537 426 2584 et
455 2545 557 2601 per
580 2547 808 2604 regnum
845 2532 938 2568 ¹³¹⁷
966 2544 1212 2590 nostrum
1235 2551 1462 2606 usquam
1491 2538 1556 2591 de
1581 2552 1679 2593 no-

132 2629 215 2675 stra
234 2618 465 2689 iussione
506 2623 599 2656 ¹³¹⁶
628 2625 1067 2681 commendatum
1096 2626 1275 2694 fuerit,
1307 2636 1364 2683 et
1392 2628 1498 2685 alio
1518 2630 1679 2685 modo

134 2709 291 2767 iecerit
321 2713 421 2768 nisi
455 2713 551 2746 ¹³¹⁹
582 2716 725 2785 quod
768 2715 926 2771 nobis
958 2716 1049 2748 ¹³¹⁰
1075 2725 1132 2772 et
1174 2718 1379 2775 nostris
1429 2720 1679 2777 ﬁdelibus

132 2800 346 2870 placitum
375 2813 478 2871 est,
522 2805 850 2876 quicumque
893 2816 1079 2863 nostra
1103 2807 1348 2879 jussione
1382 2810 1471 2842 ¹³¹¹
1503 2810 1558 2865 in
1601 2811 1682 2865 di-

135 2893 367 2960 spectione
398 2896 491 2928 ‘3“
520 2897 751 2965 abuerit,
784 2900 1025 2955 bannum
1054 2896 1299 2957 nostru'm
1328 2903 1424 2937 ³³⁸³
1450 2919 1482 2959 a
1524 2913 1681 2974 parte

137 2991 282 3037 nostra
324 2996 628 3058 componat,
659 2998 713 3044 et
748 3000 936 3061 postea
971 2992 1087 3062 ipse
1135 3009 1261 3050 reus
1286 2996 1558 3066 apparead
1589 2996 1681 3029 "“

125 3074 179 3127 in
202 3088 422 3136 sanctam
452 3082 550 3114 ¹³²⁸
570 3082 847 3152 sinodum,
874 3093 931 3139 et
957 3086 1251 3143 secundum
1282 3102 1517 3145 canones
1538 3088 1681 3161 judi-

138 3177 275 3226 retur.

189 3281 264 3337 ΞΒ.
290 3285 671 3347 Constatenim
716 3292 894 3349 omnis
916 3294 1079 3350 homo
1122 3295 1435 3363 observare,
1489 3306 1550 3353 ut
1596 3297 1681 3353 die

142 3371 365 3435 dominico
405 3382 582 3439 nullus
636 3385 843 3441 audead
880 3388 1232 3457 operaciones
1270 3390 1360 3421 ¹³¹⁶
1386 3389 1683 3445 mercacio-

142 3478 305 3536 nosque
327 3485 601 3544 peragere,
632 3485 830 3546 praeter
872 3478 928 3533 in
958 3478 1223 3534 cibalibus
1252 3482 1412 3536 rebus
1441 3495 1539 3551 pro
1565 3481 1683 3535 ita:-

144 3558 365 3653 rantibus,
385 3563 457 3617 ita
488 3576 549 3619 ut
576 3568 758 3623 vivere
780 3568 992 3638 possint
1022 3568 1134 3623 “'7.
1162 3567 1230 3623 Et
1278 3568 1474 3624 debent
1504 3569 1680 3625 donti-

146 3650 241 3744 nico
266 3650 364 3719 die,
392 3657 688 3713 secundum
711 3660 1147 3730 possibilitatem,
1176 3677 1365 3716 omnes
1396 3662 1462 3715 ad
1505 3661 1682 3717 eccle-

147 3750 250 3792 siam
275 3757 611 3816 concurrere,
641 3759 697 3805 et
726 3751 781 3805 in
810 3752 925 3806 sola
963 3752 1319 3822 omnipotenti
1348 3752 1443 3806 Dei
1470 3753 1684 3808 oraeio-

147 3838 199 3880 ne
220 3844 408 3903 vacare,
430 3848 493 3893 ut
534 3842 626 3910 qui
667 3842 964 3898 christiano
990 3844 1251 3900 vocabulo
1280 3853 1683 3915 nuncupantur,

146 3928 275 3983 οἰκέτα
299 3939 549 3999 peragere
570 3931 876 3987 videantur.

198 4028 273 4084 24.
297 4033 365 4092 De
391 4044 717 4099 monasterio
746 4045 837 4077 ¹⁸²⁸
869 4045 952 4101 vel
977 4047 1218 4103 oratorio
1241 4048 1385 4120 quod
1411 4063 1441 4102 a
1465 4050 1686 4120 proprio

150 4116 327 4182 domino
353 4132 450 4188 soli
500 4135 811 4193 ediﬁcatum
867 4149 972 4207 est,
1007 4116 1291 4197 monemus
1341 4150 1400 4196 ut
1432 4116 1523 4173 ‘3‘”
1556 4116 1686 4198 con-

151 4218 370 4276 ttt'uctum
397 4239 428 4278 a
451 4224 671 4286 domino
702 4230 792 4265 ¹³⁸⁰
826 4234 1191 4289 constructori
1238 4234 1407 4290 invito
1437 4251 1544 4291 non
1592 4251 1687 4290 au-

152 4294 347 4377 femtur;
376 4312 653 4388 liceadque
702 4321 794 4377 illo
836 4323 1141 4393 presbitero
1169 4325 1255 4380 cui
1316 4326 1547 4381 voluerit
1587 4344 1687 4398 pro

153 4405 274 4500 tif-cro
303 4401 465 4500 oliicio
488 4436 559 4450 -
580 4413 671 4481 qui
699 4413 843 4470 illius
873 4417 1107 4473 diocesis
1129 4417 1217 4450 "“
1242 4426 1298 4472 et
1324 4419 1479 4474 bona:
1499 4430 1688 4475 aucto-

155 4493 293 4581 "lalis
318 4493 629 4558 dimissoriat
651 4503 744 4537 ⁸³³¹
765 4522 888 4561 cum
915 4524 1184 4564 consensu
1204 4509 1445 4581 episcopi
1475 4512 1560 4566 sui
1588 4526 1689 4567 nec

156 4576 595 4681 φρει-εὕδω*
615 4597 997 4654 commendare
1020 4600 1137 4665 ¹³³⁸,
1166 4576 1256 4655 ita—
1269 4610 1328 4656 ut
1352 4576 1552 4672 placita
1593 4602 1682 4671 ju-

156 4676 278 4766 sttcia
298 4676 450 4747 ipsius
470 4686 703 4758 episcopi
726 4690 1040 4746 obedienter
1056 4696 1311 4750 sacerdos
1336 4695 1613 4766 requirad‘.

209 4762 283 4821 25.
303 4769 355 4828 Si
377 4778 638 4851 quispiam
674 4782 895 4840 invasor
940 4787 1343 4857 comprobatus,
1397 4762 1552 4845 dicad
1584 4804 1685 4860 pro

1847 1951 1939 2005 27.
1973 1951 2314 2022 Quamquam
2353 1951 2653 2007 sacerdmis
2696 1950 3067 2006 testimonium
3115 1946 3375 2004 credibile

1781 2044 2068 2111 habeatur,
2093 2052 2271 2101 tamen
2318 2042 2419 2113 ipsi
2449 2043 2503 2097 in
2525 2042 2862 2099 secularibus
2890 2040 3122 2111 negetiis
3150 2053 3247 2109 pro
3290 2045 3377 2091 te-

1780 2137 2037 2193 stimonio
2061 2146 2153 2193 aut
2182 2136 2535 2192 conﬁciendis
2559 2135 2937 2192 instrumentis
2962 2149 3069 2188 non
3096 2139 3373 2204 rogentur,

1779 2234 1906 2305 quia
1931 2247 2027 2289 eos
2062 2231 2118 2287 in
2153 2231 2351 2286 talibus
2373 2232 2535 2287 rebus
2562 2246 2683 2287 esse
2716 2246 2822 2285 non
2853 2230 3129 2286 convenit.

1849 2348 1939 2403 ‘28.
1967 2346 2024 2402 Si
2062 2355 2242 2401 autem
2268 2360 2433 2401 causa
2458 2353 2689 2400 eventus
2733 2343 2937 2414 aliquid
2974 2341 3246 2397 audierint
3281 2350 3377 2396 aut

1780 2441 2038 2506 viderint,
2065 2437 2158 2494 ubi
2182 2437 2344 2493 nulla:
2366 2436 2575 2492 idoneae
2625 2436 2899 2491 seculares
2924 2448 3172 2504 persona:
3222 2433 3377 2487 inve-

1781 2533 2019 2597 niantur,
2053 2546 2122 2586 ne
2155 2530 2355 2585 veritas
2385 2528 2688 2584 occultetur
2732 2535 2789 2583 et
2827 2527 3027 2582 malum
3073 2527 3126 2580 iu
3169 2524 3370 2579 bonum

1780 2628 2097 2695 aestimetur,
2128 2627 2182 2682 in
2205 2624 2546 2698 providentia
2575 2624 2811 2695 episcopi
2847 2622 3053 2695 proprii
3085 2621 3175 2686 sit,
3209 2622 3283 2674 ita
3308 2628 3370 2674 ut

1781 2714 1963 2779 coram
2004 2735 2062 2775 se
2084 2727 2176 2774 aut
2202 2716 2635 2787 competentibus
2666 2712 2939 2787 iudicibus
2973 2722 3066 2769 aut
3089 2713 3248 2768 aliter
3271 2727 3369 2767 ve-

1782 2812 1998 2868 ritatem
2026 2808 2325 2865 honoriﬁce
2347 2807 2559 2864 tollant.

1850 2925 1939 2982 29.
1966 2924 2101 2993 Quia
2131 2933 2256 2980 sunt
2285 2924 2337 2978 in
2360 2923 2637 2995 plerisque
2677 2922 2811 2977 locis
2861 2920 3145 2991 parricidae
3196 2918 3287 2952 ""
3314 2929 3370 2973 et

1779 3019 1947 3075 ceteri
1976 3018 2282 3085 homicidae,
2332 3018 2416 3073 vel
2465 3016 2685 3086 reliquis
2724 3012 3042 3069 criminibus
3088 3010 3372 3080 implicati.

1781 3110 1873 3181 qui
1904 3110 2259 3180 penitentiam
2323 3107 2595 3183 publicam
2645 3120 2807 3177 agere
2846 3111 3223 3166 contemnunt,
3280 3102 3374 3172 qui

1705 3214 1752 3277 ο
1781 3204 1968 3277 utique
1993 3204 2072 3260 rei
2122 3202 2351 3274 publica
2382 3201 2708 3256 utilitatibus
2765 3197 2981 3253 inutiles
3006 3205 3162 3264 sunt;
3213 3209 3378 3265 super

1784 3296 1980 3367 quibus
2006 3308 2229 3352 necesse
2253 3292 2344 3323 ‘3“
2365 3301 2471 3356 est,
2501 3301 2559 3347 ut
2589 3299 2768 3347 vestra
2794 3288 3060 3344 celsitudo
3087 3285 3378 3353 comitibus

1782 3388 2094 3460 prmcipiad,
2116 3395 2384 3459 quatenus
2406 3385 2672 3456 episcopis
2695 3382 3025 3453 adiutorium
3052 3379 3146 3413 ’³⁸⁷
3173 3379 3375 3444 ferant,

1784 3489 1844 3535 ut
1870 3496 1965 3535 eos
2004 3479 2280 3535 canonica:
2308 3477 2644 3548 poenitentim
2676 3475 2908 3531 subdere
2937 3469 3163 3527 valeant!
3187 3467 3300 3522 ηδ’.

1853 3571 1943 3628 50.
1977 3572 2053 3626 De
2075 3570 2312 3640 justiciis
2343 3569 2695 3624 ecclesiarum
2733 3567 2849 3628 Dei.
2880 3564 3190 3627 viduarum,
3213 3570 3266 3616 et
3288 3576 3379 3615 or-

1784 3668 2058 3732 l‘anorum,
2085 3663 2407 3735 pupillorum
2437 3661 2549 3728 ‘3",
2584 3668 2639 3714 ut
2668 3661 2720 3714 in
2749 3657 2978 3730 publicis
3014 3653 3236 3725 judiciis
3268 3668 3378 3707 non

1785 3756 2149 3828 dispiciantur
2172 3754 2492 3815 clamantes,
2525 3759 2607 3806 set
2632 3749 2919 3821 diligenter
2940 3745 3232 3801 audiantur
3258 3742 3375 3796 “5°.

1856 3849 1946 3904 '51.
1974 3847 2052 3902 De
2074 3845 2375 3901 homicidas
2399 3851 2453 3897 et
2474 3840 2670 3896 ceteris
2717 3835 3156 3893 tnalel'actoribus
3177 3833 3266 3904 qui
3294 3832 3377 3888 .lc—

1786 3943 1942 4015 gibus
1968 3940 2057 3972 ¹³⁸¹
2084 3938 2287 3994 morire
2318 3937 2568 4001 debeant,
2605 3948 2767 3988 nemo
2787 3932 2866 3987 eis
2888 3929 2955 3984 ad
2985 3926 3379 3989 exscusacioue

1787 4033 1841 4088 in
1869 4032 2099 4089 ecclesia
2128 4046 2225 4086 sua
2252 4028 2480 4087 introire
2506 4023 2808 4098 permittat.
2864 4020 2921 4077 Si
2954 4023 3162 4092 absque
3188 4017 3379 4075 volun-

1791 4135 1902 4181 tate
1929 4124 2142 4196 patroni
2172 4122 2263 4154 ¹³⁸¹
2309 4121 2511 4177 ibidem
2559 4115 2873 4183 introierit,_
2904 4123 3030 4169 tunc
3078 4098 3195 4183 ipse
3221 4109 3378 4181 cuius

1789 4215 2019 4273 ecclesia
2052 4213 2239 4280 fuerit,
2272 4211 2477 4267 nullum
2507 4209 2863 4275 victumeum
2913 4202 3089 4261 donet.
3156 4216 3256 4257 nec
3288 4199 3381 4254 alii

1788 4306 1918 4362 dare
1944 4305 2243 4377 permittat.

1861 4419 1952 4474 52.
1984 4418 2053 4473 Ut
2081 4432 2245 4473 nemo
2268 4422 2562 4487 praesumat
2591 4412 2688 4447 ¹³⁸³
2719 4411 2946 4467 alterius
2973 4422 3192 4467 servum
3218 4405 3382 4460 mini-

1791 4518 1965 4565 strum
1988 4509 2234 4565 ecclesia:
2261 4508 2594 4563 constituere
2614 4505 2699 4560 vel
2714 4504 3060 4568 benedicere,
3086 4508 3383 4571 antequam

1796 4617 1825 4655 a
1855 4599 2076 4654 domino
2104 4597 2197 4630 ¹³⁵⁴
2224 4612 2322 4653 suo
2353 4595 2598 4650 tradatur
2640 4596 2694 4650 in
2739 4609 2903 4650 manu
2934 4589 3208 4665 pontiﬁcis
3236 4590 3291 4643 in
3322 4587 3385 4641 lia

1794 4692 2006 4753 bertate
2034 4690 2245 4769 integra
2292 4686 2691 4758 persistendum
2726 4686 2982 4741 omnibus
3030 4680 3254 4744 diebus;
3285 4692 3391 4733 nec

1793 4786 1964 4857 possit
1985 4784 2239 4840 dominus
2269 4790 2394 4852 post
2425 4780 2573 4836 illum
2601 4781 2743 4836 diem
2772 4780 2952 4838 ullum
2996 4774 3397 4835 dominacionis

1400 4919 1634 4976 VARUS
1672 4918 2080 4976 LECTIONES.

218 5016 290 5050 ’³⁸⁸
324 5024 393 5078 ειιί

206 5016 290 5097 f’"
324 5024 529 5094 sujectis
564 5047 610 5083 c.
704 5032 797 5065 ⁸⁸⁸³
844 5032 1154 5087 inveniatur
1197 5049 1245 5086 c.
1341 5034 1437 5067 ¹³¹⁰
1482 5034 1808 5091 auctoritate
1838 5051 1933 5095 ac.,
2011 5033 2101 5065 ⁸³η
2163 5030 2446 5086 obtinente
2511 5026 2936 5100 religiiositatis
3010 5042 3068 5081 ο.
3152 5013 3239 5043 ’³³⁸
3305 5029 3428 5081 Ῥεῖ·-

166 5095 375 5133 IlllL'mlnr
406 5115 430 5133 ρ
525 5100 616 5133 tata
645 5102 822 5133 ante...
865 5119 891 5133 -
991 5101 1085 5133 tm
1112 5103 1206 5133 MA
1268 5103 1479 5133 Μυκη.
1532 5104 1604 5133 r-I
1650 5103 1746 5133 nm
1798 5107 1890 5133 ιη...
1919 5113 2071 5133 -,......
2115 5102 2314 5133 ...ψει-οι
2338 5098 2631 5133 tui-.1...“
2669 5095 2862 5133 ιίηνηιε
2887 5105 2985 5133 ἰι
3100 5080 3188 5114 ““
3216 5091 3428 5132 Imma“

193 5080 616 5175 ξξιεηιεεεξρξίῖὧ
644 5080 1897 5175 debito}."Firmi:Florentrﬂifloi'im'é
1916 5090 2071 5175 caput
2110 5080 2482 5175 ωέὶιῖιὶέὶῖιὶὶὲη
2495 5080 3027 5171 difﬁndi—'31;
3098 5080 3451 5175 j‘fﬂﬁ‘fgug?

168 5147 253 5264 57""
293 5162 377 5264 1‘“
394 5167 625 5237 juximus
650 5190 696 5228 ε.
773 5173 867 5205 ⁸³⁸⁷
905 5172 1166 5264 iussimus
1193 5182 1251 5228 ut
1287 5143 1609 5245 peregritius
1631 5184 1819 5231 noster
1845 5143 2101 5264 cuintam
2113 5181 2316 5264 lnostra
2343 5143 2596 5264 ipossiode
2624 5143 3467 5264 οοωωθηῖἷᾷωξὶξξξᾷἓῃξξ·

194 5261 201 5264 .
326 5248 513 5264 non-..‘
572 5257 813 5264 ----..---,-
858 5260 872 5264 -
1110 5244 1286 5264 ---..:-_,
1314 5262 1323 5263 κ
1372 5262 1381 5263 κ
1503 5246 1598 5264 ..ιο
1634 5244 1739 5263 ηθςο
1968 5246 1988 5264 ο
2046 5261 2099 5263 η-
2150 5244 2195 5264 ε-
2237 5259 2253 5264 -
2378 5261 2385 5264 ,
2476 5241 2699 5264 1.-..εηκιι
2728 5253 2749 5264 Α
2897 5245 2923 5264 ς
2946 5245 3044 5264 ο.-.
3465 5254 3467 5263 4

2499 5245 2699 5264 .-μειερ-ιι
2728 5253 2749 5264 Α
2897 5245 3044 5264 θ’.-.
