3874 5340
560 345 666 403 763

560 545 786 616 Signum
817 543 1027 601 Airboli
1052 543 1289 600 comitis.

632 638 771 693 Acta
808 635 901 669 ““
923 646 1049 692 sunt
1078 636 1199 691 inec
1238 635 1293 692 in
1322 634 1531 707 palacio
1561 633 1831 691 Ticinensi
1862 647 2007 690 anno
2046 631 2151 687 Do-

559 727 695 784 mini
718 726 848 795 876,
889 727 1042 799 regni
1089 726 1274 784 domni
1319 726 1665 797 imperatoris
1712 725 1918 791 Karoli,
1951 724 2153 780 llludo-

558 819 683 874 wici
712 821 923 891 angusti
954 820 1057 890 piae
1084 820 1360 877 memoria:
1390 818 1510 887 ﬁlii,
1534 819 1589 875 in
1618 819 1847 875 Francia
1871 817 2153 891 36,.impe-

559 909 631 964 rii
659 911 857 981 primo,
884 911 1180 969 indictione
1201 929 1281 969 ix.

818 999 1189 1065 Juramentum
1226 1001 1475 1074 Λωρενιὶ
1508 1003 1907 1075 archiepiscopi.
2164 1071 2167 1074 ἠ

635 1089 728 1148 Sic
772 1094 1033 1163 promitto
1073 1109 1195 1168 ego,
1241 1096 1367 1167 quia
1409 1097 1476 1153 de
1528 1098 1632 1154 isto
1662 1098 1751 1154 die
1781 1099 1837 1153 in
1866 1107 2025 1153 antea
2062 1098 2152 1154 isti

558 1184 759 1240 seniori
792 1199 935 1254 meo,
966 1187 1224 1257 quamdiu
1254 1188 1466 1253 vixero,
1494 1188 1673 1246 ﬁdelis
1711 1198 1770 1246 et
1811 1190 2074 1245 ohediens
2098 1199 2156 1245 ct

558 1275 795 1345 adjutor,
847 1286 1347 1351 quantumcumque
1393 1279 1517 1349 plus
1566 1289 1623 1336 et
1654 1279 1849 1336 melius
1875 1280 2053 1336 sciero
2099 1291 2155 1336 et

558 1375 811 1437 potuero,
836 1377 892 1424 et
916 1369 1147 1426 concilio
1178 1379 1233 1426 et
1276 1371 1480 1428 auxilio
1510 1374 1810 1429 secundum
1851 1388 2030 1428 meum
2055 1374 2156 1428 mi-

560 1456 847 1513 nisterium
883 1458 939 1515 in
970 1460 1222 1517 omnibus
1252 1477 1346 1518 ero
1372 1462 1578 1532 absque
1604 1460 1795 1518 fraude
1824 1471 1887 1518 et‘
1905 1462 2049 1518 malo
2075 1464 2159 1519 in-

560 1547 746 1618 genio,
772 1560 829 1604 et
868 1550 1073 1622 absque
1117 1552 1224 1608 ulla
1265 1552 1556 1610 dolositate
1596 1554 1685 1610 vel
1720 1554 2034 1611 seductione
2058 1571 2153 1612 seu

562 1639 896 1711 deceptione,
941 1651 997 1699 et
1021 1644 1225 1717 absque
1253 1657 1502 1718 respectu
1532 1646 1761 1720 alicujus
1803 1664 2071 1720 personae,
2104 1658 2160 1706 et

560 1745 739 1802 neque
770 1749 869 1804 per
901 1751 1009 1804 me,
1032 1752 1211 1808 neque
1230 1752 1328 1809 per
1352 1740 1601 1807 missum,
1629 1755 1807 1811 neque
1829 1755 1926 1812 per
1946 1740 2158 1811 literas,
2182 1766 2186 1770 Α

560 1823 657 1878 sed
684 1839 859 1894 neque
879 1840 980 1896 per
1008 1828 1265 1884 emissam
1298 1829 1384 1885 vel
1424 1831 1794 1887 intromissam
1839 1846 2151 1904 personam,

2264 1818 2547 1875 nisterium
2564 1836 2721 1877 smtm
2748 1824 3072 1881 auctoritate
3101 1826 3397 1896 apostolica
3420 1827 3691 1882 decreverit
3707 1826 3783 1891 ¹¹⁵⁸,
3852 1817 3853 1895 Ὺ

560 1912 645 1968 vel
675 1929 1016 1986 quocumque
1040 1919 1200 1974 modo
1224 1919 1313 1974 vel
1339 1920 1762 1991 signiﬁcatione,
1786 1930 1976 1978 contra
1998 1938 2157 1979 suum

562 2003 849 2073 honorem,
874 2017 929 2063 et
952 2022 1106 2063 suam
1131 2009 1374 2066 ecclesia:
1403 2020 1566 2083 atque
1583 2013 1737 2085 regni
1759 2012 1861 2069 sibi
1881 2013 2159 2071 commissi

564 2096 803 2166 quietem
832 2109 888 2153 et
914 2100 1358 2170 tranquillitatem
1383 2110 1546 2172 atque
1586 2103 1914 2161 soliditatem
1945 2106 2158 2162 machi-

564 2187 741 2253 nabo,
778 2188 864 2244 vel
916 2191 1250 2247 machinanti
1300 2195 1662 2262 consentiam,
1708 2210 1885 2267 neque
1937 2196 2158 2269 aliquod

564 2289 824 2346 umquam
874 2278 1190 2335 scandalum
1241 2284 1491 2350 movebo,
1529 2286 1674 2355 quod
1705 2286 1850 2343 illius
1903 2291 2159 2358 praesenti

562 2364 650 2419 vel
673 2365 866 2422 futurae
886 2369 1046 2425 saluti
1078 2375 1356 2429 contraria
1376 2375 1462 2430 vel
1489 2376 1678 2432 nociva
1707 2393 1827 2435 esse
1846 2380 2040 2450 possit.
2066 2378 2161 2436 Sic

564 2469 653 2509 me
683 2454 823 2512 Deus
848 2457 1065 2529 adjuvet
1094 2471 1149 2517 et
1179 2463 1271 2496 ’δ”
1291 2466 1619 2535 patrocinia.
2058 2490 2061 2491 '

568 2565 724 2633 Quod
765 2589 866 2659 rere
902 2574 1136 2659 Karolfts
1176 2579 2161 2659 iuravit“[Ampertohrclaiepitcopm

812 2655 967 2716 atque
993 2646 1108 2721 ¹⁴³⁰]
1150 2646 1486 2708 οὺιὶηιαιὶῡᾶε
1526 2646 1670 2725 regni
1712 2655 1911 2712 Italici.

637 2732 707 2790 Et
731 2749 832 2806 ego
867 2748 1129 2808 quantum
1177 2742 1354 2799 sciero
1400 2753 1455 2800 et
1487 2745 1883 2803 rationabiliter
1910 2758 2160 2819 potuero,

566 2823 797 2880 Domino
835 2826 1146 2899 adjuvante,
1181 2832 1259 2906 [te
1311 2838 1657 2894 sanctissime
1706 2855 1772 2896 ac
1822 2844 2162 2900 reverendis-

565 2915 704 2971 sime
737 2919 1165 2994 arehiepiscope,
1194 2936 1251 2982 et
1278 2926 1397 3001 ι⁸η]
1429 2947 1867 3003 unumquemque
1892 2944 2159 3004 vestrum,

568 3009 868 3065 secundum
900 3028 1058 3069 suum
1100 3017 1349 3075 ordinem
1378 3032 1433 3077 et
1456 3038 1745 3092 personam
1771 3026 2076 3095 honorabo,
2108 3038 2161 3084 et

569 3098 809 3168 salvabo,
839 3110 892 3158 ct
913 3104 1235 3164 honoratum
1252 3118 1322 3174 ,et
1350 3111 1618 3169 salvatum
1664 3115 1870 3185 absque
1897 3117 2009 3173 ullo
2038 3118 2160 3175 dolo

571 3277 768 3347 cuique
797 3290 1193 3351 eompetentem
1216 3285 1388 3357 legem
1422 3306 1485 3345 ac
1503 3292 1772 3363 justitiam
1806 3299 2160 3375 conservabo,

570 3378 626 3423 et
657 3370 749 3439 qui
777 3371 921 3427 illam
951 3391 1172 3433 necesse
1199 3379 1523 3451 habuerint,
1563 3396 1616 3440 et
1642 3388 2036 3447 rationabiliter
2063 3370 2163 3464 pe;

573 3459 740 3528 tierit,
770 3464 1145 3523 rationabilem
1194 3470 1627 3530 misericordiam
1684 3479 1975 3548 exhibebo,
2022 3459 2166 3541 sicut

572 3552 746 3610 ﬁdelis
774 3571 869 3611 rex
910 3573 1039 3616 suos
1084 3562 1271 3619 ﬁdeles
1293 3580 1389 3635 per
1412 3579 1621 3625 rectmn
1654 3571 1945 3642 honorare,
1977 3585 2031 3632 et
2056 3576 2163 3632 sal-

570 3659 721 3713 varc,
748 3657 804 3702 et
832 3650 1123 3723 unicuique
1174 3667 1569 3726 compctenlem
1614 3661 1788 3733 legem
1819 3673 1874 3720 et
1893 3664 2161 3734 justitiam

569 3734 624 3789 in
659 3753 986 3811 unoquoque
1014 3744 1207 3802 ordine
1238 3762 1585 3818 conservare,
1632 3762 1688 3808 et
1713 3754 2083 3826 indigentibus
2110 3766 2164 3814 et

570 3828 967 3887 rationabiliter
987 3835 1295 3903 petentibus
1329 3839 1704 3898 rationabilem
1732 3845 2162 3904 misericordiam

568 3914 731 3973 debet
756 3919 1089 3990 impendere.
1115 3925 1181 3980 Et
1204 3942 1303 3997 pro
1325 3929 1469 3985 nullo
1497 3932 1717 3989 homine
1748 3935 1817 3989 ab
1838 3935 1963 4003 hoc,
1990 3954 2163 4008 quan-

568 4013 683 4061 tum
711 4008 935 4067 dimittit
962 4012 1197 4070 humana
1231 4016 1515 4089 fragilitas,
1541 4037 1638 4092 per
1660 4024 1896 4079 studium
1927 4036 2022 4082 aut
2050 4043 2163 4082 ma-

568 4094 917 4157 levolentiam
947 4104 1032 4160 vel
1059 4106 1286 4177 alicujus
1309 4110 1608 4167 indebitum
1637 4114 2042 4174 hortamentum
2070 4120 2163 4176 de-

569 4189 747 4256 viabo,
771 4204 1035 4262 quantum
1063 4199 1196 4252 mihi
1218 4200 1360 4255 Deus
1390 4201 1723 4261 intellectum
1751 4215 1805 4262 et
1833 4208 2163 4278 possibilita-

573 4287 680 4334 tem
712 4281 831 4351 ⁸⁸³⁸,
860 4293 917 4339 et
946 4288 991 4342 si
1019 4303 1116 4359 per
1142 4290 1488 4363 fragilitatem
1532 4306 1720 4351 contra
1749 4298 1853 4353 hoc
1882 4301 2013 4356 mihi
2043 4318 2163 4357 sur-

572 4382 785 4442 reptum
834 4374 1019 4445 fuerit,
1065 4396 1187 4437 cum
1251 4399 1621 4457 recognovero
1646 4429 1660 4455 ,
1701 4389 2002 4448 voluntarie
2031 4392 2161 4450 illud

571 4467 863 4524 emendare
889 4470 1138 4540 studebo,
1168 4474 1268 4542 sic,
1299 4485 1406 4533 etc.

1223 4582 1508 4625 CAPITULA.

640 4645 700 4702 In
729 4651 948 4708 nomine
976 4653 1155 4711 Patris
1190 4666 1245 4713 et
1270 4658 1392 4714 Filii
1438 4670 1495 4716 et
1519 4659 1757 4733 Spiritus
1784 4666 1981 4721 sancti.
2017 4665 2158 4722 Inci-

568 4735 727 4806 piunt
750 4742 984 4811 capitula
1015 4761 1135 4816 quae
1172 4748 1403 4807 domnus
1429 4752 1723 4824 imperator
1748 4755 1997 4825 Karolus,
2027 4757 2159 4814 Illu-

570 4826 763 4885 dowici
808 4837 1021 4905 augusti
1052 4838 1144 4871 m'
1169 4840 1273 4910 piae
1315 4846 1594 4900 memoriae
1641 4846 1815 4913 ﬁlius,
1869 4865 1975 4905 una
2033 4865 2157 4906 cum

570 4932 836 4977 consensu
866 4932 921 4979 et
957 4930 1304 5000 suggestione
1328 4933 1421 4967 ‘m
1452 4936 1848 4992 venerabilinm
1874 4940 2160 5010 episcopo-

568 5025 689 5066 rum
711 5021 767 5068 et
781 5013 1069 5074 illustrium
1089 5023 1412 5092 optimatum
1451 5026 1896 5098 reliquorumque
1922 5029 2159 5085 ﬁdelium

569 5112 790 5161 suorum
816 5102 933 5172 m‘,
965 5104 1032 5160 ad
1059 5106 1320 5167 honorem
1368 5122 1575 5169 sanctae
1612 5112 1707 5169 Dei
1746 5114 1989 5169 ecclesiae
2008 5124 2063 5169 et
2090 5116 2158 5170 ad

1288 340 1582 398 APPEND.
1616 337 1708 393 AD
1744 337 1916 393 SIEC.
1951 336 2018 390 Χ.
2062 367 2129 377 -

2270 334 2606 392 NUMENTA
2646 334 3130 396 DIPLOMATICA.

560 454 785 528 Signum
805 452 1087 512 Cuniberti
1113 452 1347 510 comitis.
1375 450 1600 523 Signum
1623 449 1885 504 Bernardi
1910 447 2145 505 comitis.
2178 456 2223 516 Α
2255 461 2444 516 pacem
2487 462 2552 503 ac
2584 446 2888 518 profectum
2936 451 3101 507 totius
3141 451 3354 524 imperii
3401 455 3486 510 sui
3522 459 3641 513 fecit
3675 477 3782 521 anno

2185 4520 2237 4578 D

3704 351 3780 411 τδι

2249 536 2644 595 incarnationis
2693 540 2899 597 domini
2947 544 3123 599 nostri
3169 544 3297 603 Jesu
3338 545 3543 603 Christi
3584 549 3779 623 876M,

2250 630 2403 701 regni
2433 644 2564 686 vero
2610 631 2695 689 sui
2749 633 2804 688 in
2849 632 3082 689 Francia
3131 634 3260 703 367,
3303 636 3517 707 imperii
3545 647 3701 695 autem
3722 647 3779 698 sui
3852 628 3853 699 ἶ

2251 718 2451 790 primo,
2476 719 2771 779 indictione
2797 722 3072 791 9,.mense
3097 723 3415 794 Februario,
3441 726 3497 783 in
3522 726 3782 798 palacio'ii—
3852 722 3853 798 l

2254 810 2483 868 cinensi.

2325 902 2381 957 1.
2413 901 2483 958 Ut
2501 912 2689 959 sancta
2710 903 2953 960 Romana
2979 904 3405 972 ecclesia,.sicut
3429 914 3516 964 est
3535 915 3679 978 caput
3697 925 3782 965 om-

2252 994 2404 1051 nium
2430 995 2812 1063 ecclesiarum,
2840 997 2931 1053 ita
2956 999 3026 1053 ab
3072 996 3326 1055 omnibus
3354 998 3638 1054 honoretur
3658 1009 3701 1055 et
3718 1017 3783 1057 γε·
3852 994 3853 1063 ἓ

2253 1094 2517 1154 neretur;
2553 1103 2727 1159 neque
2773 1089 3061 1159 quisquam
3113 1098 3302 1147 contra
3323 1090 3416 1162 jus
3442 1100 3497 1146 et
3523 1101 3789 1161 potestatem

2256 1175 2426 1244 ipsius
2463 1176 2669 1247 aliquid
2710 1178 2910 1249 injuste
2938 1170 3099 1251 agere
3126 1191 3463 1252 praesumat:
3491 1183 3580 1237 sed
3604 1183 3733 1238 liceat
3751 1186 3784 1238 ei
3852 1182 3853 1249 ἶ

2256 1266 2496 1322 debitum
2551 1277 2738 1325 tenere
2767 1270 3032 1342 vigorem,
3058 1281 3113 1329 et
3143 1290 3243 1345 pro
3268 1274 3562 1331 universali
3611 1276 3783 1331 ecclesia

2255 1360 2583 1431 pastoralem
2628 1363 2891 1420 exhibere
2934 1380 3157 1430 curam,
3187 1377 3351 1439 atque
3390 1368 3560 1424 sacris
3593 1368 3785 1439 precibus

2258 1450 2500 1506 omnium
2523 1465 2624 1521 pro
2646 1453 2904 1511 omnibus
2930 1455 3284 1529 interpellare
3308 1466 3601 1514 auctorem.

2254 1576 2257 1577 ν
2327 1540 2384 1595 2.
2440 1542 2515 1598 Ut
2561 1543 2751 1599 honor
2794 1546 2995 1603 domno
3052 1555 3109 1605 et
3178 1548 3414 1621 spiritali
3464 1551 3597 1623 patri
3650 1561 3785 1609 nostro

2258 1633 2512 1706 Iohanni,
2547 1653 2759 1695 summo
2788 1641 3426 1712 pontiﬁcietuniversali
3449 1646 3689 1715 paptc,ab
3704 1662 3785 1701 om-

2260 1726 2421 1784 nibus
2461 1739 2851 1797 conservetur;
2903 1742 2960 1789 et
2989 1749 3109 1804 quae
3149 1735 3451 1791 secundum
3489 1751 3677 1792 sacrum
3716 1736 3786 1793 mi-

2258 1924 2380 1965 cunt
2430 1925 2639 1966 summa
2684 1916 3036 1972 veneratione
3075 1916 3145 1973 ab
3187 1917 3445 1975 omnibus
3472 1918 3783 1989 suscipiantur,

2258 2009 2314 2059 et
2339 2003 2518 2061 debita
2547 2004 2623 2060 illi
2653 2006 2964 2062 obedientia
2998 2009 3052 2064 in
3080 2010 3336 2066 omnibus
3376 2021 3713 2068 conservetur.

2328 2097 2385 2152 5.
2413 2096 2482 2152 Et
2513 2096 2640 2154 licet
2670 2099 2725 2154 in
2772 2101 3025 2158 omnibus
3066 2103 3121 2158 id
3171 2104 3462 2159 observari
3489 2103 3574 2136 “"
3598 2104 3784 2166 velimus,

2259 2186 2529 2257 praecipue
2557 2196 2736 2244 tamen
2790 2192 3209 2261 sanccimus,.ut
3236 2193 3290 2248 in
3341 2193 3573 2250 termino
3599 2193 3784 2248 Μηκέ-
3852 2198 3853 2269 ξ

2235 2286 2437 2334 torum
2491 2278 2636 2336 Petri
2670 2290 2725 2338 et
2753 2282 2904 2338 Pauli
2947 2284 3317 2355 apostolorum
3346 2286 3638 2357 principum
3673 2300 3785 2339 nemo

2261 2369 2318 2425 in
2355 2371 2537 2427 eundo
2574 2380 2632 2428 et
2663 2373 2973 2441 redeundo,
3003 2375 3090 2430 vel
3143 2376 3217 2431 ibi
3271 2377 3570 2443 morando,
3611 2375 3783 2446 aliquam

2258 2462 2623 2518 vastationem
2673 2472 2732 2519 et
2779 2465 3237 2536 depraedationem
3286 2467 3476 2523 facere
3517 2475 3782 2539 priesntnat;

2259 2558 2316 2607 et
2345 2566 2465 2621 quae
2485 2552 2657 2623 ipsius
2683 2564 2885 2610 sanctas
2919 2556 3017 2612 Dei
3051 2555 3143 2589 “”
3172 2556 3420 2614 ecclesia;
3450 2557 3647 2629 prepria
3681 2566 3780 2617 sunt.

2260 2655 2420 2697 nemo
2447 2640 2629 2712 aliqua
2670 2643 2855 2714 iniqua
2892 2646 3298 2705 machinatione
3328 2649 3453 2704 sine
3475 2648 3709 2704 voluntate
3728 2648 3781 2715 ip-

2261 2731 2376 2788 sius
2398 2733 2539 2788 sacri
2564 2734 2838 2803 pontiﬁcis
2863 2736 2965 2792 sibi
3000 2737 3277 2795 vindicare
3304 2747 3608 2807 praesumat.
3622 2736 3737 2805 Quod
3751 2737 3781 2789 si

2262 2823 2548 2895 quisquam
2605 2826 2817 2894 fecerit,
2865 2828 3131 2885 restitutis
3164 2829 3304 2885 male
3343 2831 3681 2900 pmSumptis.
3710 2828 3782 2881 im-

2261 2916 2581 2972 munitatem
2609 2918 2778 2989 ipsius
2807 2918 3050 2975 ecclesiae
3079 2920 3382 2992 persolvat,
3413 2930 3469 2977 et
3489 2922 3693 2977 bannum
3716 2934 3782 2973 no-

2263 3015 2435 3062 strum
2465 3007 2751 3078 tripliciter
2778 3019 3094 3080 componat.

2334 3099 2388 3155 4.
2424 3098 2490 3155 Ut
2538 3101 2942 3157 ecclesiasticus
2992 3105 3190 3173 honor,
3226 3114 3280 3161 et
3315 3104 3651 3170 sacerdotalis
3668 3110 3782 3171 atque
3852 3090 3853 3123 ³

571 3205 637 3244 π
666 3189 1015 3252 ἀηηιηδιεοηθ
1054 3198 1140 3252 γει
1192 3202 1508 3274 deceptione
1555 3178 1918 3276 conservam
1949 3221 2005 3268 et
2037 3213 2163 3268 uni.
2190 3178 2236 3240 C
2267 3187 2535 3244 clericalis
2566 3192 2892 3257 reverentia,
2936 3193 3115 3248 debita
3153 3194 3588 3276 competentique
3619 3190 3781 3248 sinceri

2266 3280 2397 3336 tatis
2444 3279 2705 3352 religione
2750 3282 2818 3337 ab
2867 3284 3121 3341 omnibus
3160 3274 3539 3356 amplectatur,
3566 3293 3612 3342 et
3651 3280 3779 3337 in“

2263 3374 2518 3429 omnibus
2539 3376 2899 3445 custodiatur,
2926 3378 3066 3435 sicut
3088 3379 3178 3411 ’δυ
3203 3378 3293 3436 avi
3318 3388 3370 3435 et
3398 3377 3641 3452 genitoris
3658 3373 3777 3431 nostri
3852 3380 3853 3383 ‘

2263 3477 2482 3522 monent
2509 3466 2708 3523 edicta.

2334 3555 2388 3610 5.
2456 3557 2526 3613 Ut
2585 3558 2880 3629 imperialis
2943 3561 3120 3617 honor
3184 3562 3252 3617 ab
3313 3562 3562 3617 omnibus
3611 3556 3779 3613 ﬁdeliter

2262 3647 2621 3716 observetur;
2676 3658 2732 3704 et
2784 3666 2906 3721 qua:
2954 3650 3024 3706 ab
3061 3666 3127 3706 eo
3178 3667 3273 3709 seu
3310 3666 3414 3721 per
3448 3649 3694 3721 epistolam
3714 3659 3779 3700 seu

2263 3758 2361 3815 per
2409 3741 2615 3814 legatos
2665 3745 3056 3816 praecipiuntur
3080 3746 3249 3812 “",a
3302 3744 3452 3801 nullo
3499 3745 3685 3814 impune
3714 3753 3778 3791 att-

2264 3835 2426 3890 deant
2458 3834 2549 3866 ““
2569 3834 2783 3891 violari.

2334 3924 2385 3979 6.
2415 3923 2487 3981 Ut
2505 3925 2744 3997 episcopi
2767 3924 3131 3981 ministerium
3159 3942 3318 3982 suum
3349 3924 3627 3983 secundum
3645 3931 3778 3976 sacros

2263 4022 2319 4069 et
2371 4022 2561 4069 sancto
2604 4014 2807 4086 Spiritu
2859 4016 3227 4089 promulgatas
3267 4031 3505 4073 canones
3557 4016 3773 4085 peragam.

2263 4105 2601 4177 parrmchias
2631 4121 2759 4161 suas
2786 4107 2992 4178 absque
3029 4108 3259 4179 alicujus
3285 4108 3660 4178 impedimento,
3681 4114 3775 4172 pra!-

2264 4195 2514 4262 dicando,
2567 4198 2910 4269 corrigendo,
2965 4207 3021 4254 et
3063 4198 3440 4255 conﬁrmando
3482 4198 3771 4255 circumeant;

2264 4294 2320 4340 ct
2348 4286 2450 4340 hoc
2477 4286 2533 4340 in
2563 4284 2657 4318 ³⁸⁵⁸
2683 4287 2889 4358 agendo
2919 4287 3098 4344 nullus
3127 4288 3208 4345 eis
3229 4288 3501 4344 contraire
3526 4296 3575 4342 et
3596 4282 3709 4353 quod
3729 4278 3774 4332 ad

2264 4377 2626 4434 ministerium
2658 4378 2876 4434 illorum
2923 4379 3164 4450 pertinet
3217 4380 3581 4437 contradicere
3612 4377 3659 4430 in
3684 4370 3775 4441 ipsis

2265 4471 2586 4540 parroechiis
2604 4472 2821 4539 audeat,
2848 4473 2933 4530 vel
2957 4474 3038 4530 eis
3062 4473 3259 4530 exinde
3282 4473 3512 4544 aliquam
3540 4465 3773 4525 mulcatis!“

2266 4564 2466 4620 inferat
2491 4582 2505 4633 ;
2545 4566 2643 4622 sed
2675 4565 2911 4636 adjutor,
2936 4568 2985 4624 si
3013 4567 3337 4640 Oportuerit,
3367 4567 3607 4621 invitatus
3630 4576 3656 4617 a
3675 4572 3771 4631 pou.

2267 4658 2413 4714 tiﬁce
2457 4659 2686 4730 quisque
2734 4659 2980 4717 ecclesia
3030 4660 3194 4716 ﬁlius
3227 4661 3450 4719 existat;
3490 4667 3543 4713 ut
3577 4650 3773 4710 liceateis

2264 4749 2568 4806 criminalia
2599 4750 2804 4807 scelera
2830 4760 2887 4808 et
2915 4751 3020 4807 alia
3043 4767 3273 4823 qumque
3300 4749 3601 4822 corrigenda

2264 4843 2501 4913 quirere,
2539 4843 2835 4913 discutere,
2885 4853 2943 4902 et
2992 4845 3295 4917 dijudicare
3355 4843 3616 4900 canonice.
3661 4830 3773 4903 QW‘

2264 4934 2355 5002 qui
2388 4943 2658 4991 temerare
2702 4945 2952 5005 proterve
2992 4936 3418 5008 praesumpserit,
3450 4933 3679 5004 triplicem
3719 4924 3775 4977 ιε’

2262 5039 2383 5096 gem
2405 5034 2461 5081 et
2492 5026 2687 5097 triplex
2716 5026 2808 5058 ¹“⁶
2838 5028 3077 5083 bannum
3104 5036 3352 5084 nostrum
3375 5023 3622 5098 persolvat
3638 5017 3722 5067 ηδ’.

2335 5116 2385 5169 7.
2426 5117 2496 5174 Ut
2537 5120 2779 5191 episcopi
2828 5119 3127 5177 secundum
3176 5133 3384 5176 sacram
3420 5115 3682 5190 jussionem
3706 5106 3774 5160 ἀο·

3627 4743 3698 4777 tu!
3714 4741 3771 4794 in-

1874 5228 1964 5285 VA
1972 5228 2112 5284 RL‘E
2144 5228 2547 5287 LECTIONES.
