3874 5340
135 197 219 254 765
1080 194 1505 253 FltANCORUM
1543 194 1782 255 REGUM
1821 196 2306 256 CAPITULABIA.

3231 203 3334 261 766

135 309 240 366 mini
279 304 440 362 uostri
489 304 614 360 Jesu
653 305 850 361 Christi
889 305 1325 376 praedicationem
1359 323 1458 378 per
1496 323 1554 363 se
1577 308 1661 362 rel
1692 292 1735 352 Α
1763 308 1941 379 aliqua
1993 312 2321 367 retractione
2360 310 2453 343 ιη’
2499 310 2823 378 offerantur;
2872 321 2918 368 et
2965 311 3020 366 in
3069 321 3335 384 potestate

134 418 212 474 per
235 400 315 432 ³⁸³⁸
338 413 460 454 suos
491 407 852 468 congruenter
894 408 1201 464 exerceant,
1233 407 1287 453 et
1315 400 1663 470 presbyteros

134 508 236 550 suos
273 499 326 543 ut
353 488 599 543 similiter
634 487 834 542 faciant
858 489 1126 545 instruere
1170 499 1478 560 procurent.
1509 490 1575 544 Et
1605 498 1664 544 ut

137 580 366 638 seculares
390 587 442 632 et
469 577 651 632 fideles
676 577 797 633 laici
827 578 1016 633 diebus
1038 577 1210 642 festis,
1233 580 1323 649 qui
1349 579 1402 634 in
1423 578 1662 632 civitati-

136 675 214 726 bus
236 678 368 732 sunt,
392 669 458 723 ad
486 669 726 738 publicas
755 671 1017 726 stationes
1042 681 1327 726 occurrant
1357 689 1370 726 :
1407 679 1463 726 et
1489 670 1579 739 qui
1610 670 1664 725 in

138 759 296 813 rillulis
317 767 370 812 et
397 760 828 826 possessionibus
856 771 1002 828 sunt,
1033 763 1100 816 ad
1128 761 1400 832 publicum
1430 761 1662 816 officium

134 851 174 903 in
191 849 327 918 plebe
350 848 436 881 ³⁸⁸³
459 848 733 906 festinent.
765 853 832 906 Et
859 851 1038 906 nullus
1065 852 1350 906 latibulosa
1374 841 1664 906 missarum

135 943 174 996 in
217 941 317 995 suis
353 941 600 996 domibus
659 941 832 998 oﬂicia
880 943 1153 998 celebrare
1206 950 1502 1013 przesumat
1548 942 1665 998 sine

135 1033 198 1086 sui
224 1034 508 1087 rationabili
549 1035 764 1090 licentia
796 1036 887 1068 ⁸³⁵⁸
914 1036 1169 1105 episcopi.

187 1123 230 1179 8.
266 1122 331 1178 Ut
367 1123 602 1193 episcopi
639 1126 692 1179 in
731 1125 1040 1180 civitatibus
1082 1127 1196 1181 suis
1235 1127 1536 1196 proximum
1576 1141 1665 1182 ec-

135 1213 274 1267 clesin
293 1229 395 1267 sua:
428 1214 518 1246 ¹⁸⁵¹
553 1215 848 1270 claustrum
876 1217 1179 1283 instituant,
1209 1218 1260 1272 iu
1284 1232 1391 1286 quo
1420 1218 1516 1286 ipsi
1542 1232 1663 1271 cum

137 1303 249 1356 clero
289 1319 382 1356 suo
417 1305 521 1353 Μ’.
558 1307 852 1361 secundum
905 1307 1218 1361 canonicam
1271 1308 1508 1376 regulam
1554 1307 1666 1362 Deo

139 1395 331 1449 militent
369 1396 491 1460 “5';
537 1407 592 1451 et
637 1399 944 1454 sacerdotes
984 1415 1110 1455 suos
1148 1399 1215 1454 ad
1263 1401 1366 1454 hoc
1399 1403 1666 1455 constrin-

139 1492 253 1553 gant,
281 1493 334 1538 ut
365 1484 625 1541 ecclesias
657 1502 761 1542 non
795 1487 1094 1556 relinquant
1130 1496 1184 1543 et
1226 1487 1386 1542 aliubi
1420 1488 1666 1542 habitare

136 1582 436 1640 prazsumant.
490 1575 615 1629 Sint
659 1577 820 1631 etiam
872 1577 1099 1646 subjecti
1150 1577 1366 1647 proprio
1412 1580 1664 1648 episcopo

137 1663 380 1716 secundum
416 1665 735 1719 canonicam
770 1667 1169 1731 auctoritatem,
1201 1683 1301 1721 nec
1336 1682 1431 1736 per
1475 1678 1663 1722 contu-

139 1753 314 1806 matiam
355 1757 422 1810 ab
465 1770 658 1810 eorum
707 1765 972 1825 potestate
1017 1759 1281 1813 dissiliant
1321 1759 1444 1825 ⁸⁸⁵⁵,
1491 1777 1665 1831 neque

140 1844 321 1898 seculat'i
368 1849 623 1916 potestati
658 1849 752 1880 “'5
791 1851 856 1904 ad
908 1851 1009 1905 lioe
1061 1851 1139 1904 cis
1184 1853 1562 1906 commendare
1606 1868 1664 1907 se

138 1932 275 1998 liceat,
297 1946 380 1989 aut
400 1952 498 1991 eos
519 1941 742 2008 quilibet
771 1942 1010 2011 recipere
1037 1943 1250 2006 audeat,
1275 1953 1334 1997 ut
1357 1944 1448 1975 ³⁸⁸⁸
1473 1954 1661 1998 contra

140 2026 378 2080 canonicos
405 2027 554 2098 leges
591 2039 645 2084 et
685 2031 918 2085 debitam
952 2034 1041 2064 “‘7
1078 2035 1310 2103 episcopi
1341 2044 1661 2103 potestatem

141 2117 482 2184 quodammodo
531 2120 898 2176 defensentnr.
952 2123 1264 2192 l‘lujusmodi
1312 2140 1441 2179 vero
1485 2141 1665 2181 sacer-

143 2212 256 2266 dotes
292 2214 604 2285 episc0palis
641 2215 730 2246 ⁸⁸³⁸
775 2217 918 2272 illico
964 2233 1190 2272 censura
1239 2219 1538 2288 disciplinis
1577 2236 1664 2275 ec-

143 2302 401 2360 clesiasticis
436 2308 631 2360 subdat
659 2307 767 2362 ¹⁸⁹⁹.
806 2307 916 2363 Nec
948 2308 1029 2362 fas
1073 2319 1156 2363 est
1197 2311 1437 2364 omnium
1474 2325 1661 2365 eorum

143 2392 498 2450 sollicitudinem
526 2400 806 2469 episc0pos
831 2417 937 2454 non
971 2416 1178 2469 gerere,
1201 2402 1396 2471 quibus
1428 2403 1478 2456 in
1512 2419 1661 2458 com-

144 2485 366 2542 mittendis
407 2489 582 2544 sacris
619 2490 898 2546 ordinibus
942 2492 1159 2562 dignum
1197 2493 1366 2546 visum
1398 2502 1481 2548 est
1515 2509 1661 2549 com-

145 2587 411 2630 mumcasse.

193 2663 233 2716 9.
270 2663 328 2717 Ut
370 2665 511 2718 a“‘°
562 2667 806 2723 domibus
844 2671 1206 2737 sacerdotum,
1237 2679 1456 2742 propter
1509 2674 1662 2727 malae

145 2750 359 2816 opinionis
389 2754 610 2820 famam,
643 2757 904 2812 habitatio
952 2758 1271 2813 feminarum
1310 2762 1522 2829 penitus
1557 2763 1658 2817 tol-

145 2838 271 2907 latur;
301 2859 462 2914 neque
502 2845 581 2900 illi
619 2847 671 2901 i'n
699 2849 887 2905 domos
907 2865 1092 2904 earum
1135 2853 1338 2906 intrare
1371 2855 1660 2911 indiscrete

1763 397 1998 468 episcopi
2040 409 2275 466 maneat,
2300 400 2533 471 qualiter
2565 417 2594 454 a
2634 402 2726 434 ¹⁶⁰⁹
2755 402 3084 475 presbyteris
3120 402 3335 471 dispen-

1763 500 1950 546 sentur
1986 494 2266 549 canonice.
2299 494 2364 549 Et
2403 504 2461 550 ut
2501 495 2756 550 ecclesias
2793 493 3163 565 baptismales,
3198 505 3334 562 quas

1763 581 1946 652 plebes
1986 584 2276 653 appellant,
2317 586 2608 640 secundum
2657 587 2936 656 antiquam
2985 583 3334 640 consuetudi-

1764 689 1887 728 nem
1914 674 2156 729 ecclesiae
2182 675 2274 730 lilii
2306 676 2628 730 instaurent.

1835 762 1922 816 12.
1965 763 2033 820 Ut
2059 765 2293 834 episcopi
2325 765 2553 819 comites
2582 774 2636 819 et
2666 779 2850 819 vassos
2874 773 3092 818 nostros
3128 761 3182 816 in
3211 775 3337 830 par-

1765 853 1967 907 rmchia
2010 868 2195 908 eorum
2244 867 2522 910 manentes
2559 865 2783 923 paterno
2823 868 3006 908 amore
3039 850 3334 921 secundum

1762 941 2188 997 ecclesiasticum
2234 943 2590 997 ministerimn
2630 943 2880 1013 diligant;
2924 940 3025 1012 ipsi
3070 953 3202 994 vero
3243 953 3336 993 co-

1765 1034 1922 1089 mites
1966 1043 2021 1088 et
2054 1033 2265 1088 vassalli
2297 1050 2389 1088 seu
2424 1033 2629 1102 reliqua
2679 1031 2999 1104 generalitas
3052 1027 3335 1100 prmdictos

1764 1125 2043 1195 episcopos
2072 1133 2130 1178 ut
2157 1135 2374 1178 sanctos
2405 1133 2584 1193 patres
2613 1124 2874 1178 honorent
2903 1130 2957 1175 et
2987 1127 3333 1180 venerentur,

1764 1224 1818 1270 et
1849 1215 1916 1269 ad
1957 1214 2313 1269 ministerium
2359 1214 2571 1266 illorum
2603 1213 2982 1282 peragendum,
3013 1209 3336 1274 ubicumque

1763 1305 2059 1375 potuerint,
2088 1319 2181 1359 eos
2207 1303 2462 1371 adjuvare
2486 1303 2780 1358 decet-teut.
2807 1300 2864 1355 Si
2891 1316 3038 1362 vero,
3065 1298 3205 1367 quod
3231 1311 3334 1350 non

1765 1405 2031 1465 optamus,
2062 1396 2143 1450 eis
2189 1395 2388 1460 infesti,
2420 1411 2527 1464 quo
2574 1396 2751 1449 minus
2781 1392 2874 1425 “7°
2913 1409 3032 1460 qua:
3072 1390 3162 1443 Dei
3214 1397 3339 1443 sunt

1765 1501 2021 1542 exercere
2061 1487 2295 1555 possint,
2342 1487 2541 1554 reperti
2587 1485 2820 1548 fuerint,
2869 1493 2962 1537 aut
3004 1484 3103 1552 ipsi
3151 1488 3337 1535 contra

1767 1578 1912 1648 leges
1936 1577 2106 1632 officia
2134 1594 2229 1632 sua
2256 1577 2597 1641 violaverim,
2624 1588 2678 1631 et
2702 1577 2791 1608 ’δτι
2818 1592 2911 1632 cos
2931 1589 3065 1644 quos
3091 1571 3336 1628 venerari

1765 1668 1962 1723 debent
2006 1669 2448 1738 inquietaverint,
2481 1668 2773 1723 secundum
2817 1666 3113 1736 capitulare
3156 1663 3238 1718 ari
3285 1672 3340 1717 et

1762 1759 2020 1832 genitoris
2050 1761 2219 1815 nostri
2251 1761 2554 1814 emendent.
2591 1758 2832 1824 Qualiter
2864 1773 3077 1827 quoque
3111 1755 3334 1826 presby-

1767 1866 1911 1910 teros
1937 1873 1999 1912 ac
2026 1857 2265 1926 reliquos
2292 1857 2491 1928 gradus
2517 1856 2801 1917 honorent,
2829 1854 2998 1924 ipsius
3026 1851 3338 1920 capitularis

1763 1949 1937 2004 forma
1979 1950 2291 2004 doceantur.
2331 1948 2432 2018 Ipsi
2477 1947 2823 2000 nihilominus
2857 1944 3113 2015 episcopi,
3144 1941 3341 2011 singuli

1766 2042 1816 2095 in
1844 2057 1942 2095 suo
1970 2041 2262 2110 cpiscopio,
2287 2039 2546 2094 missatici
2578 2038 2747 2092 nostri
2780 2044 3044 2106 potestate
3071 2043 3123 2088 et
3155 2041 3342 2087 aucto.

1765 2133 1924 2186 ritate
1970 2131 2278 2200 fungantur.

1837 2222 1923 2275 15.
1965 2221 2036 2276 Ut
2085 2220 2319 2289 episcopi
2377 2229 2431 2274 et
2483 2219 2708 2276 comites
2757 2217 2810 2272 in
2861 2215 2972 2271 suis
3022 2210 3340 2267 ministeriis

1763 2322 2160 2370 connuorantes
2229 2312 2285 2365 in
2359 2311 2470 2364 suis
2536 2309 2830 2364 consistant
2902 2304 3147 2359 domibus
3215 2315 3336 2353 cum

1763 2405 1876 2460 suis
1912 2401 2192 2466 vassallis,
2238 2416 2412 2470 neque
2459 2407 2790 2468 praasumant
2831 2395 3117 2450 occasione
3159 2390 3339 2462 ospitii

1763 2493 1816 2548 in
1859 2491 2197 2563 pauperioris
2240 2489 2537 2558 cujuspiam
2577 2487 2735 2542 vicini
2781 2487 2960 2549 domo,
2997 2485 3097 2538 nisi
3141 2482 3336 2552 rogati,

1762 2581 2124 2647 commorari;
2153 2581 2279 2650 quia
2309 2581 2376 2635 ob
2415 2580 2518 2634 hoc
2557 2579 2791 2632 maxime
2830 2575 3256 2644 tlrprzedatimtes
3284 2581 3340 2625 et

1766 2672 2066 2728 discordias
2104 2680 2327 2726 actenus
2370 2668 2636 2739 pululasse
2673 2665 3013 2720 manifestum
3053 2672 3154 2717 est.
3197 2661 3340 2716 Prm-

1763 2764 1980 2817 \'idcant
2023 2778 2256 2832 quoque,
2306 2761 2599 2815 secundum
2646 2757 3001 2811 ministerium
3049 2754 3340 2830 unusquis-

1761 2871 1866 2925 que
1896 2870 2072 2916 suum,
2101 2869 2169 2909 ne
2197 2853 2248 2908 in
2276 2861 2538 2923 potestate
2566 2851 2774 2905 illorum
2804 2850 2996 2919 praeda:
3022 2857 3076 2902 et
3100 2847 3341 2901 devasta-

144 2943 442 3041 p'mumant,
489 2949 563 2990 ne
601 2938 971 3041 nomen-Dei,
1020 2941 1162 3009 quod
1212 2941 1372 3007 absit,
1413 2959 1509 3012 per
1541 2945 1659 2998 illos
1687 2981 1732 3041 ο
1764 2948 1940 3003 tiones
1981 2947 2133 3000 fiant.
2175 2945 2241 3000 Et
2286 2947 2330 3000 si
2385 2943 2548 3013 aliqui
2591 2942 2692 2997 hoc
2729 2941 2905 2996 facere
2937 2938 3336 3009 temptaverint,

144 3020 484 3093 blasphematur
513 3042 612 3096 per
641 3044 772 3099 quos
816 3030 1021 3086 laudari
1051 3032 1135 3103 pie
1174 3043 1228 3088 et
1252 3036 1454 3104 jugiter
1480 3039 1656 3092 debet.

145 3109 435 3172 Venationem
475 3136 693 3190 quoque
738 3122 913 3176 nullus
953 3132 1060 3176 tam
1101 3126 1238 3178 sacri
1275 3127 1480 3182 ordinis
1507 3145 1665 3183 exer-

143 3219 233 3260 cere
269 3219 580 3278 praesumat;
631 3225 804 3282 neque
856 3230 1007 3268 artua
1050 3216 1302 3270 militaria
1350 3234 1447 3286 pro
1485 3220 1658 3288 quali-

144 3309 322 3364 cumque
361 3301 628 3357 seditione
665 3313 881 3370 portare
923 3305 1136 3369 audeat,
1169 3314 1259 3358 aut
1300 3307 1536 3362 habitum
1568 3307 1659 3340 “‘“

143 3390 379 3453 quemlibet
407 3401 618 3472 tantum
648 3395 853 3464 apicem
884 3396 1176 3451 sacerdotii
1206 3395 1294 3426 ¹⁸⁶²
1327 3413 1432 3452 non
1464 3399 1659 3453 decen-

146 3484 223 3530 tem
244 3492 486 3537 assumat.

192 3565 263 3620 10.
296 3567 359 3623 Ut
399 3586 488 3628 res
541 3573 934 3630 ecclesiasticas
976 3588 1082 3629 tam
1133 3576 1358 3631 mobiles
1405 3593 1562 3647 quam
1608 3587 1663 3632 et

146 3652 390 3714 immobiles
421 3677 581 3718 nemo
612 3663 867 3720 invadere
895 3665 978 3719 vel
1007 3665 1220 3720 auferre
1248 3678 1568 3736 praesumat;
1607 3678 1662 3723 et

149 3759 276 3811 quea
297 3753 586 3808 rectoribus
619 3754 860 3809 ecclesia:
904 3766 1150 3821 actenus,
1177 3757 1245 3811 ob
1288 3757 1532 3811 timorem
1578 3759 1662 3812 vel

149 3834 354 3907 favorem,
384 3843 541 3900 alicui
591 3845 852 3904 libellario
897 3848 979 3900 vel
1006 3849 1396 3904 enfiteoticario
1424 3849 1516 3887 “'3
1539 3849 1662 3920 jure

149 3927 288 3986 dolose
304 3943 352 3988 et
373 3949 492 3990 cum
515 3936 696 3992 damni
723 3939 1045 3994 detrimento
1071 3941 1312 3995 ecclesiae
1340 3941 1553 3995 amissae
1570 3941 1662 3976 ‘5“

149 4020 363 4090 videntur,
410 4029 475 4084 ad
515 4031 800 4100 pristinum
845 4030 934 4098 jus
986 4042 1364 4087 revertantur:
1409 4035 1663 4102 quatinus

150 4108 269 4166 liceat
292 4115 388 4172 illis
423 4120 619 4187 quibus
662 4136 846 4174 earum
877 4138 1003 4175 cura
1033 4123 1318 4176 commissa
1355 4131 1456 4186 est,
1482 4124 1662 4191 quieto

149 4209 188 4253 et
212 4206 404 4272 paciﬁco
438 4210 630 4266 ordine
656 4226 749 4266 eas
784 4222 988 4278 tenere,
1017 4223 1071 4266 et
1094 4228 1194 4281 pro
1223 4212 1376 4266 nobis
1407 4227 1469 4265 ac
1497 4227 1661 4279 regno

1761 3042 1910 3096 omni
1942 3040 2034 3072 “7*
2073 3055 2167 3094 sua
2203 3039 2403 3091 virtute
2448 3035 2552 3089 illis
2598 3033 2873 3089 resistant.
2917 3030 2984 3084 Et
3028 3031 3070 3084 si
3114 3031 3211 3099 ipsi
3245 3042 3341 3096 per

1762 3147 1822 3186 se
1849 3131 2221 3198 constringere
2256 3127 2324 3181 ad
2357 3124 2788 3180 emendationem
2832 3121 2953 3174 illos
2999 3135 3102 3172 non
3150 3125 3338 3187 potue-

1761 3223 1892 3286 rint,
1922 3219 2233 3276 constitutis
2277 3217 2457 3272 missis
2496 3215 2696 3269 nostris
2738 3211 3066 3273 renuntient,
3105 3217 3163 3261 ut
3196 3207 3336 3275 ipso.

1761 3327 1881 3366 rum
1901 3309 2108 3380 judicio
2139 3305 2385 3377 legaliter
2413 3305 2705 3359 secundum
2739 3300 3037 3369 capitulare
3063 3297 3149 3351 avi
3176 3304 3230 3350 et
3248 3295 3340 3326 ⁸⁸⁷³

1761 3401 2021 3469 genitoris
2073 3399 2242 3452 nostri
2303 3395 2607 3450 cmondeut.
2661 3390 2812 3458 Quod
2865 3389 2908 3444 si
2971 3397 3024 3442 et
3081 3386 3181 3455 ipsi
3238 3386 3341 3440 hoc

1759 3490 2048 3544 emendare
2100 3487 2469 3557 nequiverint,
2511 3485 2577 3537 ad
2620 3492 2862 3535 nostram
2914 3479 3161 3534 notitiam
3212 3492 3339 3546 per-

1761 3578 1978 3633 ducant.

1832 3670 1918 3725 14.
1962 3667 2028 3722 Ut
2059 3668 2309 3735 quotiens
2336 3665 2573 3721 divinum
2597 3661 2857 3731 judicium
2893 3658 3125 3726 aliquem
3166 3653 3342 3709 eccle-

1761 3763 1855 3816 sia:
1897 3759 2181 3831 praesulem
2224 3773 2253 3811 e
2289 3757 2486 3812 saeculo
2515 3752 2808 3815 vocaverit,
2842 3749 3017 3804 nullus
3046 3749 3112 3801 ad
3144 3747 3340 3800 suimet

1761 3850 2120 3921 perditionem
2169 3847 2453 3900 facultates
2494 3844 2611 3913 ejus
2651 3843 2887 3904 invadat,
2921 3837 3157 3906 diripiat,
3187 3845 3241 3888 et
3271 3835 3338 3886 ad

1756 3943 1846 4011 jus
1874 3956 2027 3996 suum
2060 3937 2380 4003 transferat;
2411 3937 2503 3990 sed
2532 3933 2849 4005 erogatariis
2883 3941 2938 3986 et
2967 3929 3340 3998 eleemosyna-

1763 4036 1859 4090 riis
1921 4031 2320 4095 ecclesiasticis,
2365 4045 2486 4084 cum
2537 4028 2706 4097 ipsius
2752 4024 2995 4080 ecclesiae
3047 4020 3339 4076 constituto

1762 4138 2068 4188 meonomo,
2104 4123 2330 4178 liberum
2371 4120 2461 4184 sit,
2494 4117 2758 4174 canonico
2797 4131 2965 4178 more,
2989 4113 3133 4183 juste
3175 4110 3340 4164 ratio-

1763 4213 2122 4281 nabiliterque
2166 4211 2418 4280 deputata
2470 4204 2738 4262 sucessori
2792 4204 2973 4257 futuro
3024 4214 3338 4264 reservare,

150 4292 268 4347 nobis
292 4310 320 4349 a
346 4296 447 4352 Deo
472 4301 760 4356 commisso
799 4317 979 4366 orare,
1010 4301 1443 4372 pauperibusque
1479 4301 1658 4356 debita
1689 4315 1736 4374 υ
1761 4303 1847 4357 vel
1889 4303 2339 4371 quibuscumque,
2381 4297 2523 4352 sicut
2565 4294 2800 4363 expedit,
2846 4307 2944 4362 pro
2988 4291 3106 4361 ejus
3147 4288 3341 4357 spiritu

150 4380 360 4450 ﬁliPendia
405 4403 656 4459 erogare,
707 4392 964 4448 familiam
1010 4393 1251 4448 ecclesia:
1295 4391 1438 4460 juste
1471 4392 1564 4423 ¹⁸⁶⁸
1603 4401 1657 4446 et

151 4472 483 4535 rationabiliter
531 4497 713 4552 regere
754 4492 808 4538 et
848 4485 1168 4554 gubernare.
1216 4483 1657 4552 Transgressori-

151 4559 224 4616 bus
257 4576 416 4623 autem
458 4571 740 4628 indicimus
775 4572 970 4642 injuste
995 4581 1318 4643 praasumpta
1353 4572 1659 4637 restituere,

1764 4393 2114 4449 distribuere.
2156 4389 2309 4454 Quod
2347 4388 2438 4456 qni
2483 4386 2662 4453 iniqua
2710 4383 3005 4452 cupiditate
3045 4377 3340 4448 transgredi

1763 4483 2190 4557 praesumpserit,
2224 4491 2281 4534 ιιι
2319 4479 2568 4549 superius
2605 4475 2940 4546 praelibatum
2970 4481 3076 4537 est,
3118 4468 3344 4524 inrefra-

1766 4574 2017 4646 gabiliter
2044 4572 2322 4626 multetur.

1837 4662 1926 4718 15.
1967 4661 2040 4717 Ut
2084 4675 2243 4715 nemo
2284 4658 2520 4714 ﬁdelium
2578 4665 2889 4713 nostrorum
2947 4649 3347 4724 quodammodo

1766 4753 1999 4824 aliquem
2041 4752 2182 4808 celet
2220 4766 2378 4822 quem
2419 4759 2663 4808 nostrum
2692 4747 2881 4804 scierit
2910 4743 3177 4801 infidelem
3206 4755 3348 4805 esse,

202 4832 271 4887 11.
305 4836 371 4892 Ut
391 4839 608 4897 decimae
634 4845 1128 4901 conlaborationum
1154 4844 1246 4877 “‘7
1268 4855 1324 4901 et
1348 4846 1661 4902 animalium
1769 4861 1947 4917 neque
1972 4847 2022 4902 ei
2049 4843 2501 4902 sustentationem
2529 4853 2926 4912 quamcumque
2949 4843 3208 4909 praestare
3231 4845 3354 4901 per-

155 4925 394 4982 secundum
425 4945 580 4986 sacra
610 4943 873 5004 praecepta
906 4936 1133 4991 Domino
1166 4935 1370 5005 absque
1397 4934 1586 4992 fraude
1610 4945 1666 4992 et
1771 4946 1961 5001 tentet,
1995 4938 2042 4994 si
2079 4950 2202 4990 eum
2239 4932 2306 4986 ad
2343 4945 2584 4990 nostram
2623 4931 2941 4988 fidelitatem
2969 4935 3228 4982 revocare
3262 4933 3358 4974 ne-

1353 5051 1587 5110 VARIE
1624 5050 2032 5110 LECTIONES.

175 5129 280 5209 η¹⁸³⁸
300 5135 423 5209 decu
453 5137 516 5209 7V.
593 5140 678 5180 “‘9
704 5141 905 5209 plebem
927 5145 1046 5200 edd.
1127 5111 1219 5174 ¹ί⁸⁰
1241 5140 1471 5197 licentire
1503 5145 1568 5200 V.
1647 5142 1737 5175 ³⁸⁵³
1763 5144 1839 5197 ita
1873 5142 1933 5198 ν.
1960 5148 2105 5204 deest
2127 5141 2181 5194 in
2206 5137 2326 5209 add.
2407 5139 2497 5178 ³⁸⁸⁸
2518 5150 2590 5194 ua
2612 5137 2684 5209 ἐν.
2707 5137 2846 5191 deest
2859 5131 2924 5209 in
2943 5125 3091 5209 βάξει,

160 5196 356 5274 litanti.
427 5187 516 5245 ⁸⁸⁸ί
548 5187 905 5267 αἰεεὶιίἵιῖἶ
927 5187 1065 5249 Ἴδε
1099 5187 1471 5274 potestate-ad
1487 5187 1590 5271 hoc
1627 5187 2325 5272 cetnmendanestd
2381 5209 2473 5248 ³⁸⁸³
2500 5187 2588 5265 ita“
2609 5187 3100 5274 V.‘au_t_edd.___f‘"‘
3119 5187 3362 5274 ςςβξμιξξ

271 5297 348 5310 ""
369 5297 611 5340 ενιδιοωδ
650 5297 706 5333 γ.
798 5297 885 5315 ""
913 5297 1052 5340 deest
1095 5297 1156 5336 γ.
1243 5297 1336 5316 δ”ν
1363 5297 1581 5340 aecum
1605 5297 1728 5338 eda.
1781 5285 1849 5337 ad
1899 5286 2161 5340 omnibus
2195 5297 2330 5332 corr.
2389 5297 2459 5335 an
2483 5297 2734 5336 omnqu
2777 5297 2795 5323 ν
2818 5307 2832 5320 ·
2940 5337 2966 5340 __
3003 5297 3019 5340 ζ
3053 5297 3263 5340 ⁸⁵ὕῖ’“·;“
3293 5297 3320 5340 _'

150 4658 189 4702 et
214 4654 331 4711 sicut
360 4663 600 4731 superius
635 4663 912 4733 pmflxum
953 4673 1056 4730 est,
1089 4663 1356 4734 triplicem
1398 4663 1568 4734 legem
1607 4673 1663 4719 et

154 4741 302 4809 "Wex
325 4748 408 4781 ³⁸⁸⁸
435 4751 668 4808 bannum
707 4765 946 4810 nostrum
978 4756 1305 4825 persolvere.

3003 5297 3019 5302 ν
3053 5297 3263 5310 ..ν’-...1.
