  <div class='ocr_page' id='page_1' title='image "/cluster/home/n/w/nwhite01/storage/ocr_20150623/138/hvd.32044015471774/389.png"; bbox 0 0 3960 6320; ppageno 0'>
   <div class='ocr_carea' id='block_1_1' title="bbox 649 320 2197 426">
    <p class='ocr_par' dir='ltr' id='par_1_1' title="bbox 649 320 2197 426">
     <span class='ocr_line' id='line_1_1' title="bbox 649 320 2197 426; baseline -0.013 0"><span class='ocrx_word' id='word_1_1' title='bbox 649 320 753 426; x_wconf 53' lang='lat' dir='ltr'><strong>76i</strong></span> <span class='ocrx_word' id='word_1_2' title='bbox 1355 362 1645 421; x_wconf 77' lang='lat' dir='ltr'><strong>APPEND.</strong></span> <span class='ocrx_word' id='word_1_3' title='bbox 1685 360 1777 415; x_wconf 86' lang='lat' dir='ltr'><strong>AD</strong></span> <span class='ocrx_word' id='word_1_4' title='bbox 1817 356 1987 413; x_wconf 67' lang='lat' dir='ltr'><strong>SAZC.</strong></span> <span class='ocrx_word' id='word_1_5' title='bbox 2020 355 2086 409; x_wconf 80' lang='grc' dir='ltr'><strong>Χ.</strong></span> <span class='ocrx_word' id='word_1_6' title='bbox 2128 381 2197 394; x_wconf 91' lang='grc'><strong><em>-</em></strong></span> 
     </span>
    </p>
   </div>
   <div class='ocr_carea' id='block_1_2' title="bbox 647 468 2211 552">
    <p class='ocr_par' dir='ltr' id='par_1_2' title="bbox 647 468 2211 552">
     <span class='ocr_line' id='line_1_2' title="bbox 647 468 2211 552; baseline -0.012 -17"><span class='ocrx_word' id='word_1_7' title='bbox 647 483 901 552; x_wconf 80' lang='lat' dir='ltr'><strong>quiverit.</strong></span> <span class='ocrx_word' id='word_1_8' title='bbox 924 480 1259 549; x_wconf 80' lang='lat' dir='ltr'><strong>Quicumque</strong></span> <span class='ocrx_word' id='word_1_9' title='bbox 1281 486 1457 531; x_wconf 90' lang='lat' dir='ltr'><strong>autem</strong></span> <span class='ocrx_word' id='word_1_10' title='bbox 1484 483 1672 530; x_wconf 90' lang='lat' dir='ltr'><strong>contra</strong></span> <span class='ocrx_word' id='word_1_11' title='bbox 1704 472 1816 525; x_wconf 80' lang='lat' dir='ltr'><strong>haec</strong></span> <span class='ocrx_word' id='word_1_12' title='bbox 1845 468 2051 532; x_wconf 80' lang='lat' dir='ltr'><strong>fecerit,</strong></span> <span class='ocrx_word' id='word_1_13' title='bbox 2077 480 2211 536; x_wconf 69' lang='lat' dir='ltr'><strong>pra:-</strong></span> 
     </span>
    </p>
   </div>
   <div class='ocr_carea' id='block_1_3' title="bbox 649 558 2212 640">
    <p class='ocr_par' dir='ltr' id='par_1_3' title="bbox 649 558 2212 640">
     <span class='ocr_line' id='line_1_3' title="bbox 649 558 2212 640; baseline -0.011 -12"><span class='ocrx_word' id='word_1_14' title='bbox 649 573 992 628; x_wconf 86' lang='lat' dir='ltr'><strong>decessorum</strong></span> <span class='ocrx_word' id='word_1_15' title='bbox 1047 582 1104 626; x_wconf 89' lang='lat' dir='ltr'><strong>et</strong></span> <span class='ocrx_word' id='word_1_16' title='bbox 1152 568 1552 640; x_wconf 78' lang='lat' dir='ltr'><strong>progenitorum</strong></span> <span class='ocrx_word' id='word_1_17' title='bbox 1605 572 1911 620; x_wconf 89' lang='lat' dir='ltr'><strong>nostrorum</strong></span> <span class='ocrx_word' id='word_1_18' title='bbox 1953 558 2212 630; x_wconf 83' lang='lat' dir='ltr'><strong>judicium</strong></span> 
     </span>
    </p>
   </div>
   <div class='ocr_carea' id='block_1_4' title="bbox 648 666 972 735">
    <p class='ocr_par' dir='ltr' id='par_1_4' title="bbox 648 666 972 735">
     <span class='ocr_line' id='line_1_4' title="bbox 648 666 972 735; baseline -0.012 -13"><span class='ocrx_word' id='word_1_19' title='bbox 648 666 972 735; x_wconf 74' lang='lat' dir='ltr'><strong>experietur.</strong></span> 
     </span>
    </p>
   </div>
   <div class='ocr_carea' id='block_1_5' title="bbox 716 739 2215 822">
    <p class='ocr_par' dir='ltr' id='par_1_5' title="bbox 716 739 2215 822">
     <span class='ocr_line' id='line_1_5' title="bbox 716 739 2215 822; baseline -0.012 -13"><span class='ocrx_word' id='word_1_20' title='bbox 716 757 1018 809; x_wconf 87' lang='lat' dir='ltr'><strong>Ansbertus</strong></span> <span class='ocrx_word' id='word_1_21' title='bbox 1074 753 1512 822; x_wconf 80' lang='lat' dir='ltr'><strong>archiepiscopus</strong></span> <span class='ocrx_word' id='word_1_22' title='bbox 1570 744 1884 815; x_wconf 85' lang='lat' dir='ltr'><strong>subscripsi.</strong></span> <span class='ocrx_word' id='word_1_23' title='bbox 1941 739 2215 795; x_wconf 77' lang='lat' dir='ltr'><strong>Iohannes</strong></span> 
     </span>
    </p>
   </div>
   <div class='ocr_carea' id='block_1_6' title="bbox 646 830 2217 911">
    <p class='ocr_par' dir='ltr' id='par_1_6' title="bbox 646 830 2217 911">
     <span class='ocr_line' id='line_1_6' title="bbox 646 830 2217 911; baseline -0.012 -11"><span class='ocrx_word' id='word_1_24' title='bbox 646 845 867 903; x_wconf 79' lang='lat' dir='ltr'><strong>humilis</strong></span> <span class='ocrx_word' id='word_1_25' title='bbox 891 844 1126 899; x_wconf 67' lang='lat' dir='ltr'><strong>Aretinaa</strong></span> <span class='ocrx_word' id='word_1_26' title='bbox 1153 837 1393 899; x_wconf 63' lang='lat' dir='ltr'><strong>ecclesiaa</strong></span> <span class='ocrx_word' id='word_1_27' title='bbox 1418 841 1704 911; x_wconf 89' lang='lat' dir='ltr'><strong>episcopus</strong></span> <span class='ocrx_word' id='word_1_28' title='bbox 1730 832 2042 902; x_wconf 83' lang='lat' dir='ltr'><strong>subscripsi.</strong></span> <span class='ocrx_word' id='word_1_29' title='bbox 2069 830 2217 885; x_wconf 90' lang='lat' dir='ltr'><strong>Ada-</strong></span> 
     </span>
    </p>
   </div>
   <div class='ocr_carea' id='block_1_7' title="bbox 646 921 2218 989">
    <p class='ocr_par' dir='ltr' id='par_1_7' title="bbox 646 921 2218 989">
     <span class='ocr_line' id='line_1_7' title="bbox 646 921 2218 989; baseline -0.01 0"><span class='ocrx_word' id='word_1_30' title='bbox 646 935 830 989; x_wconf 89' lang='lat' dir='ltr'><strong>lardus</strong></span> <span class='ocrx_word' id='word_1_31' title='bbox 870 949 1060 989; x_wconf 86' lang='lat' dir='ltr'><strong>servus</strong></span> <span class='ocrx_word' id='word_1_32' title='bbox 1102 948 1381 988; x_wconf 87' lang='lat' dir='ltr'><strong>servorum</strong></span> <span class='ocrx_word' id='word_1_33' title='bbox 1412 930 1504 985; x_wconf 88' lang='lat' dir='ltr'><strong>Dei</strong></span> <span class='ocrx_word' id='word_1_34' title='bbox 1545 937 1746 983; x_wconf 76' lang='lat' dir='ltr'><strong>sanctze</strong></span> <span class='ocrx_word' id='word_1_35' title='bbox 1771 921 2097 978; x_wconf 79' lang='lat' dir='ltr'><strong>Veronensis</strong></span> <span class='ocrx_word' id='word_1_36' title='bbox 2129 934 2218 974; x_wconf 91' lang='lat' dir='ltr'><strong>ec-</strong></span> 
     </span>
    </p>
   </div>
   <div class='ocr_carea' id='block_1_8' title="bbox 645 1010 2217 1094">
    <p class='ocr_par' dir='ltr' id='par_1_8' title="bbox 645 1010 2217 1094">
     <span class='ocr_line' id='line_1_8' title="bbox 645 1010 2217 1094; baseline -0.011 -15"><span class='ocrx_word' id='word_1_37' title='bbox 645 1024 823 1079; x_wconf 71' lang='lat' dir='ltr'><strong>clesia:</strong></span> <span class='ocrx_word' id='word_1_38' title='bbox 862 1025 1147 1094; x_wconf 85' lang='lat' dir='ltr'><strong>episcopus</strong></span> <span class='ocrx_word' id='word_1_39' title='bbox 1178 1021 1493 1091; x_wconf 87' lang='lat' dir='ltr'><strong>subscripsi.</strong></span> <span class='ocrx_word' id='word_1_40' title='bbox 1527 1015 1870 1088; x_wconf 78' lang='lat' dir='ltr'><strong>Adalgaudus</strong></span> <span class='ocrx_word' id='word_1_41' title='bbox 1910 1010 2217 1067; x_wconf 80' lang='lat' dir='ltr'><strong>Vercellen-</strong></span> 
     </span>
    </p>
   </div>
   <div class='ocr_carea' id='block_1_9' title="bbox 645 1097 2217 1183">
    <p class='ocr_par' dir='ltr' id='par_1_9' title="bbox 645 1097 2217 1183">
     <span class='ocr_line' id='line_1_9' title="bbox 645 1097 2217 1183; baseline -0.01 -15"><span class='ocrx_word' id='word_1_42' title='bbox 645 1113 721 1168; x_wconf 86' lang='lat' dir='ltr'><strong>sis</strong></span> <span class='ocrx_word' id='word_1_43' title='bbox 746 1112 986 1168; x_wconf 68' lang='lat' dir='ltr'><strong>ecclesiae</strong></span> <span class='ocrx_word' id='word_1_44' title='bbox 1017 1113 1302 1183; x_wconf 88' lang='lat' dir='ltr'><strong>episcopus</strong></span> <span class='ocrx_word' id='word_1_45' title='bbox 1341 1108 1654 1178; x_wconf 84' lang='lat' dir='ltr'><strong>subscripsi.</strong></span> <span class='ocrx_word' id='word_1_46' title='bbox 1684 1107 1795 1160; x_wconf 81' lang='lat' dir='ltr'><strong>Azo</strong></span> <span class='ocrx_word' id='word_1_47' title='bbox 1837 1097 2217 1174; x_wconf 89' lang='lat' dir='ltr'><strong>Eporediensis</strong></span> 
     </span>
    </p>
   </div>
   <div class='ocr_carea' id='block_1_10' title="bbox 644 1189 2217 1273">
    <p class='ocr_par' dir='ltr' id='par_1_10' title="bbox 644 1189 2217 1273">
     <span class='ocr_line' id='line_1_10' title="bbox 644 1189 2217 1273; baseline -0.01 -17"><span class='ocrx_word' id='word_1_48' title='bbox 644 1205 929 1273; x_wconf 91' lang='lat' dir='ltr'><strong>episcopus</strong></span> <span class='ocrx_word' id='word_1_49' title='bbox 975 1203 1289 1272; x_wconf 88' lang='lat' dir='ltr'><strong>subscripsi.</strong></span> <span class='ocrx_word' id='word_1_50' title='bbox 1328 1200 1649 1255; x_wconf 72' lang='lat' dir='ltr'><strong>Benedictus</strong></span> <span class='ocrx_word' id='word_1_51' title='bbox 1683 1196 1968 1265; x_wconf 84' lang='lat' dir='ltr'><strong>cpiscopus</strong></span> <span class='ocrx_word' id='word_1_52' title='bbox 1999 1189 2217 1259; x_wconf 82' lang='lat' dir='ltr'><strong>Cremo-</strong></span> 
     </span>
    </p>
   </div>
   <div class='ocr_carea' id='block_1_11' title="bbox 643 1279 2211 1363">
    <p class='ocr_par' dir='ltr' id='par_1_11' title="bbox 643 1279 2211 1363">
     <span class='ocr_line' id='line_1_11' title="bbox 643 1279 2211 1363; baseline -0.013 -12"><span class='ocrx_word' id='word_1_53' title='bbox 643 1295 824 1351; x_wconf 85' lang='lat' dir='ltr'><strong>nensis</strong></span> <span class='ocrx_word' id='word_1_54' title='bbox 853 1294 1164 1363; x_wconf 89' lang='lat' dir='ltr'><strong>subscripsi.</strong></span> <span class='ocrx_word' id='word_1_55' title='bbox 1196 1292 1480 1346; x_wconf 86' lang='lat' dir='ltr'><strong>liildradus</strong></span> <span class='ocrx_word' id='word_1_56' title='bbox 1506 1288 1756 1344; x_wconf 86' lang='lat' dir='ltr'><strong>Albensis</strong></span> <span class='ocrx_word' id='word_1_57' title='bbox 1784 1285 2067 1355; x_wconf 87' lang='lat' dir='ltr'><strong>episcopus</strong></span> <span class='ocrx_word' id='word_1_58' title='bbox 2094 1279 2211 1332; x_wconf 76' lang='lat' dir='ltr'><strong>sub-</strong></span> 
     </span>
    </p>
   </div>
   <div class='ocr_carea' id='block_1_12' title="bbox 644 1369 2217 1454">
    <p class='ocr_par' dir='ltr' id='par_1_12' title="bbox 644 1369 2217 1454">
     <span class='ocr_line' id='line_1_12' title="bbox 644 1369 2217 1454; baseline -0.012 -14"><span class='ocrx_word' id='word_1_59' title='bbox 644 1384 859 1454; x_wconf 87' lang='lat' dir='ltr'><strong>scripsi.</strong></span> <span class='ocrx_word' id='word_1_60' title='bbox 885 1384 1156 1441; x_wconf 87' lang='lat' dir='ltr'><strong>Gerardus</strong></span> <span class='ocrx_word' id='word_1_61' title='bbox 1178 1384 1401 1453; x_wconf 80' lang='lat' dir='ltr'><strong>exiguus</strong></span> <span class='ocrx_word' id='word_1_62' title='bbox 1423 1379 1663 1436; x_wconf 73' lang='lat' dir='ltr'><strong>ecclesia:</strong></span> <span class='ocrx_word' id='word_1_63' title='bbox 1684 1372 1981 1431; x_wconf 89' lang='lat' dir='ltr'><strong>Laudcnsis</strong></span> <span class='ocrx_word' id='word_1_64' title='bbox 2003 1369 2217 1440; x_wconf 87' lang='lat' dir='ltr'><strong>episco-</strong></span> 
     </span>
    </p>
   </div>
   <div class='ocr_carea' id='block_1_13' title="bbox 2235 345 3795 406">
    <p class='ocr_par' dir='ltr' id='par_1_13' title="bbox 2235 345 3795 406">
     <span class='ocr_line' id='line_1_13' title="bbox 2235 345 3795 406; baseline -0.001 -2"><span class='ocrx_word' id='word_1_65' title='bbox 2235 347 2666 406; x_wconf 67' lang='lat' dir='ltr'><strong>MONUMENTA</strong></span> <span class='ocrx_word' id='word_1_66' title='bbox 2703 345 3183 404; x_wconf 67' lang='lat' dir='ltr'><strong>DlPLOMATlCA.</strong></span> <span class='ocrx_word' id='word_1_67' title='bbox 3719 347 3795 404; x_wconf 75' lang='grc'><strong>768</strong></span> 
     </span>
    </p>
   </div>
   <div class='ocr_carea' id='block_1_14' title="bbox 2240 456 3794 533">
    <p class='ocr_par' dir='ltr' id='par_1_14' title="bbox 2240 456 3794 533">
     <span class='ocr_line' id='line_1_14' title="bbox 2240 456 3794 533; baseline -0.003 -17"><span class='ocrx_word' id='word_1_68' title='bbox 2240 468 2287 527; x_wconf 77' lang='grc' dir='ltr'><strong>Α</strong></span> <span class='ocrx_word' id='word_1_69' title='bbox 2316 478 2415 533; x_wconf 87' lang='lat' dir='ltr'><strong>pus</strong></span> <span class='ocrx_word' id='word_1_70' title='bbox 2454 461 2767 530; x_wconf 84' lang='lat' dir='ltr'><strong>subscripsi.</strong></span> <span class='ocrx_word' id='word_1_71' title='bbox 2798 459 3073 515; x_wconf 79' lang='lat' dir='ltr'><strong>Iohannes</strong></span> <span class='ocrx_word' id='word_1_72' title='bbox 3104 456 3321 512; x_wconf 85' lang='lat' dir='ltr'><strong>humilis</strong></span> <span class='ocrx_word' id='word_1_73' title='bbox 3358 456 3618 527; x_wconf 83' lang='lat' dir='ltr'><strong>episcopus</strong></span> <span class='ocrx_word' id='word_1_74' title='bbox 3650 468 3794 512; x_wconf 66' lang='lat' dir='ltr'><strong>sancta</strong></span> 
     </span>
    </p>
   </div>
   <div class='ocr_carea' id='block_1_15' title="bbox 2320 549 3795 622">
    <p class='ocr_par' dir='ltr' id='par_1_15' title="bbox 2320 549 3795 622">
     <span class='ocr_line' id='line_1_15' title="bbox 2320 549 3795 622; baseline -0.005 -11"><span class='ocrx_word' id='word_1_75' title='bbox 2320 556 2621 611; x_wconf 72' lang='lat' dir='ltr'><strong>Ticinensis</strong></span> <span class='ocrx_word' id='word_1_76' title='bbox 2646 554 2887 609; x_wconf 73' lang='lat' dir='ltr'><strong>ecclesize</strong></span> <span class='ocrx_word' id='word_1_77' title='bbox 2910 551 3224 622; x_wconf 90' lang='lat' dir='ltr'><strong>subscripsi.</strong></span> <span class='ocrx_word' id='word_1_78' title='bbox 3252 549 3533 605; x_wconf 80' lang='lat' dir='ltr'><strong>Teudulfus</strong></span> <span class='ocrx_word' id='word_1_79' title='bbox 3558 549 3795 604; x_wconf 81' lang='lat' dir='ltr'><strong>Terdonen-</strong></span> 
     </span>
    </p>
   </div>
   <div class='ocr_carea' id='block_1_16' title="bbox 2320 639 3793 717">
    <p class='ocr_par' dir='ltr' id='par_1_16' title="bbox 2320 639 3793 717">
     <span class='ocr_line' id='line_1_16' title="bbox 2320 639 3793 717; baseline -0.006 -15"><span class='ocrx_word' id='word_1_80' title='bbox 2320 648 2393 702; x_wconf 90' lang='lat' dir='ltr'><strong>sis</strong></span> <span class='ocrx_word' id='word_1_81' title='bbox 2422 647 2702 717; x_wconf 90' lang='lat' dir='ltr'><strong>episcopus</strong></span> <span class='ocrx_word' id='word_1_82' title='bbox 2732 643 3048 712; x_wconf 88' lang='lat' dir='ltr'><strong>subscripsi.</strong></span> <span class='ocrx_word' id='word_1_83' title='bbox 3092 641 3374 697; x_wconf 84' lang='lat' dir='ltr'><strong>Hilduinus</strong></span> <span class='ocrx_word' id='word_1_84' title='bbox 3404 639 3627 694; x_wconf 88' lang='lat' dir='ltr'><strong>Astensis</strong></span> <span class='ocrx_word' id='word_1_85' title='bbox 3647 641 3793 708; x_wconf 86' lang='lat' dir='ltr'><strong>episco-</strong></span> 
     </span>
    </p>
   </div>
   <div class='ocr_carea' id='block_1_17' title="bbox 2316 729 3793 808">
    <p class='ocr_par' dir='ltr' id='par_1_17' title="bbox 2316 729 3793 808">
     <span class='ocr_line' id='line_1_17' title="bbox 2316 729 3793 808; baseline -0.005 -17"><span class='ocrx_word' id='word_1_86' title='bbox 2316 752 2417 808; x_wconf 90' lang='lat' dir='ltr'><strong>pus</strong></span> <span class='ocrx_word' id='word_1_87' title='bbox 2444 734 2761 806; x_wconf 85' lang='lat' dir='ltr'><strong>subscripsi.</strong></span> <span class='ocrx_word' id='word_1_88' title='bbox 2795 732 3123 788; x_wconf 88' lang='lat' dir='ltr'><strong>Sabbatinus</strong></span> <span class='ocrx_word' id='word_1_89' title='bbox 3152 730 3367 787; x_wconf 89' lang='lat' dir='ltr'><strong>humilis</strong></span> <span class='ocrx_word' id='word_1_90' title='bbox 3394 729 3651 784; x_wconf 79' lang='lat' dir='ltr'><strong>Jenuensis</strong></span> <span class='ocrx_word' id='word_1_91' title='bbox 3671 729 3793 783; x_wconf 78' lang='lat' dir='ltr'><strong>eccle-</strong></span> 
     </span>
    </p>
   </div>
   <div class='ocr_carea' id='block_1_18' title="bbox 2317 817 3795 895">
    <p class='ocr_par' dir='ltr' id='par_1_18' title="bbox 2317 817 3795 895">
     <span class='ocr_line' id='line_1_18' title="bbox 2317 817 3795 895; baseline -0.007 -15"><span class='ocrx_word' id='word_1_92' title='bbox 2317 827 2409 880; x_wconf 70' lang='lat' dir='ltr'><strong>sia:</strong></span> <span class='ocrx_word' id='word_1_93' title='bbox 2447 826 2731 895; x_wconf 87' lang='lat' dir='ltr'><strong>episcopus</strong></span> <span class='ocrx_word' id='word_1_94' title='bbox 2774 821 3090 891; x_wconf 84' lang='lat' dir='ltr'><strong>subscripsi.</strong></span> <span class='ocrx_word' id='word_1_95' title='bbox 3124 820 3345 889; x_wconf 82' lang='lat' dir='ltr'><strong>Signum</strong></span> <span class='ocrx_word' id='word_1_96' title='bbox 3384 817 3593 873; x_wconf 88' lang='lat' dir='ltr'><strong>Bosonis</strong></span> <span class='ocrx_word' id='word_1_97' title='bbox 3621 818 3737 871; x_wconf 88' lang='lat' dir='ltr'><strong>ducis</strong></span> <span class='ocrx_word' id='word_1_98' title='bbox 3760 826 3795 871; x_wconf 83' lang='lat' dir='ltr'><strong>et</strong></span> 
     </span>
    </p>
   </div>
   <div class='ocr_carea' id='block_1_19' title="bbox 2318 906 3795 982">
    <p class='ocr_par' dir='ltr' id='par_1_19' title="bbox 2318 906 3795 982">
     <span class='ocr_line' id='line_1_19' title="bbox 2318 906 3795 982; baseline -0.005 -15"><span class='ocrx_word' id='word_1_99' title='bbox 2318 914 2466 968; x_wconf 88' lang='lat' dir='ltr'><strong>missi</strong></span> <span class='ocrx_word' id='word_1_100' title='bbox 2488 913 2651 967; x_wconf 75' lang='lat' dir='ltr'><strong>Italia:</strong></span> <span class='ocrx_word' id='word_1_101' title='bbox 2670 920 2830 981; x_wconf 89' lang='lat' dir='ltr'><strong>atque</strong></span> <span class='ocrx_word' id='word_1_102' title='bbox 2851 911 2992 966; x_wconf 83' lang='lat' dir='ltr'><strong>sacri</strong></span> <span class='ocrx_word' id='word_1_103' title='bbox 3015 909 3201 982; x_wconf 84' lang='lat' dir='ltr'><strong>palatii</strong></span> <span class='ocrx_word' id='word_1_104' title='bbox 3229 907 3613 964; x_wconf 88' lang='lat' dir='ltr'><strong>archiministri.</strong></span> <span class='ocrx_word' id='word_1_105' title='bbox 3634 906 3795 976; x_wconf 76' lang='lat' dir='ltr'><strong>Signum</strong></span> 
     </span>
    </p>
   </div>
   <div class='ocr_carea' id='block_1_20' title="bbox 2318 996 3795 1071">
    <p class='ocr_par' dir='ltr' id='par_1_20' title="bbox 2318 996 3795 1071">
     <span class='ocr_line' id='line_1_20' title="bbox 2318 996 3795 1071; baseline -0.006 -14"><span class='ocrx_word' id='word_1_106' title='bbox 2318 1004 2576 1059; x_wconf 87' lang='lat' dir='ltr'><strong>Bernardi</strong></span> <span class='ocrx_word' id='word_1_107' title='bbox 2612 1003 2845 1059; x_wconf 92' lang='lat' dir='ltr'><strong>comitis.</strong></span> <span class='ocrx_word' id='word_1_108' title='bbox 2893 1001 3115 1071; x_wconf 78' lang='lat' dir='ltr'><strong>Signum</strong></span> <span class='ocrx_word' id='word_1_109' title='bbox 3144 999 3373 1055; x_wconf 89' lang='lat' dir='ltr'><strong>Bodradi</strong></span> <span class='ocrx_word' id='word_1_110' title='bbox 3401 998 3612 1053; x_wconf 90' lang='lat' dir='ltr'><strong>comitis.</strong></span> <span class='ocrx_word' id='word_1_111' title='bbox 3633 996 3795 1065; x_wconf 80' lang='lat' dir='ltr'><strong>Signum</strong></span> 
     </span>
    </p>
   </div>
   <div class='ocr_carea' id='block_1_21' title="bbox 2320 1089 3796 1165">
    <p class='ocr_par' dir='ltr' id='par_1_21' title="bbox 2320 1089 3796 1165">
     <span class='ocr_line' id='line_1_21' title="bbox 2320 1089 3796 1165; baseline -0.008 -11"><span class='ocrx_word' id='word_1_112' title='bbox 2320 1099 2537 1154; x_wconf 81' lang='lat' dir='ltr'><strong>Ricardi</strong></span> <span class='ocrx_word' id='word_1_113' title='bbox 2574 1097 2806 1153; x_wconf 89' lang='lat' dir='ltr'><strong>comitis.</strong></span> <span class='ocrx_word' id='word_1_114' title='bbox 2844 1095 3067 1165; x_wconf 77' lang='lat' dir='ltr'><strong>Signum</strong></span> <span class='ocrx_word' id='word_1_115' title='bbox 3113 1092 3355 1148; x_wconf 88' lang='lat' dir='ltr'><strong>Airboldi</strong></span> <span class='ocrx_word' id='word_1_116' title='bbox 3397 1090 3609 1146; x_wconf 82' lang='lat' dir='ltr'><strong>comitis.</strong></span> <span class='ocrx_word' id='word_1_117' title='bbox 3636 1089 3796 1159; x_wconf 74' lang='lat' dir='ltr'><strong>Signum</strong></span> 
     </span>
    </p>
   </div>
   <div class='ocr_carea' id='block_1_22' title="bbox 2318 1179 3797 1254">
    <p class='ocr_par' dir='ltr' id='par_1_22' title="bbox 2318 1179 3797 1254">
     <span class='ocr_line' id='line_1_22' title="bbox 2318 1179 3797 1254; baseline -0.009 -9"><span class='ocrx_word' id='word_1_118' title='bbox 2318 1188 2595 1245; x_wconf 83' lang='lat' dir='ltr'><strong>Cuniberti</strong></span> <span class='ocrx_word' id='word_1_119' title='bbox 2621 1187 2848 1242; x_wconf 90' lang='lat' dir='ltr'><strong>comitis.</strong></span> <span class='ocrx_word' id='word_1_120' title='bbox 2879 1184 3102 1252; x_wconf 81' lang='lat' dir='ltr'><strong>Signum</strong></span> <span class='ocrx_word' id='word_1_121' title='bbox 3122 1183 3390 1254; x_wconf 89' lang='lat' dir='ltr'><strong>Supponis</strong></span> <span class='ocrx_word' id='word_1_122' title='bbox 3412 1181 3621 1237; x_wconf 86' lang='lat' dir='ltr'><strong>comitis.</strong></span> <span class='ocrx_word' id='word_1_123' title='bbox 3637 1179 3797 1250; x_wconf 80' lang='lat' dir='ltr'><strong>Signum</strong></span> 
     </span>
    </p>
   </div>
   <div class='ocr_carea' id='block_1_23' title="bbox 2316 1268 3797 1344">
    <p class='ocr_par' dir='ltr' id='par_1_23' title="bbox 2316 1268 3797 1344">
     <span class='ocr_line' id='line_1_23' title="bbox 2316 1268 3797 1344; baseline -0.008 -13"><span class='ocrx_word' id='word_1_124' title='bbox 2316 1278 2547 1332; x_wconf 87' lang='lat' dir='ltr'><strong>Alberici</strong></span> <span class='ocrx_word' id='word_1_125' title='bbox 2600 1276 2833 1331; x_wconf 92' lang='lat' dir='ltr'><strong>comitis.</strong></span> <span class='ocrx_word' id='word_1_126' title='bbox 2883 1272 3107 1344; x_wconf 78' lang='lat' dir='ltr'><strong>Signum</strong></span> <span class='ocrx_word' id='word_1_127' title='bbox 3154 1273 3280 1326; x_wconf 92' lang='lat' dir='ltr'><strong>item</strong></span> <span class='ocrx_word' id='word_1_128' title='bbox 3332 1270 3595 1325; x_wconf 83' lang='lat' dir='ltr'><strong>Bernardi.</strong></span> <span class='ocrx_word' id='word_1_129' title='bbox 3637 1268 3797 1337; x_wconf 81' lang='lat' dir='ltr'><strong>Signum</strong></span> 
     </span>
    </p>
   </div>
   <div class='ocr_carea' id='block_1_24' title="bbox 2318 1355 3681 1433">
    <p class='ocr_par' dir='ltr' id='par_1_24' title="bbox 2318 1355 3681 1433">
     <span class='ocr_line' id='line_1_24' title="bbox 2318 1355 3681 1433; baseline -0.01 -13"><span class='ocrx_word' id='word_1_130' title='bbox 2318 1365 2576 1432; x_wconf 80' lang='lat' dir='ltr'><strong>ilardingi</strong></span> <span class='ocrx_word' id='word_1_131' title='bbox 2606 1363 2839 1418; x_wconf 86' lang='lat' dir='ltr'><strong>comitis.</strong></span> <span class='ocrx_word' id='word_1_132' title='bbox 2870 1361 3094 1433; x_wconf 80' lang='lat' dir='ltr'><strong>Signum</strong></span> <span class='ocrx_word' id='word_1_133' title='bbox 3122 1358 3345 1415; x_wconf 87' lang='lat' dir='ltr'><strong>Bcrardi</strong></span> <span class='ocrx_word' id='word_1_134' title='bbox 3370 1355 3681 1413; x_wconf 60' lang='lat' dir='ltr'><strong>comitis‘m.</strong></span> 
     </span>
    </p>
   </div>
   <div class='ocr_carea' id='block_1_25' title="bbox 1598 1515 2901 1587">
    <p class='ocr_par' dir='ltr' id='par_1_25' title="bbox 1598 1515 2901 1587">
     <span class='ocr_line' id='line_1_25' title="bbox 1598 1515 2901 1587; baseline -0.014 0"><span class='ocrx_word' id='word_1_135' title='bbox 1598 1529 1853 1587; x_wconf 80' lang='lat' dir='ltr'><strong>KAROLI</strong></span> <span class='ocrx_word' id='word_1_136' title='bbox 1898 1527 1939 1581; x_wconf 88' lang='grc'><strong>11</strong></span> <span class='ocrx_word' id='word_1_137' title='bbox 1979 1520 2299 1580; x_wconf 79' lang='lat' dir='ltr'><strong>SYNODUS</strong></span> <span class='ocrx_word' id='word_1_138' title='bbox 2337 1515 2901 1575; x_wconf 78' lang='lat' dir='ltr'><strong>PONTIGONENSIS.</strong></span> 
     </span>
    </p>
   </div>
   <div class='ocr_carea' id='block_1_26' title="bbox 1911 1627 2634 1698">
    <p class='ocr_par' dir='ltr' id='par_1_26' title="bbox 1911 1627 2634 1698">
     <span class='ocr_line' id='line_1_26' title="bbox 1911 1627 2634 1698; baseline -0.015 -6"><span class='ocrx_word' id='word_1_139' title='bbox 1911 1639 2034 1698; x_wconf 75' lang='lat' dir='ltr'><strong>(An.</strong></span> <span class='ocrx_word' id='word_1_140' title='bbox 2075 1635 2197 1690; x_wconf 82' lang='lat'><strong>876.</strong></span> <span class='ocrx_word' id='word_1_141' title='bbox 2228 1633 2359 1687; x_wconf 81' lang='lat' dir='ltr'><strong>Jun.</strong></span> <span class='ocrx_word' id='word_1_142' title='bbox 2390 1661 2459 1670; x_wconf 94' lang='lat'><strong>—</strong></span> <span class='ocrx_word' id='word_1_143' title='bbox 2496 1627 2634 1698; x_wconf 79' lang='lat' dir='ltr'><strong>Jul.)</strong></span> 
     </span>
    </p>
   </div>
   <div class='ocr_carea' id='block_1_27' title="bbox 713 1749 2204 1839">
    <p class='ocr_par' dir='ltr' id='par_1_27' title="bbox 713 1749 2204 1839">
     <span class='ocr_line' id='line_1_27' title="bbox 713 1749 2204 1839; baseline -0.013 -17"><span class='ocrx_word' id='word_1_144' title='bbox 713 1768 947 1823; x_wconf 87' lang='lat' dir='ltr'><strong>llistoria</strong></span> <span class='ocrx_word' id='word_1_145' title='bbox 984 1768 1170 1839; x_wconf 83' lang='lat' dir='ltr'><strong>synodi</strong></span> <span class='ocrx_word' id='word_1_146' title='bbox 1204 1764 1365 1835; x_wconf 89' lang='lat' dir='ltr'><strong>hujus</strong></span> <span class='ocrx_word' id='word_1_147' title='bbox 1395 1764 1462 1819; x_wconf 89' lang='lat' dir='ltr'><strong>ab</strong></span> <span class='ocrx_word' id='word_1_148' title='bbox 1497 1760 1788 1839; x_wconf 79' lang='lat' dir='ltr'><strong>Hincmaro</strong></span> <span class='ocrx_word' id='word_1_149' title='bbox 1826 1756 1878 1810; x_wconf 90' lang='lat' dir='ltr'><strong>in</strong></span> <span class='ocrx_word' id='word_1_150' title='bbox 1909 1749 2204 1839; x_wconf 72' lang='lat' dir='ltr'><strong>Annalibus</strong></span> 
     </span>
    </p>
   </div>
   <div class='ocr_carea' id='block_1_28' title="bbox 646 1831 1965 1908">
    <p class='ocr_par' dir='ltr' id='par_1_28' title="bbox 646 1831 1965 1908">
     <span class='ocr_line' id='line_1_28' title="bbox 646 1831 1965 1908; baseline -0.009 -17"><span class='ocrx_word' id='word_1_151' title='bbox 646 1839 906 1908; x_wconf 79' lang='lat' dir='ltr'><strong>prolixius</strong></span> <span class='ocrx_word' id='word_1_152' title='bbox 935 1831 1237 1893; x_wconf 76' lang='lat' dir='ltr'><strong>enarratur.</strong></span> <span class='ocrx_word' id='word_1_153' title='bbox 1265 1831 1522 1908; x_wconf 77' lang='lat' dir='ltr'><strong>Actorum</strong></span> <span class='ocrx_word' id='word_1_154' title='bbox 1549 1831 1665 1901; x_wconf 88' lang='lat' dir='ltr'><strong>ejus</strong></span> <span class='ocrx_word' id='word_1_155' title='bbox 1701 1842 1825 1899; x_wconf 88' lang='lat' dir='ltr'><strong>pars</strong></span> <span class='ocrx_word' id='word_1_156' title='bbox 1868 1840 1965 1908; x_wconf 73' lang='lat' dir='ltr'><strong>sup</strong></span> 
     </span>
    </p>
   </div>
   <div class='ocr_carea' id='block_1_29' title="bbox 646 1924 1844 1978">
    <p class='ocr_par' dir='ltr' id='par_1_29' title="bbox 646 1924 1844 1978">
     <span class='ocr_line' id='line_1_29' title="bbox 646 1924 1844 1978; baseline -0.009 -16"><span class='ocrx_word' id='word_1_157' title='bbox 646 1924 768 1962; x_wconf 90' lang='lat' dir='ltr'><strong>cum</strong></span> <span class='ocrx_word' id='word_1_158' title='bbox 805 1924 1010 1978; x_wconf 78' lang='lat' dir='ltr'><strong>regem,</strong></span> <span class='ocrx_word' id='word_1_159' title='bbox 1040 1924 1652 1978; x_wconf 64' lang='grc' dir='ltr'><strong>εοηιιτῃιίιιιολιρῳγιιιιι</strong></span> <span class='ocrx_word' id='word_1_160' title='bbox 1685 1924 1844 1978; x_wconf 41' lang='grc' dir='ltr'><strong>υυιμξξ</strong></span> 
     </span>
    </p>
   </div>
   <div class='ocr_carea' id='block_1_30' title="bbox 644 1974 1882 2047">
    <p class='ocr_par' dir='ltr' id='par_1_30' title="bbox 644 1974 1882 2047">
     <span class='ocr_line' id='line_1_30' title="bbox 644 1974 1882 2047; baseline -0.01 -17"><span class='ocrx_word' id='word_1_161' title='bbox 644 1974 903 2047; x_wconf 73' lang='lat' dir='ltr'><strong>oramenti</strong></span> <span class='ocrx_word' id='word_1_162' title='bbox 940 1993 969 2030; x_wconf 90' lang='lat' dir='ltr'><strong>a</strong></span> <span class='ocrx_word' id='word_1_163' title='bbox 1002 1974 1595 2047; x_wconf 78' lang='lat' dir='ltr'><strong>proceribusomnibus</strong></span> <span class='ocrx_word' id='word_1_164' title='bbox 1624 1974 1882 2047; x_wconf 65' lang='lat' dir='ltr'><strong>praestiti,</strong></span> 
     </span>
    </p>
   </div>
   <div class='ocr_carea' id='block_1_31' title="bbox 645 2030 2185 2114">
    <p class='ocr_par' dir='ltr' id='par_1_31' title="bbox 645 2030 2185 2114">
     <span class='ocr_line' id='line_1_31' title="bbox 645 2030 2185 2114; baseline -0.014 -12"><span class='ocrx_word' id='word_1_165' title='bbox 645 2030 830 2103; x_wconf 83' lang='lat' dir='ltr'><strong>Odone</strong></span> <span class='ocrx_word' id='word_1_166' title='bbox 859 2030 1226 2102; x_wconf 54' lang='lat' dir='ltr'><strong>Bellovacensi</strong></span> <span class='ocrx_word' id='word_1_167' title='bbox 1253 2045 1505 2114; x_wconf 81' lang='lat' dir='ltr'><strong>episcopo</strong></span> <span class='ocrx_word' id='word_1_168' title='bbox 1552 2030 1663 2114; x_wconf 74' lang='lat' dir='ltr'><strong>xvii</strong></span> <span class='ocrx_word' id='word_1_169' title='bbox 1713 2037 1832 2114; x_wconf 64' lang='lat' dir='ltr'><strong>Kal.</strong></span> <span class='ocrx_word' id='word_1_170' title='bbox 1866 2031 2092 2114; x_wconf 52' lang='lat' dir='ltr'><strong>Augusti</strong></span> <span class='ocrx_word' id='word_1_171' title='bbox 2116 2030 2185 2111; x_wconf 45' lang='lat' dir='ltr'><strong>.in</strong></span> 
     </span>
    </p>
   </div>
   <div class='ocr_carea' id='block_1_32' title="bbox 1149 1880 3630 1963">
    <p class='ocr_par' dir='ltr' id='par_1_32' title="bbox 1149 1880 3630 1963">
     <span class='ocr_line' id='line_1_32' title="bbox 1149 1880 3630 1963; baseline -0.015 -3"><span class='ocrx_word' id='word_1_172' title='bbox 1685 1880 1983 1952; x_wconf 44' lang='lat' dir='ltr'><strong>(genventt&#39;ts</strong></span> <span class='ocrx_word' id='word_1_173' title='bbox 2008 1886 2339 1963; x_wconf 21' lang='lat' dir='ltr'><strong>4T_icine_nsi_s</strong></span> <span class='ocrx_word' id='word_1_174' title='bbox 2371 1880 2853 1963; x_wconf 64' lang='lat' dir='ltr'><strong>pridieKalendas</strong></span> <span class='ocrx_word' id='word_1_175' title='bbox 2886 1880 3010 1935; x_wconf 80' lang='lat' dir='ltr'><strong>Julii</strong></span> <span class='ocrx_word' id='word_1_176' title='bbox 3051 1880 3194 1963; x_wconf 71' lang='lat' dir='ltr'><strong>edita</strong></span> <span class='ocrx_word' id='word_1_177' title='bbox 3214 1892 3348 1963; x_wconf 54' lang='lat' dir='ltr'><strong>&#39;nna</strong></span> <span class='ocrx_word' id='word_1_178' title='bbox 3373 1890 3494 1963; x_wconf 41' lang='lat' dir='ltr'><strong>tenta</strong></span> <span class='ocrx_word' id='word_1_179' title='bbox 3528 1880 3630 1953; x_wconf 79' lang='lat' dir='ltr'><strong>lorn</strong></span> 
     </span>
    </p>
   </div>
   <div class='ocr_carea' id='block_1_33' title="bbox 1924 1943 3799 2021">
    <p class='ocr_par' dir='ltr' id='par_1_33' title="bbox 1924 1943 3799 2021">
     <span class='ocr_line' id='line_1_33' title="bbox 1924 1943 3799 2021; baseline -0.012 -6"><span class='ocrx_word' id='word_1_180' title='bbox 1924 1943 2168 2016; x_wconf 55' lang='lat' dir='ltr'><strong>scamno</strong></span> <span class='ocrx_word' id='word_1_181' title='bbox 2206 1959 2273 2012; x_wconf 89' lang='lat' dir='ltr'><strong>de</strong></span> <span class='ocrx_word' id='word_1_182' title='bbox 2301 1943 2616 2021; x_wconf 75' lang='lat' dir='ltr'><strong>Atlclgaudo</strong></span> <span class='ocrx_word' id='word_1_183' title='bbox 2662 1952 2978 2019; x_wconf 85' lang='lat' dir='ltr'><strong>presbytero</strong></span> <span class='ocrx_word' id='word_1_184' title='bbox 3004 1947 3174 2018; x_wconf 88' lang='lat' dir='ltr'><strong>pridie</strong></span> <span class='ocrx_word' id='word_1_185' title='bbox 3214 1947 3337 2000; x_wconf 87' lang='lat' dir='ltr'><strong>ldus</strong></span> <span class='ocrx_word' id='word_1_186' title='bbox 3364 1943 3719 2021; x_wconf 82' lang='lat' dir='ltr'><strong>Julii,capitula</strong></span> <span class='ocrx_word' id='word_1_187' title='bbox 3756 1945 3799 1993; x_wconf 79' lang='lat' dir='ltr'><strong>ali</strong></span> 
     </span>
    </p>
   </div>
   <div class='ocr_carea' id='block_1_34' title="bbox 2250 1732 3798 1817">
    <p class='ocr_par' dir='ltr' id='par_1_34' title="bbox 2250 1732 3798 1817">
     <span class='ocr_line' id='line_1_34' title="bbox 2250 1732 3798 1817; baseline -0.008 -18"><span class='ocrx_word' id='word_1_188' title='bbox 2250 1744 2423 1817; x_wconf 84' lang='lat' dir='ltr'><strong>(Man.</strong></span> <span class='ocrx_word' id='word_1_189' title='bbox 2452 1739 2785 1817; x_wconf 40' lang='lat' dir='ltr'><strong>cetmgss.</strong></span> <span class='ocrx_word' id='word_1_190' title='bbox 2836 1741 2888 1817; x_wconf 89' lang='lat' dir='ltr'><strong>l,_</strong></span> <span class='ocrx_word' id='word_1_191' title='bbox 2929 1756 2982 1810; x_wconf 94' lang='lat' dir='ltr'><strong>p.</strong></span> <span class='ocrx_word' id='word_1_192' title='bbox 3014 1736 3286 1817; x_wconf 59' lang='lat' dir='ltr'><strong>ta_9,_5oo</strong></span> <span class='ocrx_word' id='word_1_193' title='bbox 3334 1732 3798 1817; x_wconf 41' lang='lat' dir='ltr'><strong>paratumaut,”</strong></span> 
     </span>
    </p>
   </div>
   <div class='ocr_carea' id='block_1_35' title="bbox 1969 1803 3800 1881">
    <p class='ocr_par' dir='ltr' id='par_1_35' title="bbox 1969 1803 3800 1881">
     <span class='ocr_line' id='line_1_35' title="bbox 1969 1803 3800 1881; baseline -0.011 -6"><span class='ocrx_word' id='word_1_194' title='bbox 1969 1803 2132 1879; x_wconf 17' lang='lat' dir='ltr'><strong>errest,</strong></span> <span class='ocrx_word' id='word_1_195' title='bbox 2166 1803 2373 1873; x_wconf 79' lang='lat' dir='ltr'><strong>scilicet</strong></span> <span class='ocrx_word' id='word_1_196' title='bbox 2403 1814 2590 1881; x_wconf 90' lang='lat' dir='ltr'><strong>petitio</strong></span> <span class='ocrx_word' id='word_1_197' title='bbox 2616 1803 3357 1881; x_wconf 58' lang='lat' dir='ltr'><strong>llincniari_&#39;archiepiscepi</strong></span> <span class='ocrx_word' id='word_1_198' title='bbox 3375 1806 3613 1881; x_wconf 66' lang='lat' dir='ltr'><strong>adversus</strong></span> <span class='ocrx_word' id='word_1_199' title='bbox 3639 1803 3800 1881; x_wconf 77' lang='lat' dir='ltr'><strong>Ludovi-</strong></span> 
     </span>
    </p>
   </div>
   <div class='ocr_carea' id='block_1_36' title="bbox 2886 1872 3800 1935">
    <p class='ocr_par' dir='ltr' id='par_1_36' title="bbox 2886 1872 3800 1935">
     <span class='ocr_line' id='line_1_36' title="bbox 2886 1872 3800 1935; baseline -0.011 -1"><span class='ocrx_word' id='word_1_200' title='bbox 2886 1879 3010 1935; x_wconf 80' lang='lat' dir='ltr'><strong>Julii</strong></span> <span class='ocrx_word' id='word_1_201' title='bbox 3051 1872 3194 1931; x_wconf 39' lang='lat' dir='ltr'><strong>edi—ta</strong></span> <span class='ocrx_word' id='word_1_202' title='bbox 3243 1872 3348 1929; x_wconf 80' lang='lat' dir='ltr'><strong>una</strong></span> <span class='ocrx_word' id='word_1_203' title='bbox 3378 1890 3494 1929; x_wconf 88' lang='lat' dir='ltr'><strong>eum</strong></span> <span class='ocrx_word' id='word_1_204' title='bbox 3528 1872 3714 1927; x_wconf 82' lang='lat' dir='ltr'><strong>formula</strong></span> <span class='ocrx_word' id='word_1_205' title='bbox 3746 1888 3800 1925; x_wconf 77' lang='lat' dir='ltr'><strong>sa-</strong></span> 
     </span>
    </p>
   </div>
   <div class='ocr_carea' id='block_1_37' title="bbox 2234 2014 3800 2097">
    <p class='ocr_par' dir='ltr' id='par_1_37' title="bbox 2234 2014 3800 2097">
     <span class='ocr_line' id='line_1_37' title="bbox 2234 2014 3800 2097; baseline -0.011 -17"><span class='ocrx_word' id='word_1_206' title='bbox 2234 2014 2778 2097; x_wconf 38' lang='lat' dir='ltr'><strong>synodoflccta,‘sed</strong></span> <span class='ocrx_word' id='word_1_207' title='bbox 2812 2014 3099 2097; x_wconf 58' lang='lat' dir='ltr'><strong>l&#39;lincrnaro</strong></span> <span class='ocrx_word' id='word_1_208' title='bbox 3127 2024 3388 2097; x_wconf 76' lang='lat' dir='ltr'><strong>monente</strong></span> <span class='ocrx_word' id='word_1_209' title='bbox 3423 2014 3704 2097; x_wconf 68' lang='lat' dir='ltr'><strong>auctoritate</strong></span> <span class='ocrx_word' id='word_1_210' title='bbox 3742 2027 3800 2097; x_wconf 57' lang='grc' dir='ltr'><strong>εξ]-</strong></span> 
     </span>
    </p>
   </div>
   <div class='ocr_carea' id='block_1_38' title="bbox 645 2080 3797 2181">
    <p class='ocr_par' dir='ltr' id='par_1_38' title="bbox 645 2080 3797 2181">
     <span class='ocr_line' id='line_1_38' title="bbox 646 2080 3672 2114; baseline 0 -11"><span class='ocrx_word' id='word_1_211' title='bbox 646 2080 830 2103; x_wconf 69' lang='grc' dir='ltr'><strong>υυυΙΙῦ</strong></span> <span class='ocrx_word' id='word_1_212' title='bbox 859 2080 1226 2102; x_wconf 63' lang='grc' dir='ltr'><strong>ιιῠιιυναιςιιδι</strong></span> <span class='ocrx_word' id='word_1_213' title='bbox 1253 2080 1505 2114; x_wconf 62' lang='grc' dir='ltr'><strong>τγιδυιγυ</strong></span> <span class='ocrx_word' id='word_1_214' title='bbox 1553 2080 1663 2096; x_wconf 57' lang='lat'><strong>“&quot;&#39;</strong></span> <span class='ocrx_word' id='word_1_215' title='bbox 1713 2080 1832 2091; x_wconf 70' lang='lat'><strong>““&quot;</strong></span> <span class='ocrx_word' id='word_1_216' title='bbox 1866 2080 2092 2113; x_wconf 57' lang='lat' dir='ltr'><strong>&quot;&#39;&quot;Q&quot;&quot;&#39;</strong></span> <span class='ocrx_word' id='word_1_217' title='bbox 2116 2080 2184 2111; x_wconf 25' lang='grc' dir='ltr'><strong>,νὴ</strong></span> <span class='ocrx_word' id='word_1_218' title='bbox 2264 2080 2281 2097; x_wconf 68' lang='grc' dir='ltr'><strong>ι’</strong></span> <span class='ocrx_word' id='word_1_219' title='bbox 2331 2095 2343 2105; x_wconf 74' lang='grc' dir='ltr'><strong><em>ο</em></strong></span> <span class='ocrx_word' id='word_1_220' title='bbox 2451 2092 2462 2103; x_wconf 74' lang='grc' dir='ltr'>α</span> <span class='ocrx_word' id='word_1_221' title='bbox 2594 2091 2604 2102; x_wconf 78' lang='grc' dir='ltr'><strong><em>ο</em></strong></span> <span class='ocrx_word' id='word_1_222' title='bbox 2636 2080 2643 2085; x_wconf 92' lang='grc'><em>”</em></span> <span class='ocrx_word' id='word_1_223' title='bbox 3127 2088 3137 2098; x_wconf 76' lang='grc' dir='ltr'><strong>ο</strong></span> <span class='ocrx_word' id='word_1_224' title='bbox 3664 2082 3672 2091; x_wconf 90' lang='grc'><strong><em>⁸</em></strong></span> 
     </span>
     <span class='ocr_line' id='line_1_39' title="bbox 645 2080 3797 2181; baseline -0.007 -12"><span class='ocrx_word' id='word_1_225' title='bbox 645 2119 841 2181; x_wconf 84' lang='lat' dir='ltr'><strong>rentia,</strong></span> <span class='ocrx_word' id='word_1_226' title='bbox 872 2119 1084 2171; x_wconf 90' lang='lat' dir='ltr'><strong>demum</strong></span> <span class='ocrx_word' id='word_1_227' title='bbox 1122 2116 1317 2170; x_wconf 84' lang='lat' dir='ltr'><strong>Leonis</strong></span> <span class='ocrx_word' id='word_1_228' title='bbox 1343 2111 1740 2181; x_wconf 12' lang='lat' dir='ltr'><strong>Sabinensisiet</strong></span> <span class='ocrx_word' id='word_1_229' title='bbox 1767 2106 1910 2181; x_wconf 79' lang='lat' dir='ltr'><strong>Petri</strong></span> <span class='ocrx_word' id='word_1_230' title='bbox 1942 2080 3797 2181; x_wconf 31' lang='lat' dir='ltr'><strong>[torosimproniensts-cp‘tscopprum1</strong></span> 
     </span>
    </p>
   </div>
   <div class='ocr_carea' id='block_1_39' title="bbox 644 2159 2989 2253">
    <p class='ocr_par' dir='ltr' id='par_1_39' title="bbox 644 2159 2989 2253">
     <span class='ocr_line' id='line_1_40' title="bbox 644 2159 2989 2253; baseline -0.012 -14"><span class='ocrx_word' id='word_1_231' title='bbox 644 2159 1246 2241; x_wconf 37' lang='lat' dir='ltr'><strong>Ludovficivéerlna-nize&quot;</strong></span> <span class='ocrx_word' id='word_1_232' title='bbox 1270 2159 1492 2253; x_wconf 24' lang='lat' dir='ltr'><strong>regisfet</strong></span> <span class='ocrx_word' id='word_1_233' title='bbox 1517 2159 1699 2253; x_wconf 55' lang='grc' dir='ltr'><strong>δατ-οιί</strong></span> <span class='ocrx_word' id='word_1_234' title='bbox 1728 2176 1941 2253; x_wconf 66' lang='lat' dir='ltr'><strong>negotia</strong></span> <span class='ocrx_word' id='word_1_235' title='bbox 1965 2159 2273 2253; x_wconf 68' lang='lat' dir='ltr'><strong>legatorum</strong></span> <span class='ocrx_word' id='word_1_236' title='bbox 2296 2205 2337 2246; x_wconf 43' lang='lat'><strong>,.</strong></span> <span class='ocrx_word' id='word_1_237' title='bbox 2366 2159 2841 2253; x_wconf 32' lang='lat' dir='ltr'><strong>auctoritaf,’=qna</strong></span> <span class='ocrx_word' id='word_1_238' title='bbox 2874 2159 2989 2253; x_wconf 65' lang='lat' dir='ltr'><strong>solu</strong></span> 
     </span>
    </p>
   </div>
   <div class='ocr_carea' id='block_1_40' title="bbox 653 2239 2933 2319">
    <p class='ocr_par' dir='ltr' id='par_1_40' title="bbox 653 2239 2933 2319">
     <span class='ocr_line' id='line_1_41' title="bbox 653 2239 2933 2319; baseline -0.011 -11"><span class='ocrx_word' id='word_1_239' title='bbox 653 2265 755 2319; x_wconf 88' lang='lat' dir='ltr'><strong>tes,</strong></span> <span class='ocrx_word' id='word_1_240' title='bbox 777 2239 1098 2311; x_wconf 21' lang='lat' dir='ltr'><strong>&quot;vices—suas</strong></span> <span class='ocrx_word' id='word_1_241' title='bbox 1132 2239 1684 2310; x_wconf 44' lang='lat' dir='ltr'><strong>Joanni‘Tuscanensi</strong></span> <span class='ocrx_word' id='word_1_242' title='bbox 1707 2255 1763 2303; x_wconf 90' lang='lat' dir='ltr'><strong>et</strong></span> <span class='ocrx_word' id='word_1_243' title='bbox 1786 2239 1978 2300; x_wconf 47' lang='lat' dir='ltr'><strong>J&#39;oanni</strong></span> <span class='ocrx_word' id='word_1_244' title='bbox 2010 2239 2232 2319; x_wconf 79' lang='lat' dir='ltr'><strong>Aretino</strong></span> <span class='ocrx_word' id='word_1_245' title='bbox 2254 2239 2524 2306; x_wconf 83' lang='lat' dir='ltr'><strong>episcopis</strong></span> <span class='ocrx_word' id='word_1_246' title='bbox 2548 2239 2893 2286; x_wconf 83' lang='lat' dir='ltr'><strong>committunt</strong></span> <span class='ocrx_word' id='word_1_247' title='bbox 2918 2246 2933 2294; x_wconf 85' lang='lat'><strong>;</strong></span> 
     </span>
    </p>
   </div>
   <div class='ocr_carea' id='block_1_41' title="bbox 2998 2156 3799 2228">
    <p class='ocr_par' dir='ltr' id='par_1_41' title="bbox 2998 2156 3799 2228">
     <span class='ocr_line' id='line_1_42' title="bbox 2998 2156 3799 2228; baseline -0.012 -17"><span class='ocrx_word' id='word_1_248' title='bbox 2998 2167 3046 2211; x_wconf 90' lang='lat' dir='ltr'><strong>ta</strong></span> <span class='ocrx_word' id='word_1_249' title='bbox 3084 2157 3289 2228; x_wconf 82' lang='lat' dir='ltr'><strong>synodo</strong></span> <span class='ocrx_word' id='word_1_250' title='bbox 3340 2156 3799 2228; x_wconf 57' lang='lat' dir='ltr'><strong>ljomamproperan-</strong></span> 
     </span>
    </p>
   </div>
   <div class='ocr_carea' id='block_1_42' title="bbox 2992 2220 3799 2296">
    <p class='ocr_par' dir='ltr' id='par_1_42' title="bbox 2992 2220 3799 2296">
     <span class='ocr_line' id='line_1_43' title="bbox 2992 2220 3799 2296; baseline -0.012 -15"><span class='ocrx_word' id='word_1_251' title='bbox 2992 2220 3225 2296; x_wconf 64' lang='lat' dir='ltr'><strong>quai&#39;hic</strong></span> <span class='ocrx_word' id='word_1_252' title='bbox 3248 2239 3317 2281; x_wconf 80' lang='lat' dir='ltr'><strong>ex</strong></span> <span class='ocrx_word' id='word_1_253' title='bbox 3345 2224 3613 2280; x_wconf 89' lang='lat' dir='ltr'><strong>Sirmoudo</strong></span> <span class='ocrx_word' id='word_1_254' title='bbox 3633 2231 3677 2275; x_wconf 89' lang='lat' dir='ltr'><strong>et</strong></span> <span class='ocrx_word' id='word_1_255' title='bbox 3695 2220 3799 2272; x_wconf 77' lang='lat' dir='ltr'><strong>Baiu-</strong></span> 
     </span>
    </p>
   </div>
   <div class='ocr_carea' id='block_1_43' title="bbox 644 2311 2293 2393">
    <p class='ocr_par' dir='ltr' id='par_1_43' title="bbox 644 2311 2293 2393">
     <span class='ocr_line' id='line_1_44' title="bbox 644 2311 2293 2393; baseline -0.013 -13"><span class='ocrx_word' id='word_1_256' title='bbox 644 2311 756 2391; x_wconf 73' lang='lat' dir='ltr'><strong>zio,</strong></span> <span class='ocrx_word' id='word_1_257' title='bbox 784 2327 976 2381; x_wconf 84' lang='lat' dir='ltr'><strong>ordine</strong></span> <span class='ocrx_word' id='word_1_258' title='bbox 1005 2336 1186 2381; x_wconf 90' lang='lat' dir='ltr'><strong>tamen</strong></span> <span class='ocrx_word' id='word_1_259' title='bbox 1214 2340 1321 2393; x_wconf 85' lang='lat' dir='ltr'><strong>quo</strong></span> <span class='ocrx_word' id='word_1_260' title='bbox 1347 2323 1594 2378; x_wconf 87' lang='lat' dir='ltr'><strong>evenisse</strong></span> <span class='ocrx_word' id='word_1_261' title='bbox 1617 2321 1886 2380; x_wconf 86' lang='lat' dir='ltr'><strong>videntur,</strong></span> <span class='ocrx_word' id='word_1_262' title='bbox 1920 2311 2293 2384; x_wconf 89' lang='lat' dir='ltr'><strong>proponimus.</strong></span> 
     </span>
    </p>
   </div>
   <div class='ocr_carea' id='block_1_44' title="bbox 1015 2465 1847 2510">
    <p class='ocr_par' dir='ltr' id='par_1_44' title="bbox 1015 2465 1847 2510">
     <span class='ocr_line' id='line_1_45' title="bbox 1015 2465 1847 2510; baseline -0.006 -2"><span class='ocrx_word' id='word_1_263' title='bbox 1015 2469 1280 2510; x_wconf 64' lang='lat' dir='ltr'><strong>BCCLESIE</strong></span> <span class='ocrx_word' id='word_1_264' title='bbox 1316 2468 1573 2508; x_wconf 72' lang='lat' dir='ltr'><strong>REMENSIS</strong></span> <span class='ocrx_word' id='word_1_265' title='bbox 1607 2465 1847 2507; x_wconf 80' lang='lat' dir='ltr'><strong>PETlTIO.</strong></span> 
     </span>
    </p>
   </div>
   <div class='ocr_carea' id='block_1_45' title="bbox 711 2558 2218 2638">
    <p class='ocr_par' dir='ltr' id='par_1_45' title="bbox 711 2558 2218 2638">
     <span class='ocr_line' id='line_1_46' title="bbox 711 2558 2218 2638; baseline -0.006 -15"><span class='ocrx_word' id='word_1_266' title='bbox 711 2566 957 2623; x_wconf 88' lang='lat' dir='ltr'><strong>Paternis</strong></span> <span class='ocrx_word' id='word_1_267' title='bbox 988 2566 1311 2638; x_wconf 79' lang='lat' dir='ltr'><strong>magisteriis</strong></span> <span class='ocrx_word' id='word_1_268' title='bbox 1341 2566 1675 2630; x_wconf 89' lang='lat' dir='ltr'><strong>instruimur,</strong></span> <span class='ocrx_word' id='word_1_269' title='bbox 1707 2574 1766 2617; x_wconf 89' lang='lat' dir='ltr'><strong>ut</strong></span> <span class='ocrx_word' id='word_1_270' title='bbox 1799 2562 1844 2617; x_wconf 94' lang='lat' dir='ltr'><strong>si</strong></span> <span class='ocrx_word' id='word_1_271' title='bbox 1876 2577 1979 2632; x_wconf 91' lang='lat' dir='ltr'><strong>qua</strong></span> <span class='ocrx_word' id='word_1_272' title='bbox 2012 2558 2218 2626; x_wconf 88' lang='lat' dir='ltr'><strong>majora</strong></span> 
     </span>
    </p>
   </div>
   <div class='ocr_carea' id='block_1_46' title="bbox 643 2650 2215 2728">
    <p class='ocr_par' dir='ltr' id='par_1_46' title="bbox 643 2650 2215 2728">
     <span class='ocr_line' id='line_1_47' title="bbox 643 2650 2215 2728; baseline -0.004 -17"><span class='ocrx_word' id='word_1_273' title='bbox 643 2658 859 2728; x_wconf 80' lang='lat' dir='ltr'><strong>negotia</strong></span> <span class='ocrx_word' id='word_1_274' title='bbox 890 2656 973 2712; x_wconf 87' lang='lat' dir='ltr'><strong>vel</strong></span> <span class='ocrx_word' id='word_1_275' title='bbox 1003 2656 1233 2725; x_wconf 83' lang='lat' dir='ltr'><strong>majores</strong></span> <span class='ocrx_word' id='word_1_276' title='bbox 1258 2671 1432 2712; x_wconf 60' lang='lat' dir='ltr'><strong>causae</strong></span> <span class='ocrx_word' id='word_1_277' title='bbox 1460 2664 1661 2711; x_wconf 63' lang='lat' dir='ltr'><strong>exorta:</strong></span> <span class='ocrx_word' id='word_1_278' title='bbox 1692 2653 1911 2718; x_wconf 82' lang='lat' dir='ltr'><strong>fuerint,</strong></span> <span class='ocrx_word' id='word_1_279' title='bbox 1939 2652 2004 2707; x_wconf 90' lang='lat' dir='ltr'><strong>ad</strong></span> <span class='ocrx_word' id='word_1_280' title='bbox 2035 2650 2215 2705; x_wconf 85' lang='lat' dir='ltr'><strong>sedem</strong></span> 
     </span>
    </p>
   </div>
   <div class='ocr_carea' id='block_1_47' title="bbox 644 2743 2216 2820">
    <p class='ocr_par' dir='ltr' id='par_1_47' title="bbox 644 2743 2216 2820">
     <span class='ocr_line' id='line_1_48' title="bbox 644 2743 2216 2820; baseline -0.004 -16"><span class='ocrx_word' id='word_1_281' title='bbox 644 2747 1018 2820; x_wconf 82' lang='lat' dir='ltr'><strong>apostolicam,</strong></span> <span class='ocrx_word' id='word_1_282' title='bbox 1044 2757 1203 2817; x_wconf 90' lang='lat' dir='ltr'><strong>prout</strong></span> <span class='ocrx_word' id='word_1_283' title='bbox 1227 2749 1523 2803; x_wconf 88' lang='lat' dir='ltr'><strong>auctoritas</strong></span> <span class='ocrx_word' id='word_1_284' title='bbox 1557 2749 1713 2803; x_wconf 86' lang='lat' dir='ltr'><strong>docet</strong></span> <span class='ocrx_word' id='word_1_285' title='bbox 1738 2755 1791 2802; x_wconf 93' lang='lat' dir='ltr'><strong>et</strong></span> <span class='ocrx_word' id='word_1_286' title='bbox 1819 2761 1938 2800; x_wconf 92' lang='lat' dir='ltr'><strong>mos</strong></span> <span class='ocrx_word' id='word_1_287' title='bbox 1966 2743 2216 2813; x_wconf 89' lang='lat' dir='ltr'><strong>antiquus</strong></span> 
     </span>
    </p>
   </div>
   <div class='ocr_carea' id='block_1_48' title="bbox 643 2836 2217 2911">
    <p class='ocr_par' dir='ltr' id='par_1_48' title="bbox 643 2836 2217 2911">
     <span class='ocr_line' id='line_1_49' title="bbox 643 2836 2217 2911; baseline -0.004 -16"><span class='ocrx_word' id='word_1_288' title='bbox 643 2836 894 2903; x_wconf 55' lang='lat' dir='ltr'><strong>obtinuit,</strong></span> <span class='ocrx_word' id='word_1_289' title='bbox 928 2856 1143 2911; x_wconf 88' lang='lat' dir='ltr'><strong>semper</strong></span> <span class='ocrx_word' id='word_1_290' title='bbox 1180 2841 1498 2897; x_wconf 83' lang='lat' dir='ltr'><strong>referantur.</strong></span> <span class='ocrx_word' id='word_1_291' title='bbox 1528 2840 1757 2911; x_wconf 83' lang='lat' dir='ltr'><strong>Ideoque</strong></span> <span class='ocrx_word' id='word_1_292' title='bbox 1800 2839 1927 2909; x_wconf 88' lang='lat' dir='ltr'><strong>quia</strong></span> <span class='ocrx_word' id='word_1_293' title='bbox 1965 2836 2217 2907; x_wconf 89' lang='lat' dir='ltr'><strong>imperia-</strong></span> 
     </span>
    </p>
   </div>
   <div class='ocr_carea' id='block_1_49' title="bbox 643 2926 2215 3014">
    <p class='ocr_par' dir='ltr' id='par_1_49' title="bbox 643 2926 2215 3014">
     <span class='ocr_line' id='line_1_50' title="bbox 643 2926 2215 3014; baseline 0.001 -33"><span class='ocrx_word' id='word_1_294' title='bbox 643 2927 749 2982; x_wconf 90' lang='lat' dir='ltr'><strong>lem</strong></span> <span class='ocrx_word' id='word_1_295' title='bbox 771 2929 1139 2984; x_wconf 83' lang='lat' dir='ltr'><strong>excellentiam</strong></span> <span class='ocrx_word' id='word_1_296' title='bbox 1164 2938 1402 3014; x_wconf 69' lang='lat' dir='ltr'><strong>vestram</strong></span> <span class='ocrx_word' id='word_1_297' title='bbox 1424 2931 1628 3000; x_wconf 79' lang='lat' dir='ltr'><strong>synodo</strong></span> <span class='ocrx_word' id='word_1_298' title='bbox 1651 2943 1886 2998; x_wconf 67' lang='lat' dir='ltr'><strong>prmesse</strong></span> <span class='ocrx_word' id='word_1_299' title='bbox 1908 2935 1965 2981; x_wconf 91' lang='lat' dir='ltr'><strong>et</strong></span> <span class='ocrx_word' id='word_1_300' title='bbox 1986 2926 2215 2982; x_wconf 88' lang='lat' dir='ltr'><strong>vicarios</strong></span> 
     </span>
    </p>
   </div>
   <div class='ocr_carea' id='block_1_50' title="bbox 644 3011 2213 3091">
    <p class='ocr_par' dir='ltr' id='par_1_50' title="bbox 644 3011 2213 3091">
     <span class='ocr_line' id='line_1_51' title="bbox 644 3011 2213 3091; baseline -0.002 -16"><span class='ocrx_word' id='word_1_301' title='bbox 644 3020 789 3075; x_wconf 85' lang='lat' dir='ltr'><strong>sedis</strong></span> <span class='ocrx_word' id='word_1_302' title='bbox 842 3022 1146 3090; x_wconf 75' lang='lat' dir='ltr'><strong>apostolica:</strong></span> <span class='ocrx_word' id='word_1_303' title='bbox 1195 3011 1591 3090; x_wconf 11' lang='lat' dir='ltr'><strong>priestol&#39;iiobis</strong></span> <span class='ocrx_word' id='word_1_304' title='bbox 1640 3020 1832 3076; x_wconf 90' lang='lat' dir='ltr'><strong>adesse</strong></span> <span class='ocrx_word' id='word_1_305' title='bbox 1884 3019 2213 3091; x_wconf 80' lang='lat' dir='ltr'><strong>gaudemus,</strong></span> 
     </span>
    </p>
   </div>
   <div class='ocr_carea' id='block_1_51' title="bbox 644 3109 2214 3167">
    <p class='ocr_par' dir='ltr' id='par_1_51' title="bbox 644 3109 2214 3167">
     <span class='ocr_line' id='line_1_52' title="bbox 644 3109 2214 3167; baseline -0.001 -2"><span class='ocrx_word' id='word_1_306' title='bbox 644 3110 980 3167; x_wconf 83' lang='lat' dir='ltr'><strong>calamitates</strong></span> <span class='ocrx_word' id='word_1_307' title='bbox 1011 3120 1067 3165; x_wconf 89' lang='lat' dir='ltr'><strong>et</strong></span> <span class='ocrx_word' id='word_1_308' title='bbox 1097 3112 1343 3167; x_wconf 87' lang='lat' dir='ltr'><strong>miserias</strong></span> <span class='ocrx_word' id='word_1_309' title='bbox 1372 3112 1611 3166; x_wconf 72' lang='lat' dir='ltr'><strong>ecclesiae</strong></span> <span class='ocrx_word' id='word_1_310' title='bbox 1648 3121 1847 3167; x_wconf 64' lang='lat' dir='ltr'><strong>nostrae</strong></span> <span class='ocrx_word' id='word_1_311' title='bbox 1882 3125 1945 3165; x_wconf 89' lang='lat' dir='ltr'><strong>ac</strong></span> <span class='ocrx_word' id='word_1_312' title='bbox 1979 3109 2214 3164; x_wconf 78' lang='lat' dir='ltr'><strong>ﬁliorum</strong></span> 
     </span>
    </p>
   </div>
   <div class='ocr_carea' id='block_1_52' title="bbox 644 3203 2215 3274">
    <p class='ocr_par' dir='ltr' id='par_1_52' title="bbox 644 3203 2215 3274">
     <span class='ocr_line' id='line_1_53' title="bbox 644 3203 2215 3274; baseline 0.001 -20"><span class='ocrx_word' id='word_1_313' title='bbox 644 3209 971 3266; x_wconf 89' lang='lat' dir='ltr'><strong>nostrorum,</strong></span> <span class='ocrx_word' id='word_1_314' title='bbox 999 3218 1132 3271; x_wconf 91' lang='lat' dir='ltr'><strong>quas</strong></span> <span class='ocrx_word' id='word_1_315' title='bbox 1158 3205 1260 3258; x_wconf 92' lang='lat' dir='ltr'><strong>hoc</strong></span> <span class='ocrx_word' id='word_1_316' title='bbox 1283 3220 1424 3260; x_wconf 89' lang='lat' dir='ltr'><strong>anno</strong></span> <span class='ocrx_word' id='word_1_317' title='bbox 1452 3205 1519 3259; x_wconf 86' lang='lat' dir='ltr'><strong>ab</strong></span> <span class='ocrx_word' id='word_1_318' title='bbox 1545 3203 1857 3260; x_wconf 78' lang='lat' dir='ltr'><strong>Illudovvico</strong></span> <span class='ocrx_word' id='word_1_319' title='bbox 1883 3220 2029 3274; x_wconf 82' lang='lat' dir='ltr'><strong>rege,</strong></span> <span class='ocrx_word' id='word_1_320' title='bbox 2061 3203 2215 3257; x_wconf 90' lang='lat' dir='ltr'><strong>item-</strong></span> 
     </span>
    </p>
   </div>
   <div class='ocr_carea' id='block_1_53' title="bbox 645 3289 2211 3363">
    <p class='ocr_par' dir='ltr' id='par_1_53' title="bbox 645 3289 2211 3363">
     <span class='ocr_line' id='line_1_54' title="bbox 645 3289 2211 3363; baseline 0.004 -21"><span class='ocrx_word' id='word_1_321' title='bbox 645 3305 751 3359; x_wconf 86' lang='lat' dir='ltr'><strong>que</strong></span> <span class='ocrx_word' id='word_1_322' title='bbox 776 3289 1087 3346; x_wconf 79' lang='lat' dir='ltr'><strong>Hludovvico</strong></span> <span class='ocrx_word' id='word_1_323' title='bbox 1121 3291 1229 3347; x_wconf 81' lang='lat' dir='ltr'><strong>lilio</strong></span> <span class='ocrx_word' id='word_1_324' title='bbox 1267 3292 1383 3361; x_wconf 86' lang='lat' dir='ltr'><strong>ejus</strong></span> <span class='ocrx_word' id='word_1_325' title='bbox 1412 3302 1466 3347; x_wconf 90' lang='lat' dir='ltr'><strong>et</strong></span> <span class='ocrx_word' id='word_1_326' title='bbox 1493 3294 1842 3363; x_wconf 88' lang='lat' dir='ltr'><strong>complicibus</strong></span> <span class='ocrx_word' id='word_1_327' title='bbox 1871 3308 2078 3359; x_wconf 90' lang='lat' dir='ltr'><strong>eorum,</strong></span> <span class='ocrx_word' id='word_1_328' title='bbox 2106 3309 2211 3349; x_wconf 70' lang='lat' dir='ltr'><strong>ca:-</strong></span> 
     </span>
    </p>
   </div>
   <div class='ocr_carea' id='block_1_54' title="bbox 646 3380 2210 3450">
    <p class='ocr_par' dir='ltr' id='par_1_54' title="bbox 646 3380 2210 3450">
     <span class='ocr_line' id='line_1_55' title="bbox 646 3380 2210 3450; baseline 0.003 -15"><span class='ocrx_word' id='word_1_329' title='bbox 646 3382 741 3435; x_wconf 87' lang='lat' dir='ltr'><strong>dcs</strong></span> <span class='ocrx_word' id='word_1_330' title='bbox 787 3380 1056 3447; x_wconf 78' lang='lat' dir='ltr'><strong>videlicet,</strong></span> <span class='ocrx_word' id='word_1_331' title='bbox 1106 3383 1413 3449; x_wconf 87' lang='lat' dir='ltr'><strong>homicidia,</strong></span> <span class='ocrx_word' id='word_1_332' title='bbox 1468 3385 1749 3450; x_wconf 86' lang='lat' dir='ltr'><strong>adulteria,</strong></span> <span class='ocrx_word' id='word_1_333' title='bbox 1805 3384 2210 3450; x_wconf 80' lang='lat' dir='ltr'><strong>fornicationes,</strong></span> 
     </span>
    </p>
   </div>
   <div class='ocr_carea' id='block_1_55' title="bbox 645 3466 2213 3548">
    <p class='ocr_par' dir='ltr' id='par_1_55' title="bbox 645 3466 2213 3548">
     <span class='ocr_line' id='line_1_56' title="bbox 645 3466 2213 3548; baseline 0.004 -23"><span class='ocrx_word' id='word_1_334' title='bbox 645 3471 893 3542; x_wconf 88' lang='lat' dir='ltr'><strong>rapinas,</strong></span> <span class='ocrx_word' id='word_1_335' title='bbox 931 3475 1245 3545; x_wconf 83' lang='lat' dir='ltr'><strong>sacrilegia,</strong></span> <span class='ocrx_word' id='word_1_336' title='bbox 1294 3486 1349 3531; x_wconf 91' lang='lat' dir='ltr'><strong>et</strong></span> <span class='ocrx_word' id='word_1_337' title='bbox 1395 3487 1573 3534; x_wconf 88' lang='lat' dir='ltr'><strong>cetera</strong></span> <span class='ocrx_word' id='word_1_338' title='bbox 1625 3477 1827 3548; x_wconf 85' lang='lat' dir='ltr'><strong>ﬂagitia</strong></span> <span class='ocrx_word' id='word_1_339' title='bbox 1870 3493 1990 3547; x_wconf 84' lang='lat' dir='ltr'><strong>quae</strong></span> <span class='ocrx_word' id='word_1_340' title='bbox 2036 3466 2213 3533; x_wconf 84' lang='lat' dir='ltr'><strong>nullus</strong></span> 
     </span>
    </p>
   </div>
   <div class='ocr_carea' id='block_1_56' title="bbox 645 3567 2211 3636">
    <p class='ocr_par' dir='ltr' id='par_1_56' title="bbox 645 3567 2211 3636">
     <span class='ocr_line' id='line_1_57' title="bbox 645 3567 2211 3636; baseline 0.006 -23"><span class='ocrx_word' id='word_1_341' title='bbox 645 3576 962 3617; x_wconf 80' lang='lat' dir='ltr'><strong>enumerare</strong></span> <span class='ocrx_word' id='word_1_342' title='bbox 1011 3573 1225 3632; x_wconf 85' lang='lat' dir='ltr'><strong>potest,</strong></span> <span class='ocrx_word' id='word_1_343' title='bbox 1280 3567 1507 3623; x_wconf 87' lang='lat' dir='ltr'><strong>ecclesia</strong></span> <span class='ocrx_word' id='word_1_344' title='bbox 1559 3576 1743 3623; x_wconf 83' lang='lat' dir='ltr'><strong>nostra</strong></span> <span class='ocrx_word' id='word_1_345' title='bbox 1789 3582 2043 3636; x_wconf 79' lang='lat' dir='ltr'><strong>perpessa</strong></span> <span class='ocrx_word' id='word_1_346' title='bbox 2095 3576 2211 3634; x_wconf 91' lang='lat' dir='ltr'><strong>est,</strong></span> 
     </span>
    </p>
   </div>
   <div class='ocr_carea' id='block_1_57' title="bbox 644 3653 2209 3726">
    <p class='ocr_par' dir='ltr' id='par_1_57' title="bbox 644 3653 2209 3726">
     <span class='ocr_line' id='line_1_58' title="bbox 644 3653 2209 3726; baseline 0.006 -26"><span class='ocrx_word' id='word_1_347' title='bbox 644 3659 839 3704; x_wconf 72' lang='lat' dir='ltr'><strong>vestrae</strong></span> <span class='ocrx_word' id='word_1_348' title='bbox 877 3653 1154 3706; x_wconf 88' lang='lat' dir='ltr'><strong>serenitati</strong></span> <span class='ocrx_word' id='word_1_349' title='bbox 1203 3653 1609 3721; x_wconf 90' lang='lat' dir='ltr'><strong>innotescimus,</strong></span> <span class='ocrx_word' id='word_1_350' title='bbox 1637 3656 1983 3711; x_wconf 84' lang='lat' dir='ltr'><strong>obsecrantes</strong></span> <span class='ocrx_word' id='word_1_351' title='bbox 2016 3664 2073 3711; x_wconf 90' lang='lat' dir='ltr'><strong>ut</strong></span> <span class='ocrx_word' id='word_1_352' title='bbox 2112 3671 2209 3726; x_wconf 90' lang='lat' dir='ltr'><strong>pro</strong></span> 
     </span>
    </p>
   </div>
   <div class='ocr_carea' id='block_1_58' title="bbox 645 3737 2209 3816">
    <p class='ocr_par' dir='ltr' id='par_1_58' title="bbox 645 3737 2209 3816">
     <span class='ocr_line' id='line_1_59' title="bbox 645 3737 2209 3816; baseline 0.005 -23"><span class='ocrx_word' id='word_1_353' title='bbox 645 3737 740 3794; x_wconf 91' lang='lat' dir='ltr'><strong>Dei</strong></span> <span class='ocrx_word' id='word_1_354' title='bbox 772 3742 1156 3811; x_wconf 85' lang='lat' dir='ltr'><strong>omnipotentis</strong></span> <span class='ocrx_word' id='word_1_355' title='bbox 1185 3759 1398 3809; x_wconf 89' lang='lat' dir='ltr'><strong>amore,</strong></span> <span class='ocrx_word' id='word_1_356' title='bbox 1440 3753 1496 3800; x_wconf 92' lang='lat' dir='ltr'><strong>et</strong></span> <span class='ocrx_word' id='word_1_357' title='bbox 1536 3760 1634 3815; x_wconf 91' lang='lat' dir='ltr'><strong>pro</strong></span> <span class='ocrx_word' id='word_1_358' title='bbox 1672 3746 1909 3816; x_wconf 85' lang='lat' dir='ltr'><strong>ingenita</strong></span> <span class='ocrx_word' id='word_1_359' title='bbox 1936 3746 2091 3800; x_wconf 86' lang='lat' dir='ltr'><strong>vobis</strong></span> <span class='ocrx_word' id='word_1_360' title='bbox 2118 3746 2209 3801; x_wconf 81' lang='lat' dir='ltr'><strong>be-</strong></span> 
     </span>
    </p>
   </div>
   <div class='ocr_carea' id='block_1_59' title="bbox 644 3830 2206 3907">
    <p class='ocr_par' dir='ltr' id='par_1_59' title="bbox 644 3830 2206 3907">
     <span class='ocr_line' id='line_1_60' title="bbox 644 3830 2206 3907; baseline 0.004 -22"><span class='ocrx_word' id='word_1_361' title='bbox 644 3830 923 3900; x_wconf 83' lang='lat' dir='ltr'><strong>tiignitate,</strong></span> <span class='ocrx_word' id='word_1_362' title='bbox 954 3848 1017 3888; x_wconf 91' lang='lat' dir='ltr'><strong>ac</strong></span> <span class='ocrx_word' id='word_1_363' title='bbox 1052 3849 1151 3901; x_wconf 88' lang='lat' dir='ltr'><strong>pro</strong></span> <span class='ocrx_word' id='word_1_364' title='bbox 1186 3835 1482 3890; x_wconf 87' lang='lat' dir='ltr'><strong>ministerio</strong></span> <span class='ocrx_word' id='word_1_365' title='bbox 1518 3836 1790 3907; x_wconf 86' lang='lat' dir='ltr'><strong>imposito,</strong></span> <span class='ocrx_word' id='word_1_366' title='bbox 1827 3837 1984 3891; x_wconf 88' lang='lat' dir='ltr'><strong>nobis</strong></span> <span class='ocrx_word' id='word_1_367' title='bbox 2023 3843 2077 3891; x_wconf 91' lang='lat' dir='ltr'><strong>et</strong></span> <span class='ocrx_word' id='word_1_368' title='bbox 2122 3851 2206 3891; x_wconf 87' lang='lat' dir='ltr'><strong>ec-</strong></span> 
     </span>
    </p>
   </div>
   <div class='ocr_carea' id='block_1_60' title="bbox 641 3921 2214 4000">
    <p class='ocr_par' dir='ltr' id='par_1_60' title="bbox 641 3921 2214 4000">
     <span class='ocr_line' id='line_1_61' title="bbox 641 3921 2214 4000; baseline 0.005 -25"><span class='ocrx_word' id='word_1_369' title='bbox 641 3921 819 3977; x_wconf 74' lang='lat' dir='ltr'><strong>clesia:</strong></span> <span class='ocrx_word' id='word_1_370' title='bbox 859 3934 1059 3981; x_wconf 65' lang='lat' dir='ltr'><strong>nostrae</strong></span> <span class='ocrx_word' id='word_1_371' title='bbox 1097 3942 1161 3982; x_wconf 89' lang='lat' dir='ltr'><strong>ac</strong></span> <span class='ocrx_word' id='word_1_372' title='bbox 1196 3927 1320 3982; x_wconf 86' lang='lat' dir='ltr'><strong>ﬁliis</strong></span> <span class='ocrx_word' id='word_1_373' title='bbox 1355 3928 1555 3983; x_wconf 88' lang='lat' dir='ltr'><strong>nostris</strong></span> <span class='ocrx_word' id='word_1_374' title='bbox 1593 3929 1889 3984; x_wconf 89' lang='lat' dir='ltr'><strong>secundum</strong></span> <span class='ocrx_word' id='word_1_375' title='bbox 1933 3929 2214 4000; x_wconf 79' lang='lat' dir='ltr'><strong>pervulga-</strong></span> 
     </span>
    </p>
   </div>
   <div class='ocr_carea' id='block_1_61' title="bbox 645 4017 2213 4091">
    <p class='ocr_par' dir='ltr' id='par_1_61' title="bbox 645 4017 2213 4091">
     <span class='ocr_line' id='line_1_62' title="bbox 645 4017 2213 4091; baseline 0.004 -22"><span class='ocrx_word' id='word_1_376' title='bbox 645 4023 753 4069; x_wconf 89' lang='lat' dir='ltr'><strong>tam</strong></span> <span class='ocrx_word' id='word_1_377' title='bbox 784 4017 1032 4072; x_wconf 89' lang='lat' dir='ltr'><strong>omnibus</strong></span> <span class='ocrx_word' id='word_1_378' title='bbox 1065 4028 1299 4074; x_wconf 79' lang='lat' dir='ltr'><strong>vestram</strong></span> <span class='ocrx_word' id='word_1_379' title='bbox 1330 4021 1649 4091; x_wconf 89' lang='lat' dir='ltr'><strong>sapientiam</strong></span> <span class='ocrx_word' id='word_1_380' title='bbox 1687 4021 1977 4077; x_wconf 84' lang='lat' dir='ltr'><strong>consulatis</strong></span> <span class='ocrx_word' id='word_1_381' title='bbox 2010 4022 2213 4091; x_wconf 91' lang='lat' dir='ltr'><strong>pariter</strong></span> 
     </span>
    </p>
   </div>
   <div class='ocr_carea' id='block_1_62' title="bbox 642 4108 2210 4173">
    <p class='ocr_par' dir='ltr' id='par_1_62' title="bbox 642 4108 2210 4173">
     <span class='ocr_line' id='line_1_63' title="bbox 642 4108 2210 4173; baseline 0.001 -12"><span class='ocrx_word' id='word_1_382' title='bbox 642 4121 708 4161; x_wconf 88' lang='lat' dir='ltr'><strong>ac</strong></span> <span class='ocrx_word' id='word_1_383' title='bbox 749 4110 1098 4173; x_wconf 90' lang='lat' dir='ltr'><strong>succurratis,</strong></span> <span class='ocrx_word' id='word_1_384' title='bbox 1136 4125 1205 4164; x_wconf 90' lang='lat' dir='ltr'><strong>ne</strong></span> <span class='ocrx_word' id='word_1_385' title='bbox 1253 4110 1320 4164; x_wconf 92' lang='lat' dir='ltr'><strong>de</strong></span> <span class='ocrx_word' id='word_1_386' title='bbox 1367 4120 1547 4166; x_wconf 90' lang='lat' dir='ltr'><strong>cetero</strong></span> <span class='ocrx_word' id='word_1_387' title='bbox 1595 4108 1719 4165; x_wconf 81' lang='lat' dir='ltr'><strong>talia</strong></span> <span class='ocrx_word' id='word_1_388' title='bbox 1765 4126 1830 4165; x_wconf 89' lang='lat' dir='ltr'><strong>ac</strong></span> <span class='ocrx_word' id='word_1_389' title='bbox 1878 4119 2025 4165; x_wconf 92' lang='lat' dir='ltr'><strong>tanta</strong></span> <span class='ocrx_word' id='word_1_390' title='bbox 2070 4110 2210 4165; x_wconf 91' lang='lat' dir='ltr'><strong>mala</strong></span> 
     </span>
    </p>
   </div>
   <div class='ocr_carea' id='block_1_63' title="bbox 643 4196 2211 4278">
    <p class='ocr_par' dir='ltr' id='par_1_63' title="bbox 643 4196 2211 4278">
     <span class='ocr_line' id='line_1_64' title="bbox 643 4196 2211 4278; baseline 0.003 -28"><span class='ocrx_word' id='word_1_391' title='bbox 643 4196 873 4251; x_wconf 89' lang='lat' dir='ltr'><strong>ecclesia</strong></span> <span class='ocrx_word' id='word_1_392' title='bbox 904 4207 1086 4278; x_wconf 65' lang='lat' dir='ltr'><strong>nostra</strong></span> <span class='ocrx_word' id='word_1_393' title='bbox 1126 4214 1191 4253; x_wconf 89' lang='lat' dir='ltr'><strong>ac</strong></span> <span class='ocrx_word' id='word_1_394' title='bbox 1220 4213 1442 4269; x_wconf 81' lang='lat' dir='ltr'><strong>regnum</strong></span> <span class='ocrx_word' id='word_1_395' title='bbox 1484 4200 1719 4269; x_wconf 90' lang='lat' dir='ltr'><strong>patiatur</strong></span> <span class='ocrx_word' id='word_1_396' title='bbox 1743 4199 1917 4270; x_wconf 89' lang='lat' dir='ltr'><strong>qualia</strong></span> <span class='ocrx_word' id='word_1_397' title='bbox 1950 4201 2211 4255; x_wconf 86' lang='lat' dir='ltr'><strong>hactenus</strong></span> 
     </span>
    </p>
   </div>
   <div class='ocr_carea' id='block_1_64' title="bbox 641 4297 933 4356">
    <p class='ocr_par' dir='ltr' id='par_1_64' title="bbox 641 4297 933 4356">
     <span class='ocr_line' id='line_1_65' title="bbox 641 4297 933 4356; baseline -0.003 -15"><span class='ocrx_word' id='word_1_398' title='bbox 641 4300 800 4356; x_wconf 86' lang='lat' dir='ltr'><strong>passa</strong></span> <span class='ocrx_word' id='word_1_399' title='bbox 830 4297 933 4341; x_wconf 89' lang='lat' dir='ltr'><strong>est.</strong></span> 
     </span>
    </p>
   </div>
   <div class='ocr_carea' id='block_1_65' title="bbox 750 4414 2099 4461">
    <p class='ocr_par' dir='ltr' id='par_1_65' title="bbox 750 4414 2099 4461">
     <span class='ocr_line' id='line_1_66' title="bbox 750 4414 2099 4461; baseline 0.005 -9"><span class='ocrx_word' id='word_1_400' title='bbox 750 4414 1109 4457; x_wconf 68' lang='lat' dir='ltr'><strong>CONFIBIATIO</strong></span> <span class='ocrx_word' id='word_1_401' title='bbox 1143 4418 1392 4459; x_wconf 64' lang='lat' dir='ltr'><strong>ACTOBUK</strong></span> <span class='ocrx_word' id='word_1_402' title='bbox 1430 4419 1739 4460; x_wconf 73' lang='lat' dir='ltr'><strong>CONVENTUS</strong></span> <span class='ocrx_word' id='word_1_403' title='bbox 1787 4420 2099 4461; x_wconf 72' lang='lat' dir='ltr'><strong>TICINENSIS.</strong></span> 
     </span>
    </p>
   </div>
   <div class='ocr_carea' id='block_1_66' title="bbox 645 4520 2211 4592">
    <p class='ocr_par' dir='ltr' id='par_1_66' title="bbox 645 4520 2211 4592">
     <span class='ocr_line' id='line_1_67' title="bbox 645 4520 2211 4592; baseline 0.003 -18"><span class='ocrx_word' id='word_1_404' title='bbox 645 4520 886 4591; x_wconf 81' lang='lat' dir='ltr'><strong>Synodus</strong></span> <span class='ocrx_word' id='word_1_405' title='bbox 919 4538 1035 4592; x_wconf 66' lang='lat' dir='ltr'><strong>qua;</strong></span> <span class='ocrx_word' id='word_1_406' title='bbox 1061 4520 1161 4592; x_wconf 65' lang='lat' dir='ltr'><strong>fuit</strong></span> <span class='ocrx_word' id='word_1_407' title='bbox 1200 4532 1318 4575; x_wconf 81' lang='lat' dir='ltr'><strong>acta</strong></span> <span class='ocrx_word' id='word_1_408' title='bbox 1348 4523 1488 4592; x_wconf 82' lang='lat' dir='ltr'><strong>apud</strong></span> <span class='ocrx_word' id='word_1_409' title='bbox 1512 4520 1750 4577; x_wconf 79' lang='lat' dir='ltr'><strong>Ticinum</strong></span> <span class='ocrx_word' id='word_1_410' title='bbox 1790 4523 2043 4592; x_wconf 80' lang='lat' dir='ltr'><strong>palatium</strong></span> <span class='ocrx_word' id='word_1_411' title='bbox 2070 4541 2211 4579; x_wconf 87' lang='lat' dir='ltr'><strong>anno</strong></span> 
     </span>
    </p>
   </div>
   <div class='ocr_carea' id='block_1_67' title="bbox 712 4590 2210 4657">
    <p class='ocr_par' dir='ltr' id='par_1_67' title="bbox 712 4590 2210 4657">
     <span class='ocr_line' id='line_1_68' title="bbox 712 4590 2210 4657; baseline 0.003 -13"><span class='ocrx_word' id='word_1_412' title='bbox 712 4590 1087 4646; x_wconf 77' lang='lat' dir='ltr'><strong>incarnationis</strong></span> <span class='ocrx_word' id='word_1_413' title='bbox 1116 4590 1405 4646; x_wconf 70' lang='lat' dir='ltr'><strong>Dominicaz</strong></span> <span class='ocrx_word' id='word_1_414' title='bbox 1447 4592 1573 4657; x_wconf 81' lang='lat'><strong>876,</strong></span> <span class='ocrx_word' id='word_1_415' title='bbox 1617 4590 1901 4646; x_wconf 80' lang='lat' dir='ltr'><strong>indictione</strong></span> <span class='ocrx_word' id='word_1_416' title='bbox 1930 4610 2008 4656; x_wconf 85' lang='lat' dir='ltr'><strong>Ix,</strong></span> <span class='ocrx_word' id='word_1_417' title='bbox 2038 4612 2210 4649; x_wconf 82' lang='lat' dir='ltr'><strong>mense</strong></span> 
     </span>
    </p>
   </div>
   <div class='ocr_carea' id='block_1_68' title="bbox 716 4660 2209 4733">
    <p class='ocr_par' dir='ltr' id='par_1_68' title="bbox 716 4660 2209 4733">
     <span class='ocr_line' id='line_1_69' title="bbox 716 4660 2209 4733; baseline 0.003 -19"><span class='ocrx_word' id='word_1_418' title='bbox 716 4660 1116 4733; x_wconf 37' lang='lat' dir='ltr'><strong>Februarioret</strong></span> <span class='ocrx_word' id='word_1_419' title='bbox 1159 4672 1335 4730; x_wconf 85' lang='lat' dir='ltr'><strong>postea</strong></span> <span class='ocrx_word' id='word_1_420' title='bbox 1374 4661 1474 4729; x_wconf 79' lang='lat' dir='ltr'><strong>fuit</strong></span> <span class='ocrx_word' id='word_1_421' title='bbox 1508 4663 1816 4731; x_wconf 77' lang='lat' dir='ltr'><strong>conﬁrmata</strong></span> <span class='ocrx_word' id='word_1_422' title='bbox 1838 4664 1951 4733; x_wconf 87' lang='lat' dir='ltr'><strong>ipsa</strong></span> <span class='ocrx_word' id='word_1_423' title='bbox 1977 4666 2209 4733; x_wconf 79' lang='lat' dir='ltr'><strong>synodus</strong></span> 
     </span>
    </p>
   </div>
   <div class='ocr_carea' id='block_1_69' title="bbox 716 4730 2208 4802">
    <p class='ocr_par' dir='ltr' id='par_1_69' title="bbox 716 4730 2208 4802">
     <span class='ocr_line' id='line_1_70' title="bbox 716 4730 2208 4802; baseline 0.001 -18"><span class='ocrx_word' id='word_1_424' title='bbox 716 4732 856 4802; x_wconf 74' lang='lat' dir='ltr'><strong>apud</strong></span> <span class='ocrx_word' id='word_1_425' title='bbox 909 4730 1272 4802; x_wconf 76' lang='lat' dir='ltr'><strong>Pontigoncm,</strong></span> <span class='ocrx_word' id='word_1_426' title='bbox 1309 4748 1446 4802; x_wconf 76' lang='lat' dir='ltr'><strong>cum</strong></span> <span class='ocrx_word' id='word_1_427' title='bbox 1500 4730 1672 4786; x_wconf 80' lang='lat' dir='ltr'><strong>missis</strong></span> <span class='ocrx_word' id='word_1_428' title='bbox 1717 4730 1895 4785; x_wconf 83' lang='lat' dir='ltr'><strong>damni</strong></span> <span class='ocrx_word' id='word_1_429' title='bbox 1937 4730 2208 4802; x_wconf 74' lang='lat' dir='ltr'><strong>apostolici</strong></span> 
     </span>
    </p>
   </div>
   <div class='ocr_carea' id='block_1_70' title="bbox 711 4799 2204 4871">
    <p class='ocr_par' dir='ltr' id='par_1_70' title="bbox 711 4799 2204 4871">
     <span class='ocr_line' id='line_1_71' title="bbox 711 4799 2204 4871; baseline 0.003 -19"><span class='ocrx_word' id='word_1_430' title='bbox 711 4799 932 4871; x_wconf 58' lang='lat' dir='ltr'><strong>{cannis</strong></span> <span class='ocrx_word' id='word_1_431' title='bbox 947 4799 1177 4871; x_wconf 68' lang='lat' dir='ltr'><strong>aliisque</strong></span> <span class='ocrx_word' id='word_1_432' title='bbox 1210 4801 1487 4854; x_wconf 84' lang='lat' dir='ltr'><strong>multarum</strong></span> <span class='ocrx_word' id='word_1_433' title='bbox 1526 4803 1910 4871; x_wconf 77' lang='lat' dir='ltr'><strong>provinciarum</strong></span> <span class='ocrx_word' id='word_1_434' title='bbox 1933 4799 2204 4871; x_wconf 75' lang='lat' dir='ltr'><strong>episcopis.</strong></span> 
     </span>
    </p>
   </div>
   <div class='ocr_carea' id='block_1_71' title="bbox 712 4867 2209 4942">
    <p class='ocr_par' dir='ltr' id='par_1_71' title="bbox 712 4867 2209 4942">
     <span class='ocr_line' id='line_1_72' title="bbox 712 4867 2209 4942; baseline 0.003 -20"><span class='ocrx_word' id='word_1_435' title='bbox 712 4867 1123 4942; x_wconf 79' lang='lat' dir='ltr'><strong>ElectioKaroli</strong></span> <span class='ocrx_word' id='word_1_436' title='bbox 1144 4871 1469 4939; x_wconf 82' lang='lat' dir='ltr'><strong>imperatoris</strong></span> <span class='ocrx_word' id='word_1_437' title='bbox 1496 4867 1559 4924; x_wconf 80' lang='lat' dir='ltr'><strong>ab</strong></span> <span class='ocrx_word' id='word_1_438' title='bbox 1586 4870 1763 4925; x_wconf 81' lang='lat' dir='ltr'><strong>Italici</strong></span> <span class='ocrx_word' id='word_1_439' title='bbox 1792 4872 1936 4942; x_wconf 83' lang='lat' dir='ltr'><strong>regni</strong></span> <span class='ocrx_word' id='word_1_440' title='bbox 1956 4867 2209 4942; x_wconf 70' lang='lat' dir='ltr'><strong>episcopis</strong></span> 
     </span>
    </p>
   </div>
   <div class='ocr_carea' id='block_1_72' title="bbox 710 4940 1317 5010">
    <p class='ocr_par' dir='ltr' id='par_1_72' title="bbox 710 4940 1317 5010">
     <span class='ocr_line' id='line_1_73' title="bbox 710 4940 1317 5010; baseline 0.002 -17"><span class='ocrx_word' id='word_1_441' title='bbox 710 4941 964 5010; x_wconf 59' lang='lat' dir='ltr'><strong>etzceteris</strong></span> <span class='ocrx_word' id='word_1_442' title='bbox 989 4940 1317 5007; x_wconf 80' lang='lat' dir='ltr'><strong>conﬁrmata.</strong></span> 
     </span>
    </p>
   </div>
   <div class='ocr_carea' id='block_1_73' title="bbox 711 5029 2207 5103">
    <p class='ocr_par' dir='ltr' id='par_1_73' title="bbox 711 5029 2207 5103">
     <span class='ocr_line' id='line_1_74' title="bbox 711 5029 2207 5103; baseline 0 -16"><span class='ocrx_word' id='word_1_443' title='bbox 711 5029 1137 5092; x_wconf 82' lang='lat' dir='ltr'><strong>Gloriosissimo,</strong></span> <span class='ocrx_word' id='word_1_444' title='bbox 1166 5040 1271 5085; x_wconf 89' lang='lat' dir='ltr'><strong>etc.</strong></span> <span class='ocrx_word' id='word_1_445' title='bbox 1304 5044 1359 5084; x_wconf 89' lang='lat' dir='ltr'><strong>ut</strong></span> <span class='ocrx_word' id='word_1_446' title='bbox 1410 5048 1568 5101; x_wconf 83' lang='lat' dir='ltr'><strong>supra</strong></span> <span class='ocrx_word' id='word_1_447' title='bbox 1606 5032 1707 5086; x_wconf 86' lang='lat' dir='ltr'><strong>col.</strong></span> <span class='ocrx_word' id='word_1_448' title='bbox 1740 5031 1836 5087; x_wconf 68' lang='lat'><strong>761</strong></span> <span class='ocrx_word' id='word_1_449' title='bbox 1866 5048 2027 5103; x_wconf 88' lang='lat' dir='ltr'><strong>usque</strong></span> <span class='ocrx_word' id='word_1_450' title='bbox 2069 5034 2207 5089; x_wconf 89' lang='lat' dir='ltr'><strong>indi-</strong></span> 
     </span>
    </p>
   </div>
   <div class='ocr_carea' id='block_1_74' title="bbox 641 5124 932 5181">
    <p class='ocr_par' dir='ltr' id='par_1_74' title="bbox 641 5124 932 5181">
     <span class='ocr_line' id='line_1_75' title="bbox 641 5124 932 5181; baseline -0.021 0"><span class='ocrx_word' id='word_1_451' title='bbox 641 5124 820 5181; x_wconf 87' lang='lat' dir='ltr'><strong>ctione</strong></span> <span class='ocrx_word' id='word_1_452' title='bbox 853 5138 932 5178; x_wconf 78' lang='lat' dir='ltr'><strong>Ix.</strong></span> 
     </span>
    </p>
   </div>
   <div class='ocr_carea' id='block_1_75' title="bbox 936 5212 1815 5295">
    <p class='ocr_par' dir='ltr' id='par_1_75' title="bbox 936 5212 1815 5295">
     <span class='ocr_line' id='line_1_76' title="bbox 936 5212 1815 5295; baseline 0.002 -28"><span class='ocrx_word' id='word_1_453' title='bbox 936 5292 939 5295; x_wconf 17' lang='grc' dir='ltr'><strong><em>γ</em></strong></span> <span class='ocrx_word' id='word_1_454' title='bbox 1040 5212 1385 5283; x_wconf 77' lang='lat' dir='ltr'><strong>Conﬁrmatio</strong></span> <span class='ocrx_word' id='word_1_455' title='bbox 1409 5214 1815 5285; x_wconf 84' lang='lat' dir='ltr'><strong>Cisalpinorum.</strong></span> 
     </span>
    </p>
   </div>
   <div class='ocr_carea' id='block_1_76' title="bbox 712 5303 2209 5374">
    <p class='ocr_par' dir='ltr' id='par_1_76' title="bbox 712 5303 2209 5374">
     <span class='ocr_line' id='line_1_77' title="bbox 712 5303 2209 5374; baseline 0.003 -14"><span class='ocrx_word' id='word_1_456' title='bbox 712 5303 866 5360; x_wconf 87' lang='lat' dir='ltr'><strong>Sicut</strong></span> <span class='ocrx_word' id='word_1_457' title='bbox 896 5304 1128 5360; x_wconf 86' lang='lat' dir='ltr'><strong>domnus</strong></span> <span class='ocrx_word' id='word_1_458' title='bbox 1161 5303 1434 5360; x_wconf 84' lang='lat' dir='ltr'><strong>Jobannes</strong></span> <span class='ocrx_word' id='word_1_459' title='bbox 1460 5306 1787 5374; x_wconf 84' lang='lat' dir='ltr'><strong>apostolicus</strong></span> <span class='ocrx_word' id='word_1_460' title='bbox 1808 5316 1862 5363; x_wconf 87' lang='lat' dir='ltr'><strong>et</strong></span> <span class='ocrx_word' id='word_1_461' title='bbox 1885 5307 2209 5364; x_wconf 85' lang='lat' dir='ltr'><strong>universalis</strong></span> 
     </span>
    </p>
   </div>
   <div class='ocr_carea' id='block_1_77' title="bbox 638 5395 2205 5469">
    <p class='ocr_par' dir='ltr' id='par_1_77' title="bbox 638 5395 2205 5469">
     <span class='ocr_line' id='line_1_78' title="bbox 638 5395 2205 5469; baseline 0.003 -21"><span class='ocrx_word' id='word_1_462' title='bbox 638 5408 775 5465; x_wconf 83' lang='lat' dir='ltr'><strong>papa</strong></span> <span class='ocrx_word' id='word_1_463' title='bbox 805 5395 983 5465; x_wconf 88' lang='lat' dir='ltr'><strong>primo</strong></span> <span class='ocrx_word' id='word_1_464' title='bbox 1012 5397 1197 5451; x_wconf 71' lang='lat' dir='ltr'><strong>Romae</strong></span> <span class='ocrx_word' id='word_1_465' title='bbox 1224 5395 1386 5466; x_wconf 80' lang='lat' dir='ltr'><strong>elegit</strong></span> <span class='ocrx_word' id='word_1_466' title='bbox 1426 5405 1588 5466; x_wconf 81' lang='lat' dir='ltr'><strong>atque</strong></span> <span class='ocrx_word' id='word_1_467' title='bbox 1614 5411 1766 5469; x_wconf 77' lang='lat' dir='ltr'><strong>sacra</strong></span> <span class='ocrx_word' id='word_1_468' title='bbox 1793 5399 2048 5454; x_wconf 89' lang='lat' dir='ltr'><strong>unctione</strong></span> <span class='ocrx_word' id='word_1_469' title='bbox 2075 5415 2205 5455; x_wconf 93' lang='lat' dir='ltr'><strong>con-</strong></span> 
     </span>
    </p>
   </div>
   <div class='ocr_carea' id='block_1_78' title="bbox 641 5484 2202 5558">
    <p class='ocr_par' dir='ltr' id='par_1_78' title="bbox 641 5484 2202 5558">
     <span class='ocr_line' id='line_1_79' title="bbox 641 5484 2202 5558; baseline 0.004 -18"><span class='ocrx_word' id='word_1_470' title='bbox 641 5484 833 5551; x_wconf 85' lang='lat' dir='ltr'><strong>stituit,</strong></span> <span class='ocrx_word' id='word_1_471' title='bbox 882 5500 1173 5557; x_wconf 89' lang='lat' dir='ltr'><strong>omnesque</strong></span> <span class='ocrx_word' id='word_1_472' title='bbox 1217 5484 1384 5542; x_wconf 83' lang='lat' dir='ltr'><strong>Italici</strong></span> <span class='ocrx_word' id='word_1_473' title='bbox 1443 5487 1592 5557; x_wconf 82' lang='lat' dir='ltr'><strong>regni</strong></span> <span class='ocrx_word' id='word_1_474' title='bbox 1648 5487 1908 5558; x_wconf 88' lang='lat' dir='ltr'><strong>episcopi,</strong></span> <span class='ocrx_word' id='word_1_475' title='bbox 1958 5490 2202 5557; x_wconf 86' lang='lat' dir='ltr'><strong>abbates,</strong></span> 
     </span>
    </p>
   </div>
   <div class='ocr_carea' id='block_1_79' title="bbox 2244 2424 3796 2502">
    <p class='ocr_par' dir='ltr' id='par_1_79' title="bbox 2244 2424 3796 2502">
     <span class='ocr_line' id='line_1_80' title="bbox 2244 2424 3796 2502; baseline -0.013 -10"><span class='ocrx_word' id='word_1_476' title='bbox 2244 2424 2290 2483; x_wconf 81' lang='grc' dir='ltr'><strong>Β</strong></span> <span class='ocrx_word' id='word_1_477' title='bbox 2319 2437 2563 2500; x_wconf 85' lang='lat' dir='ltr'><strong>comites,</strong></span> <span class='ocrx_word' id='word_1_478' title='bbox 2593 2441 2648 2490; x_wconf 91' lang='lat' dir='ltr'><strong>et</strong></span> <span class='ocrx_word' id='word_1_479' title='bbox 2672 2432 2864 2502; x_wconf 85' lang='lat' dir='ltr'><strong>reliqui</strong></span> <span class='ocrx_word' id='word_1_480' title='bbox 2890 2444 3078 2486; x_wconf 90' lang='lat' dir='ltr'><strong>omnes</strong></span> <span class='ocrx_word' id='word_1_481' title='bbox 3096 2431 3189 2499; x_wconf 91' lang='lat' dir='ltr'><strong>qui</strong></span> <span class='ocrx_word' id='word_1_482' title='bbox 3217 2444 3341 2484; x_wconf 91' lang='lat' dir='ltr'><strong>cum</strong></span> <span class='ocrx_word' id='word_1_483' title='bbox 3367 2427 3472 2483; x_wconf 90' lang='lat' dir='ltr'><strong>illis</strong></span> <span class='ocrx_word' id='word_1_484' title='bbox 3493 2428 3796 2483; x_wconf 79' lang='lat' dir='ltr'><strong>cenvenerunt,</strong></span> 
     </span>
    </p>
   </div>
   <div class='ocr_carea' id='block_1_80' title="bbox 2319 2511 3885 2595">
    <p class='ocr_par' dir='ltr' id='par_1_80' title="bbox 2319 2511 3885 2595">
     <span class='ocr_line' id='line_1_81' title="bbox 2319 2511 3885 2595; baseline -0.008 -13"><span class='ocrx_word' id='word_1_485' title='bbox 2319 2511 2572 2582; x_wconf 63' lang='lat' dir='ltr'><strong>domuum</strong></span> <span class='ocrx_word' id='word_1_486' title='bbox 2600 2536 2845 2582; x_wconf 92' lang='lat' dir='ltr'><strong>nostrum</strong></span> <span class='ocrx_word' id='word_1_487' title='bbox 2891 2523 3182 2595; x_wconf 81' lang='lat' dir='ltr'><strong>gloriosum</strong></span> <span class='ocrx_word' id='word_1_488' title='bbox 3226 2524 3593 2593; x_wconf 87' lang='lat' dir='ltr'><strong>imperatorem</strong></span> <span class='ocrx_word' id='word_1_489' title='bbox 3615 2513 3795 2570; x_wconf 80' lang='lat' dir='ltr'><strong>Karolum</strong></span> <span class='ocrx_word' id='word_1_490' title='bbox 3884 2558 3885 2569; x_wconf 34' lang='grc' dir='ltr'>χ</span> 
     </span>
    </p>
   </div>
   <div class='ocr_carea' id='block_1_81' title="bbox 2317 2606 3798 2688">
    <p class='ocr_par' dir='ltr' id='par_1_81' title="bbox 2317 2606 3798 2688">
     <span class='ocr_line' id='line_1_82' title="bbox 2317 2606 3798 2688; baseline -0.012 -15"><span class='ocrx_word' id='word_1_491' title='bbox 2317 2628 2603 2688; x_wconf 85' lang='lat' dir='ltr'><strong>augustum</strong></span> <span class='ocrx_word' id='word_1_492' title='bbox 2655 2617 2893 2673; x_wconf 91' lang='lat' dir='ltr'><strong>unanimi</strong></span> <span class='ocrx_word' id='word_1_493' title='bbox 2935 2615 3219 2671; x_wconf 89' lang='lat' dir='ltr'><strong>devotione</strong></span> <span class='ocrx_word' id='word_1_494' title='bbox 3275 2614 3549 2682; x_wconf 83' lang='lat' dir='ltr'><strong>elegerunt</strong></span> <span class='ocrx_word' id='word_1_495' title='bbox 3576 2606 3657 2662; x_wconf 86' lang='lat' dir='ltr'><strong>sibi</strong></span> <span class='ocrx_word' id='word_1_496' title='bbox 3681 2611 3798 2673; x_wconf 67' lang='lat' dir='ltr'><strong>prole</strong></span> 
     </span>
    </p>
   </div>
   <div class='ocr_carea' id='block_1_82' title="bbox 2321 2693 3798 2771">
    <p class='ocr_par' dir='ltr' id='par_1_82' title="bbox 2321 2693 3798 2771">
     <span class='ocr_line' id='line_1_83' title="bbox 2321 2693 3798 2771; baseline -0.013 -7"><span class='ocrx_word' id='word_1_497' title='bbox 2321 2717 2525 2764; x_wconf 89' lang='lat' dir='ltr'><strong>ctorem</strong></span> <span class='ocrx_word' id='word_1_498' title='bbox 2552 2724 2616 2762; x_wconf 92' lang='lat' dir='ltr'><strong>ac</strong></span> <span class='ocrx_word' id='word_1_499' title='bbox 2650 2707 2989 2764; x_wconf 84' lang='lat' dir='ltr'><strong>defensorem</strong></span> <span class='ocrx_word' id='word_1_500' title='bbox 3018 2720 3156 2769; x_wconf 90' lang='lat' dir='ltr'><strong>esse,</strong></span> <span class='ocrx_word' id='word_1_501' title='bbox 3194 2705 3265 2758; x_wconf 88' lang='lat' dir='ltr'><strong>ita</strong></span> <span class='ocrx_word' id='word_1_502' title='bbox 3302 2712 3357 2758; x_wconf 92' lang='lat' dir='ltr'><strong>et</strong></span> <span class='ocrx_word' id='word_1_503' title='bbox 3377 2718 3474 2757; x_wconf 90' lang='lat' dir='ltr'><strong>nos</strong></span> <span class='ocrx_word' id='word_1_504' title='bbox 3501 2698 3582 2771; x_wconf 89' lang='lat' dir='ltr'><strong>qui</strong></span> <span class='ocrx_word' id='word_1_505' title='bbox 3608 2699 3663 2751; x_wconf 87' lang='lat' dir='ltr'><strong>de</strong></span> <span class='ocrx_word' id='word_1_506' title='bbox 3687 2693 3798 2749; x_wconf 81' lang='lat' dir='ltr'><strong>Fran-</strong></span> 
     </span>
    </p>
   </div>
   <div class='ocr_carea' id='block_1_83' title="bbox 2316 2780 3797 2866">
    <p class='ocr_par' dir='ltr' id='par_1_83' title="bbox 2316 2780 3797 2866">
     <span class='ocr_line' id='line_1_84' title="bbox 2316 2780 3797 2866; baseline -0.014 -15"><span class='ocrx_word' id='word_1_507' title='bbox 2316 2796 2421 2860; x_wconf 86' lang='lat' dir='ltr'><strong>cia,</strong></span> <span class='ocrx_word' id='word_1_508' title='bbox 2475 2795 2807 2866; x_wconf 77' lang='lat' dir='ltr'><strong>Burgundia,</strong></span> <span class='ocrx_word' id='word_1_509' title='bbox 2863 2793 3176 2862; x_wconf 87' lang='lat' dir='ltr'><strong>Aquitania,</strong></span> <span class='ocrx_word' id='word_1_510' title='bbox 3204 2788 3572 2859; x_wconf 39' lang='lat' dir='ltr'><strong>.Septimania,</strong></span> <span class='ocrx_word' id='word_1_511' title='bbox 3601 2780 3797 2839; x_wconf 80' lang='lat' dir='ltr'><strong>Neustria,</strong></span> 
     </span>
    </p>
   </div>
   <div class='ocr_carea' id='block_1_84' title="bbox 2315 2875 3797 2956">
    <p class='ocr_par' dir='ltr' id='par_1_84' title="bbox 2315 2875 3797 2956">
     <span class='ocr_line' id='line_1_85' title="bbox 2315 2875 3797 2956; baseline -0.013 -14"><span class='ocrx_word' id='word_1_512' title='bbox 2315 2902 2380 2942; x_wconf 91' lang='lat' dir='ltr'><strong>ac</strong></span> <span class='ocrx_word' id='word_1_513' title='bbox 2399 2886 2703 2952; x_wconf 86' lang='lat' dir='ltr'><strong>Provincia,</strong></span> <span class='ocrx_word' id='word_1_514' title='bbox 2724 2886 2897 2956; x_wconf 88' lang='lat' dir='ltr'><strong>pridie</strong></span> <span class='ocrx_word' id='word_1_515' title='bbox 2917 2884 3188 2939; x_wconf 87' lang='lat' dir='ltr'><strong>Kalendas</strong></span> <span class='ocrx_word' id='word_1_516' title='bbox 3209 2882 3341 2938; x_wconf 81' lang='lat' dir='ltr'><strong>Julii</strong></span> <span class='ocrx_word' id='word_1_517' title='bbox 3369 2883 3420 2936; x_wconf 90' lang='lat' dir='ltr'><strong>in</strong></span> <span class='ocrx_word' id='word_1_518' title='bbox 3442 2881 3554 2935; x_wconf 91' lang='lat' dir='ltr'><strong>loco</strong></span> <span class='ocrx_word' id='word_1_519' title='bbox 3571 2876 3645 2946; x_wconf 89' lang='lat' dir='ltr'><strong>qni</strong></span> <span class='ocrx_word' id='word_1_520' title='bbox 3664 2875 3797 2929; x_wconf 75' lang='lat' dir='ltr'><strong>dicitur</strong></span> 
     </span>
    </p>
   </div>
   <div class='ocr_carea' id='block_1_85' title="bbox 2318 2963 3793 3046">
    <p class='ocr_par' dir='ltr' id='par_1_85' title="bbox 2318 2963 3793 3046">
     <span class='ocr_line' id='line_1_86' title="bbox 2318 2963 3793 3046; baseline -0.008 -13"><span class='ocrx_word' id='word_1_521' title='bbox 2318 2976 2635 3046; x_wconf 84' lang='lat' dir='ltr'><strong>Pontigonis</strong></span> <span class='ocrx_word' id='word_1_522' title='bbox 2687 2991 2827 3030; x_wconf 90' lang='lat' dir='ltr'><strong>anno</strong></span> <span class='ocrx_word' id='word_1_523' title='bbox 2857 2974 2926 3028; x_wconf 82' lang='lat'><strong>57</strong></span> <span class='ocrx_word' id='word_1_524' title='bbox 2976 2975 3029 3027; x_wconf 91' lang='lat' dir='ltr'><strong>in</strong></span> <span class='ocrx_word' id='word_1_525' title='bbox 3055 2972 3310 3036; x_wconf 87' lang='lat' dir='ltr'><strong>Francia,</strong></span> <span class='ocrx_word' id='word_1_526' title='bbox 3355 2987 3420 3025; x_wconf 87' lang='lat' dir='ltr'><strong>ae</strong></span> <span class='ocrx_word' id='word_1_527' title='bbox 3448 2966 3634 3038; x_wconf 83' lang='lat' dir='ltr'><strong>imperii</strong></span> <span class='ocrx_word' id='word_1_528' title='bbox 3664 2963 3793 3033; x_wconf 69' lang='lat' dir='ltr'><strong>primo.</strong></span> 
     </span>
    </p>
   </div>
   <div class='ocr_carea' id='block_1_86' title="bbox 2311 3052 3795 3137">
    <p class='ocr_par' dir='ltr' id='par_1_86' title="bbox 2311 3052 3795 3137">
     <span class='ocr_line' id='line_1_87' title="bbox 2311 3052 3795 3137; baseline -0.008 -18"><span class='ocrx_word' id='word_1_529' title='bbox 2311 3066 2463 3137; x_wconf 88' lang='lat' dir='ltr'><strong>jussu</strong></span> <span class='ocrx_word' id='word_1_530' title='bbox 2487 3065 2728 3137; x_wconf 88' lang='lat' dir='ltr'><strong>ejusdem</strong></span> <span class='ocrx_word' id='word_1_531' title='bbox 2756 3063 2936 3119; x_wconf 91' lang='lat' dir='ltr'><strong>domni</strong></span> <span class='ocrx_word' id='word_1_532' title='bbox 2958 3071 3015 3116; x_wconf 90' lang='lat' dir='ltr'><strong>et</strong></span> <span class='ocrx_word' id='word_1_533' title='bbox 3039 3061 3256 3131; x_wconf 74' lang='lat' dir='ltr'><strong>gloriosi</strong></span> <span class='ocrx_word' id='word_1_534' title='bbox 3285 3059 3493 3129; x_wconf 82' lang='lat' dir='ltr'><strong>angusti</strong></span> <span class='ocrx_word' id='word_1_535' title='bbox 3514 3052 3795 3112; x_wconf 80' lang='lat' dir='ltr'><strong>convenimus.</strong></span> 
     </span>
    </p>
   </div>
   <div class='ocr_carea' id='block_1_87' title="bbox 2315 3144 3794 3228">
    <p class='ocr_par' dir='ltr' id='par_1_87' title="bbox 2315 3144 3794 3228">
     <span class='ocr_line' id='line_1_88' title="bbox 2315 3144 3794 3228; baseline -0.014 -16"><span class='ocrx_word' id='word_1_536' title='bbox 2315 3158 2433 3228; x_wconf 88' lang='lat' dir='ltr'><strong>pari</strong></span> <span class='ocrx_word' id='word_1_537' title='bbox 2487 3171 2753 3213; x_wconf 90' lang='lat' dir='ltr'><strong>consensu</strong></span> <span class='ocrx_word' id='word_1_538' title='bbox 2800 3170 2866 3210; x_wconf 87' lang='lat' dir='ltr'><strong>ac</strong></span> <span class='ocrx_word' id='word_1_539' title='bbox 2919 3152 3177 3209; x_wconf 87' lang='lat' dir='ltr'><strong>concordi</strong></span> <span class='ocrx_word' id='word_1_540' title='bbox 3236 3149 3518 3207; x_wconf 82' lang='lat' dir='ltr'><strong>devotione</strong></span> <span class='ocrx_word' id='word_1_541' title='bbox 3548 3144 3794 3215; x_wconf 75' lang='lat' dir='ltr'><strong>eligimuset</strong></span> 
     </span>
    </p>
   </div>
   <div class='ocr_carea' id='block_1_88' title="bbox 2315 3249 2717 3305">
    <p class='ocr_par' dir='ltr' id='par_1_88' title="bbox 2315 3249 2717 3305">
     <span class='ocr_line' id='line_1_89' title="bbox 2315 3249 2717 3305; baseline -0.007 0"><span class='ocrx_word' id='word_1_542' title='bbox 2315 3249 2717 3305; x_wconf 72' lang='lat' dir='ltr'><strong>confirmamus.</strong></span> 
     </span>
    </p>
   </div>
   <div class='ocr_carea' id='block_1_89' title="bbox 2386 3323 3795 3409">
    <p class='ocr_par' dir='ltr' id='par_1_89' title="bbox 2386 3323 3795 3409">
     <span class='ocr_line' id='line_1_90' title="bbox 2386 3323 3795 3409; baseline -0.013 -15"><span class='ocrx_word' id='word_1_543' title='bbox 2386 3340 2455 3393; x_wconf 88' lang='lat' dir='ltr'><strong>Et</strong></span> <span class='ocrx_word' id='word_1_544' title='bbox 2482 3340 2897 3409; x_wconf 79' lang='lat' dir='ltr'><strong>subscripserunt</strong></span> <span class='ocrx_word' id='word_1_545' title='bbox 2928 3353 3104 3392; x_wconf 86' lang='lat' dir='ltr'><strong>omnes</strong></span> <span class='ocrx_word' id='word_1_546' title='bbox 3148 3335 3407 3406; x_wconf 87' lang='lat' dir='ltr'><strong>Cisalpini</strong></span> <span class='ocrx_word' id='word_1_547' title='bbox 3431 3330 3635 3404; x_wconf 82' lang='lat' dir='ltr'><strong>episcopi</strong></span> <span class='ocrx_word' id='word_1_548' title='bbox 3649 3325 3716 3397; x_wconf 77' lang='lat' dir='ltr'><strong>qui</strong></span> <span class='ocrx_word' id='word_1_549' title='bbox 3734 3323 3795 3375; x_wconf 49' lang='lat' dir='ltr'><strong>ad.</strong></span> 
     </span>
    </p>
   </div>
   <div class='ocr_carea' id='block_1_90' title="bbox 2315 3413 3793 3500">
    <p class='ocr_par' dir='ltr' id='par_1_90' title="bbox 2315 3413 3793 3500">
     <span class='ocr_line' id='line_1_91' title="bbox 2315 3413 3793 3500; baseline -0.008 -17"><span class='ocrx_word' id='word_1_550' title='bbox 2315 3431 2544 3499; x_wconf 79' lang='lat' dir='ltr'><strong>fuerunt,</strong></span> <span class='ocrx_word' id='word_1_551' title='bbox 2575 3439 2622 3483; x_wconf 89' lang='lat' dir='ltr'><strong>et</strong></span> <span class='ocrx_word' id='word_1_552' title='bbox 2645 3445 2866 3500; x_wconf 86' lang='lat' dir='ltr'><strong>quorum</strong></span> <span class='ocrx_word' id='word_1_553' title='bbox 2900 3429 3119 3483; x_wconf 74' lang='lat' dir='ltr'><strong>nomina</strong></span> <span class='ocrx_word' id='word_1_554' title='bbox 3139 3429 3319 3481; x_wconf 80' lang='lat' dir='ltr'><strong>subter</strong></span> <span class='ocrx_word' id='word_1_555' title='bbox 3347 3422 3596 3495; x_wconf 82' lang='lat' dir='ltr'><strong>sequentia</strong></span> <span class='ocrx_word' id='word_1_556' title='bbox 3614 3413 3793 3472; x_wconf 66' lang='lat' dir='ltr'><strong>capitula.</strong></span> 
     </span>
    </p>
   </div>
   <div class='ocr_carea' id='block_1_91' title="bbox 2312 3519 3534 3590">
    <p class='ocr_par' dir='ltr' id='par_1_91' title="bbox 2312 3519 3534 3590">
     <span class='ocr_line' id='line_1_92' title="bbox 2312 3519 3534 3590; baseline -0.003 -17"><span class='ocrx_word' id='word_1_557' title='bbox 2312 3536 2430 3589; x_wconf 61' lang='lat' dir='ltr'><strong>qua!</strong></span> <span class='ocrx_word' id='word_1_558' title='bbox 2452 3521 2911 3590; x_wconf 78' lang='lat' dir='ltr'><strong>conﬁrmaverunt,</strong></span> <span class='ocrx_word' id='word_1_559' title='bbox 2949 3529 3187 3574; x_wconf 84' lang='lat' dir='ltr'><strong>tenentur</strong></span> <span class='ocrx_word' id='word_1_560' title='bbox 3215 3519 3497 3587; x_wconf 86' lang='lat' dir='ltr'><strong>adscripta.</strong></span> <span class='ocrx_word' id='word_1_561' title='bbox 3516 3573 3534 3589; x_wconf 50' lang='grc' dir='ltr'><strong><em>ο</em></strong></span> 
     </span>
    </p>
   </div>
   <div class='ocr_carea' id='block_1_92' title="bbox 2312 3603 3792 3678">
    <p class='ocr_par' dir='ltr' id='par_1_92' title="bbox 2312 3603 3792 3678">
     <span class='ocr_line' id='line_1_93' title="bbox 2312 3603 3792 3678; baseline -0.008 -13"><span class='ocrx_word' id='word_1_562' title='bbox 2312 3612 2681 3666; x_wconf 82' lang='lat' dir='ltr'><strong>Juramcntum</strong></span> <span class='ocrx_word' id='word_1_563' title='bbox 2724 3612 3003 3665; x_wconf 79' lang='lat' dir='ltr'><strong>Ilincmari</strong></span> <span class='ocrx_word' id='word_1_564' title='bbox 3051 3611 3431 3678; x_wconf 81' lang='lat' dir='ltr'><strong>archiepiscopi</strong></span> <span class='ocrx_word' id='word_1_565' title='bbox 3482 3616 3526 3662; x_wconf 83' lang='lat' dir='ltr'><strong>et</strong></span> <span class='ocrx_word' id='word_1_566' title='bbox 3561 3603 3792 3672; x_wconf 65' lang='lat' dir='ltr'><strong>reliquorum</strong></span> 
     </span>
    </p>
   </div>
   <div class='ocr_carea' id='block_1_93' title="bbox 2965 3696 3258 3749">
    <p class='ocr_par' dir='ltr' id='par_1_93' title="bbox 2965 3696 3258 3749">
     <span class='ocr_line' id='line_1_94' title="bbox 2965 3696 3258 3749; baseline -0.01 -15"><span class='ocrx_word' id='word_1_567' title='bbox 2965 3696 3258 3749; x_wconf 85' lang='lat' dir='ltr'><strong>procerum.</strong></span> 
     </span>
    </p>
   </div>
   <div class='ocr_carea' id='block_1_94' title="bbox 2238 3754 3885 3840">
    <p class='ocr_par' dir='ltr' id='par_1_94' title="bbox 2238 3754 3885 3840">
     <span class='ocr_line' id='line_1_95' title="bbox 2238 3754 3885 3840; baseline -0.019 -6"><span class='ocrx_word' id='word_1_568' title='bbox 2238 3771 2284 3834; x_wconf 88' lang='lat' dir='ltr'><strong><em>C</em></strong></span> <span class='ocrx_word' id='word_1_569' title='bbox 2387 3771 2477 3827; x_wconf 90' lang='lat' dir='ltr'><strong>Sic</strong></span> <span class='ocrx_word' id='word_1_570' title='bbox 2506 3769 2765 3840; x_wconf 89' lang='lat' dir='ltr'><strong>promitto</strong></span> <span class='ocrx_word' id='word_1_571' title='bbox 2813 3784 2932 3839; x_wconf 84' lang='lat' dir='ltr'><strong>ego,</strong></span> <span class='ocrx_word' id='word_1_572' title='bbox 2960 3768 3084 3837; x_wconf 87' lang='lat' dir='ltr'><strong>quia</strong></span> <span class='ocrx_word' id='word_1_573' title='bbox 3116 3767 3181 3822; x_wconf 89' lang='lat' dir='ltr'><strong>de</strong></span> <span class='ocrx_word' id='word_1_574' title='bbox 3229 3767 3334 3823; x_wconf 90' lang='lat' dir='ltr'><strong>isto</strong></span> <span class='ocrx_word' id='word_1_575' title='bbox 3388 3767 3472 3822; x_wconf 87' lang='lat' dir='ltr'><strong>die</strong></span> <span class='ocrx_word' id='word_1_576' title='bbox 3499 3764 3548 3821; x_wconf 83' lang='lat' dir='ltr'><strong>ie</strong></span> <span class='ocrx_word' id='word_1_577' title='bbox 3581 3768 3705 3817; x_wconf 80' lang='lat' dir='ltr'><strong>antea</strong></span> <span class='ocrx_word' id='word_1_578' title='bbox 3736 3754 3792 3809; x_wconf 82' lang='lat' dir='ltr'><strong>isti</strong></span> <span class='ocrx_word' id='word_1_579' title='bbox 3883 3824 3885 3839; x_wconf 30' lang='lat'><strong>‘</strong></span> 
     </span>
    </p>
   </div>
   <div class='ocr_carea' id='block_1_95' title="bbox 2314 3852 3792 3928">
    <p class='ocr_par' dir='ltr' id='par_1_95' title="bbox 2314 3852 3792 3928">
     <span class='ocr_line' id='line_1_96' title="bbox 2314 3852 3792 3928; baseline -0.007 -9"><span class='ocrx_word' id='word_1_580' title='bbox 2314 3861 2519 3919; x_wconf 87' lang='lat' dir='ltr'><strong>seniori</strong></span> <span class='ocrx_word' id='word_1_581' title='bbox 2551 3875 2692 3926; x_wconf 91' lang='lat' dir='ltr'><strong>meo,</strong></span> <span class='ocrx_word' id='word_1_582' title='bbox 2751 3860 2987 3928; x_wconf 87' lang='lat' dir='ltr'><strong>quandiu</strong></span> <span class='ocrx_word' id='word_1_583' title='bbox 3010 3859 3222 3924; x_wconf 81' lang='lat' dir='ltr'><strong>vixero,</strong></span> <span class='ocrx_word' id='word_1_584' title='bbox 3260 3858 3436 3914; x_wconf 84' lang='lat' dir='ltr'><strong>ﬁdelis</strong></span> <span class='ocrx_word' id='word_1_585' title='bbox 3470 3865 3525 3913; x_wconf 88' lang='lat' dir='ltr'><strong>et</strong></span> <span class='ocrx_word' id='word_1_586' title='bbox 3545 3852 3792 3910; x_wconf 69' lang='lat' dir='ltr'><strong>obedienscl</strong></span> 
     </span>
    </p>
   </div>
   <div class='ocr_carea' id='block_1_96' title="bbox 2315 3939 3793 4020">
    <p class='ocr_par' dir='ltr' id='par_1_96' title="bbox 2315 3939 3793 4020">
     <span class='ocr_line' id='line_1_97' title="bbox 2315 3939 3793 4020; baseline -0.012 -16"><span class='ocrx_word' id='word_1_587' title='bbox 2315 3949 2544 4020; x_wconf 86' lang='lat' dir='ltr'><strong>adjutor,</strong></span> <span class='ocrx_word' id='word_1_588' title='bbox 2589 3956 3064 4018; x_wconf 85' lang='lat' dir='ltr'><strong>quantumcunque</strong></span> <span class='ocrx_word' id='word_1_589' title='bbox 3114 3946 3236 4016; x_wconf 90' lang='lat' dir='ltr'><strong>plus</strong></span> <span class='ocrx_word' id='word_1_590' title='bbox 3285 3955 3344 4003; x_wconf 87' lang='lat' dir='ltr'><strong>et</strong></span> <span class='ocrx_word' id='word_1_591' title='bbox 3395 3944 3576 4001; x_wconf 84' lang='lat' dir='ltr'><strong>melius</strong></span> <span class='ocrx_word' id='word_1_592' title='bbox 3614 3939 3793 3995; x_wconf 84' lang='lat' dir='ltr'><strong>scieroet</strong></span> 
     </span>
    </p>
   </div>
   <div class='ocr_carea' id='block_1_97' title="bbox 2310 4035 3789 4110">
    <p class='ocr_par' dir='ltr' id='par_1_97' title="bbox 2310 4035 3789 4110">
     <span class='ocr_line' id='line_1_98' title="bbox 2310 4035 3789 4110; baseline -0.008 -16"><span class='ocrx_word' id='word_1_593' title='bbox 2310 4048 2559 4110; x_wconf 90' lang='lat' dir='ltr'><strong>potuero,</strong></span> <span class='ocrx_word' id='word_1_594' title='bbox 2617 4047 2674 4093; x_wconf 90' lang='lat' dir='ltr'><strong>et</strong></span> <span class='ocrx_word' id='word_1_595' title='bbox 2731 4037 2960 4093; x_wconf 90' lang='lat' dir='ltr'><strong>consilio</strong></span> <span class='ocrx_word' id='word_1_596' title='bbox 3009 4045 3065 4092; x_wconf 90' lang='lat' dir='ltr'><strong>et</strong></span> <span class='ocrx_word' id='word_1_597' title='bbox 3113 4036 3315 4092; x_wconf 80' lang='lat' dir='ltr'><strong>auxilio</strong></span> <span class='ocrx_word' id='word_1_598' title='bbox 3353 4035 3622 4092; x_wconf 88' lang='lat' dir='ltr'><strong>secundum</strong></span> <span class='ocrx_word' id='word_1_599' title='bbox 3671 4037 3789 4083; x_wconf 82' lang='lat' dir='ltr'><strong>meum</strong></span> 
     </span>
    </p>
   </div>
   <div class='ocr_carea' id='block_1_98' title="bbox 2310 4114 3791 4200">
    <p class='ocr_par' dir='ltr' id='par_1_98' title="bbox 2310 4114 3791 4200">
     <span class='ocr_line' id='line_1_99' title="bbox 2310 4114 3791 4200; baseline -0.008 -16"><span class='ocrx_word' id='word_1_600' title='bbox 2310 4130 2671 4186; x_wconf 89' lang='lat' dir='ltr'><strong>ministerium</strong></span> <span class='ocrx_word' id='word_1_601' title='bbox 2699 4130 2754 4185; x_wconf 92' lang='lat' dir='ltr'><strong>in</strong></span> <span class='ocrx_word' id='word_1_602' title='bbox 2783 4129 3035 4184; x_wconf 89' lang='lat' dir='ltr'><strong>omnibus</strong></span> <span class='ocrx_word' id='word_1_603' title='bbox 3062 4142 3180 4195; x_wconf 88' lang='lat' dir='ltr'><strong>ero,</strong></span> <span class='ocrx_word' id='word_1_604' title='bbox 3211 4130 3420 4200; x_wconf 85' lang='lat' dir='ltr'><strong>absque</strong></span> <span class='ocrx_word' id='word_1_605' title='bbox 3444 4125 3617 4182; x_wconf 78' lang='lat' dir='ltr'><strong>fraude</strong></span> <span class='ocrx_word' id='word_1_606' title='bbox 3637 4130 3680 4177; x_wconf 77' lang='lat' dir='ltr'><strong>et</strong></span> <span class='ocrx_word' id='word_1_607' title='bbox 3698 4114 3791 4172; x_wconf 81' lang='lat' dir='ltr'><strong>malo</strong></span> 
     </span>
    </p>
   </div>
   <div class='ocr_carea' id='block_1_99' title="bbox 2311 4213 3789 4291">
    <p class='ocr_par' dir='ltr' id='par_1_99' title="bbox 2311 4213 3789 4291">
     <span class='ocr_line' id='line_1_100' title="bbox 2311 4213 3789 4291; baseline -0.007 -16"><span class='ocrx_word' id='word_1_608' title='bbox 2311 4220 2525 4291; x_wconf 81' lang='lat' dir='ltr'><strong>ingenio</strong></span> <span class='ocrx_word' id='word_1_609' title='bbox 2555 4228 2611 4275; x_wconf 91' lang='lat' dir='ltr'><strong>et</strong></span> <span class='ocrx_word' id='word_1_610' title='bbox 2634 4220 2841 4290; x_wconf 87' lang='lat' dir='ltr'><strong>absque</strong></span> <span class='ocrx_word' id='word_1_611' title='bbox 2871 4219 2976 4275; x_wconf 91' lang='lat' dir='ltr'><strong>ulla</strong></span> <span class='ocrx_word' id='word_1_612' title='bbox 3001 4217 3288 4274; x_wconf 88' lang='lat' dir='ltr'><strong>dolositate</strong></span> <span class='ocrx_word' id='word_1_613' title='bbox 3323 4219 3409 4275; x_wconf 86' lang='lat' dir='ltr'><strong>vel</strong></span> <span class='ocrx_word' id='word_1_614' title='bbox 3443 4213 3708 4275; x_wconf 81' lang='lat' dir='ltr'><strong>seductione</strong></span> <span class='ocrx_word' id='word_1_615' title='bbox 3728 4217 3789 4260; x_wconf 62' lang='grc' dir='ltr'><strong>ξω</strong></span> 
     </span>
    </p>
   </div>
   <div class='ocr_carea' id='block_1_100' title="bbox 2312 4293 3793 4380">
    <p class='ocr_par' dir='ltr' id='par_1_100' title="bbox 2312 4293 3793 4380">
     <span class='ocr_line' id='line_1_101' title="bbox 2312 4293 3793 4380; baseline -0.007 -15"><span class='ocrx_word' id='word_1_616' title='bbox 2312 4310 2628 4380; x_wconf 86' lang='lat' dir='ltr'><strong>deceptione</strong></span> <span class='ocrx_word' id='word_1_617' title='bbox 2678 4318 2735 4366; x_wconf 88' lang='lat' dir='ltr'><strong>et</strong></span> <span class='ocrx_word' id='word_1_618' title='bbox 2775 4312 2981 4380; x_wconf 89' lang='lat' dir='ltr'><strong>absque</strong></span> <span class='ocrx_word' id='word_1_619' title='bbox 3004 4318 3250 4380; x_wconf 87' lang='lat' dir='ltr'><strong>respectu</strong></span> <span class='ocrx_word' id='word_1_620' title='bbox 3279 4293 3793 4379; x_wconf 62' lang='lat' dir='ltr'><strong>alicujuspersonaJ&#39;ll</strong></span> 
     </span>
    </p>
   </div>
   <div class='ocr_carea' id='block_1_101' title="bbox 2312 4387 3791 4470">
    <p class='ocr_par' dir='ltr' id='par_1_101' title="bbox 2312 4387 3791 4470">
     <span class='ocr_line' id='line_1_102' title="bbox 2312 4387 3791 4470; baseline -0.012 -15"><span class='ocrx_word' id='word_1_621' title='bbox 2312 4415 2488 4470; x_wconf 85' lang='lat' dir='ltr'><strong>neque</strong></span> <span class='ocrx_word' id='word_1_622' title='bbox 2517 4416 2615 4469; x_wconf 88' lang='lat' dir='ltr'><strong>per</strong></span> <span class='ocrx_word' id='word_1_623' title='bbox 2662 4416 2769 4466; x_wconf 87' lang='lat' dir='ltr'><strong>me,</strong></span> <span class='ocrx_word' id='word_1_624' title='bbox 2798 4415 2971 4470; x_wconf 87' lang='lat' dir='ltr'><strong>neque</strong></span> <span class='ocrx_word' id='word_1_625' title='bbox 3018 4415 3115 4469; x_wconf 89' lang='lat' dir='ltr'><strong>per</strong></span> <span class='ocrx_word' id='word_1_626' title='bbox 3144 4401 3392 4466; x_wconf 90' lang='lat' dir='ltr'><strong>missum,</strong></span> <span class='ocrx_word' id='word_1_627' title='bbox 3431 4409 3590 4467; x_wconf 86' lang='lat' dir='ltr'><strong>neque</strong></span> <span class='ocrx_word' id='word_1_628' title='bbox 3607 4405 3684 4462; x_wconf 88' lang='lat' dir='ltr'><strong>per</strong></span> <span class='ocrx_word' id='word_1_629' title='bbox 3698 4387 3791 4441; x_wconf 82' lang='lat' dir='ltr'><strong>litte-</strong></span> 
     </span>
    </p>
   </div>
   <div class='ocr_carea' id='block_1_102' title="bbox 2312 4485 3789 4557">
    <p class='ocr_par' dir='ltr' id='par_1_102' title="bbox 2312 4485 3789 4557">
     <span class='ocr_line' id='line_1_103' title="bbox 2312 4485 3789 4557; baseline -0.008 -13"><span class='ocrx_word' id='word_1_630' title='bbox 2312 4506 2421 4557; x_wconf 82' lang='lat' dir='ltr'><strong>ras,</strong></span> <span class='ocrx_word' id='word_1_631' title='bbox 2472 4489 2566 4543; x_wconf 86' lang='lat' dir='ltr'><strong>sed</strong></span> <span class='ocrx_word' id='word_1_632' title='bbox 2606 4503 2778 4557; x_wconf 88' lang='lat' dir='ltr'><strong>neque</strong></span> <span class='ocrx_word' id='word_1_633' title='bbox 2802 4504 2898 4557; x_wconf 82' lang='lat' dir='ltr'><strong>per</strong></span> <span class='ocrx_word' id='word_1_634' title='bbox 2947 4489 3200 4544; x_wconf 89' lang='lat' dir='ltr'><strong>emissam</strong></span> <span class='ocrx_word' id='word_1_635' title='bbox 3246 4489 3332 4542; x_wconf 88' lang='lat' dir='ltr'><strong>vel</strong></span> <span class='ocrx_word' id='word_1_636' title='bbox 3360 4485 3685 4543; x_wconf 86' lang='lat' dir='ltr'><strong>intromissam</strong></span> <span class='ocrx_word' id='word_1_637' title='bbox 3704 4487 3789 4542; x_wconf 76' lang='lat' dir='ltr'><strong>per—</strong></span> 
     </span>
    </p>
   </div>
   <div class='ocr_carea' id='block_1_103' title="bbox 2310 4573 3787 4650">
    <p class='ocr_par' dir='ltr' id='par_1_103' title="bbox 2310 4573 3787 4650">
     <span class='ocr_line' id='line_1_104' title="bbox 2310 4573 3787 4650; baseline 0.001 -16"><span class='ocrx_word' id='word_1_638' title='bbox 2310 4596 2522 4644; x_wconf 86' lang='lat' dir='ltr'><strong>sonam,</strong></span> <span class='ocrx_word' id='word_1_639' title='bbox 2541 4579 2623 4633; x_wconf 88' lang='lat' dir='ltr'><strong>vel</strong></span> <span class='ocrx_word' id='word_1_640' title='bbox 2648 4594 2969 4649; x_wconf 88' lang='lat' dir='ltr'><strong>quocunque</strong></span> <span class='ocrx_word' id='word_1_641' title='bbox 2996 4581 3156 4635; x_wconf 92' lang='lat' dir='ltr'><strong>modo</strong></span> <span class='ocrx_word' id='word_1_642' title='bbox 3180 4594 3242 4634; x_wconf 86' lang='lat' dir='ltr'><strong>ac</strong></span> <span class='ocrx_word' id='word_1_643' title='bbox 3258 4573 3787 4650; x_wconf 63' lang='lat' dir='ltr'><strong>signiﬁcatione.contra</strong></span> 
     </span>
    </p>
   </div>
   <div class='ocr_carea' id='block_1_104' title="bbox 2310 4652 3785 4738">
    <p class='ocr_par' dir='ltr' id='par_1_104' title="bbox 2310 4652 3785 4738">
     <span class='ocr_line' id='line_1_105' title="bbox 2310 4652 3785 4738; baseline -0.009 -12"><span class='ocrx_word' id='word_1_644' title='bbox 2310 4687 2465 4726; x_wconf 89' lang='lat' dir='ltr'><strong>suum</strong></span> <span class='ocrx_word' id='word_1_645' title='bbox 2510 4672 2770 4725; x_wconf 89' lang='lat' dir='ltr'><strong>honorem</strong></span> <span class='ocrx_word' id='word_1_646' title='bbox 2816 4678 2867 4725; x_wconf 88' lang='lat' dir='ltr'><strong>et</strong></span> <span class='ocrx_word' id='word_1_647' title='bbox 2897 4685 3075 4737; x_wconf 85' lang='lat' dir='ltr'><strong>suam,</strong></span> <span class='ocrx_word' id='word_1_648' title='bbox 3123 4670 3387 4735; x_wconf 74' lang='lat' dir='ltr'><strong>ecclesize,</strong></span> <span class='ocrx_word' id='word_1_649' title='bbox 3419 4677 3570 4738; x_wconf 86' lang='lat' dir='ltr'><strong>atque</strong></span> <span class='ocrx_word' id='word_1_650' title='bbox 3589 4659 3709 4730; x_wconf 72' lang='lat' dir='ltr'><strong>regni</strong></span> <span class='ocrx_word' id='word_1_651' title='bbox 3736 4652 3785 4709; x_wconf 84' lang='lat' dir='ltr'><strong>illi</strong></span> 
     </span>
    </p>
   </div>
   <div class='ocr_carea' id='block_1_105' title="bbox 2310 4748 3789 4830">
    <p class='ocr_par' dir='ltr' id='par_1_105' title="bbox 2310 4748 3789 4830">
     <span class='ocr_line' id='line_1_106' title="bbox 2310 4748 3789 4830; baseline -0.012 -13"><span class='ocrx_word' id='word_1_652' title='bbox 2310 4760 2583 4818; x_wconf 90' lang='lat' dir='ltr'><strong>commissi</strong></span> <span class='ocrx_word' id='word_1_653' title='bbox 2612 4761 2848 4830; x_wconf 89' lang='lat' dir='ltr'><strong>quietem</strong></span> <span class='ocrx_word' id='word_1_654' title='bbox 2895 4768 2950 4815; x_wconf 89' lang='lat' dir='ltr'><strong>et</strong></span> <span class='ocrx_word' id='word_1_655' title='bbox 2974 4760 3417 4829; x_wconf 83' lang='lat' dir='ltr'><strong>tranquillitatem</strong></span> <span class='ocrx_word' id='word_1_656' title='bbox 3443 4767 3592 4827; x_wconf 86' lang='lat' dir='ltr'><strong>atque</strong></span> <span class='ocrx_word' id='word_1_657' title='bbox 3616 4748 3789 4807; x_wconf 51' lang='lat' dir='ltr'><strong>solidita&#39;</strong></span> 
     </span>
    </p>
   </div>
   <div class='ocr_carea' id='block_1_106' title="bbox 2308 4843 3789 4918">
    <p class='ocr_par' dir='ltr' id='par_1_106' title="bbox 2308 4843 3789 4918">
     <span class='ocr_line' id='line_1_107' title="bbox 2308 4843 3789 4918; baseline -0.005 -9"><span class='ocrx_word' id='word_1_658' title='bbox 2308 4862 2417 4909; x_wconf 89' lang='lat' dir='ltr'><strong>tem</strong></span> <span class='ocrx_word' id='word_1_659' title='bbox 2476 4853 2800 4910; x_wconf 84' lang='lat' dir='ltr'><strong>machinabo</strong></span> <span class='ocrx_word' id='word_1_660' title='bbox 2824 4853 2907 4909; x_wconf 91' lang='lat' dir='ltr'><strong>vel</strong></span> <span class='ocrx_word' id='word_1_661' title='bbox 2934 4854 3268 4909; x_wconf 84' lang='lat' dir='ltr'><strong>machinanti</strong></span> <span class='ocrx_word' id='word_1_662' title='bbox 3295 4851 3628 4918; x_wconf 84' lang='lat' dir='ltr'><strong>consentiam.</strong></span> <span class='ocrx_word' id='word_1_663' title='bbox 3659 4843 3789 4910; x_wconf 68' lang='lat' dir='ltr'><strong>Neque</strong></span> 
     </span>
    </p>
   </div>
   <div class='ocr_carea' id='block_1_107' title="bbox 2308 4928 3788 5014">
    <p class='ocr_par' dir='ltr' id='par_1_107' title="bbox 2308 4928 3788 5014">
     <span class='ocr_line' id='line_1_108' title="bbox 2308 4928 3788 5014; baseline -0.01 -15"><span class='ocrx_word' id='word_1_664' title='bbox 2308 4959 2548 5014; x_wconf 90' lang='lat' dir='ltr'><strong>unquam</strong></span> <span class='ocrx_word' id='word_1_665' title='bbox 2611 4942 2828 5012; x_wconf 82' lang='lat' dir='ltr'><strong>aliquod</strong></span> <span class='ocrx_word' id='word_1_666' title='bbox 2881 4943 3195 4998; x_wconf 89' lang='lat' dir='ltr'><strong>scandalum</strong></span> <span class='ocrx_word' id='word_1_667' title='bbox 3261 4941 3501 5005; x_wconf 88' lang='lat' dir='ltr'><strong>movebo,</strong></span> <span class='ocrx_word' id='word_1_668' title='bbox 3539 4933 3659 5006; x_wconf 86' lang='lat' dir='ltr'><strong>quod</strong></span> <span class='ocrx_word' id='word_1_669' title='bbox 3690 4928 3788 4984; x_wconf 69' lang='lat' dir='ltr'><strong>iuius</strong></span> 
     </span>
    </p>
   </div>
   <div class='ocr_carea' id='block_1_108' title="bbox 2308 5021 3785 5105">
    <p class='ocr_par' dir='ltr' id='par_1_108' title="bbox 2308 5021 3785 5105">
     <span class='ocr_line' id='line_1_109' title="bbox 2308 5021 3785 5105; baseline -0.01 -13"><span class='ocrx_word' id='word_1_670' title='bbox 2308 5036 2560 5105; x_wconf 64' lang='lat' dir='ltr'><strong>praesenti</strong></span> <span class='ocrx_word' id='word_1_671' title='bbox 2603 5034 2691 5090; x_wconf 83' lang='lat' dir='ltr'><strong>vel</strong></span> <span class='ocrx_word' id='word_1_672' title='bbox 2719 5034 2912 5089; x_wconf 67' lang='lat' dir='ltr'><strong>futura:</strong></span> <span class='ocrx_word' id='word_1_673' title='bbox 2941 5033 3099 5088; x_wconf 92' lang='lat' dir='ltr'><strong>saluti</strong></span> <span class='ocrx_word' id='word_1_674' title='bbox 3154 5034 3478 5089; x_wconf 89' lang='lat' dir='ltr'><strong>contrarium</strong></span> <span class='ocrx_word' id='word_1_675' title='bbox 3503 5028 3577 5084; x_wconf 84' lang='lat' dir='ltr'><strong>vel</strong></span> <span class='ocrx_word' id='word_1_676' title='bbox 3599 5021 3785 5081; x_wconf 75' lang='lat' dir='ltr'><strong>nocivum</strong></span> 
     </span>
    </p>
   </div>
   <div class='ocr_carea' id='block_1_109' title="bbox 2233 5115 3885 5196">
    <p class='ocr_par' dir='ltr' id='par_1_109' title="bbox 2233 5115 3885 5196">
     <span class='ocr_line' id='line_1_110' title="bbox 2233 5115 3885 5196; baseline -0.003 -15"><span class='ocrx_word' id='word_1_677' title='bbox 2233 5115 2287 5176; x_wconf 85' lang='lat' dir='ltr'><strong><em>D</em></strong></span> <span class='ocrx_word' id='word_1_678' title='bbox 2312 5140 2431 5181; x_wconf 89' lang='lat' dir='ltr'><strong>esse</strong></span> <span class='ocrx_word' id='word_1_679' title='bbox 2450 5126 2638 5195; x_wconf 89' lang='lat' dir='ltr'><strong>possit.</strong></span> <span class='ocrx_word' id='word_1_680' title='bbox 2672 5124 2766 5180; x_wconf 90' lang='lat' dir='ltr'><strong>Sic</strong></span> <span class='ocrx_word' id='word_1_681' title='bbox 2815 5140 2902 5181; x_wconf 91' lang='lat' dir='ltr'><strong>me</strong></span> <span class='ocrx_word' id='word_1_682' title='bbox 2929 5124 3071 5181; x_wconf 90' lang='lat' dir='ltr'><strong>Deus</strong></span> <span class='ocrx_word' id='word_1_683' title='bbox 3093 5126 3305 5196; x_wconf 82' lang='lat' dir='ltr'><strong>adjuvet</strong></span> <span class='ocrx_word' id='word_1_684' title='bbox 3346 5132 3401 5179; x_wconf 87' lang='lat' dir='ltr'><strong>et</strong></span> <span class='ocrx_word' id='word_1_685' title='bbox 3427 5124 3521 5177; x_wconf 87' lang='lat' dir='ltr'><strong>ista</strong></span> <span class='ocrx_word' id='word_1_686' title='bbox 3552 5123 3703 5173; x_wconf 82' lang='lat' dir='ltr'><strong>sancta</strong></span> <span class='ocrx_word' id='word_1_687' title='bbox 3729 5121 3787 5176; x_wconf 61' lang='lat' dir='ltr'><strong>Pa‘</strong></span> <span class='ocrx_word' id='word_1_688' title='bbox 3884 5118 3885 5141; x_wconf 82' lang='lat'>‘</span> 
     </span>
    </p>
   </div>
   <div class='ocr_carea' id='block_1_110' title="bbox 2308 5219 3095 5279">
    <p class='ocr_par' dir='ltr' id='par_1_110' title="bbox 2308 5219 3095 5279">
     <span class='ocr_line' id='line_1_111' title="bbox 2308 5219 3095 5279; baseline -0.009 -5"><span class='ocrx_word' id='word_1_689' title='bbox 2308 5219 2559 5274; x_wconf 90' lang='lat' dir='ltr'><strong>trociuia.</strong></span> <span class='ocrx_word' id='word_1_690' title='bbox 3084 5270 3095 5279; x_wconf 82' lang='lat'><strong><em>_</em></strong></span> 
     </span>
    </p>
   </div>
   <div class='ocr_carea' id='block_1_111' title="bbox 2378 5290 3786 5377">
    <p class='ocr_par' dir='ltr' id='par_1_111' title="bbox 2378 5290 3786 5377">
     <span class='ocr_line' id='line_1_112' title="bbox 2378 5290 3786 5377; baseline -0.015 -12"><span class='ocrx_word' id='word_1_691' title='bbox 2378 5311 2435 5366; x_wconf 88' lang='lat' dir='ltr'><strong>In</strong></span> <span class='ocrx_word' id='word_1_692' title='bbox 2466 5310 2684 5366; x_wconf 88' lang='lat' dir='ltr'><strong>nomine</strong></span> <span class='ocrx_word' id='word_1_693' title='bbox 2713 5311 2907 5376; x_wconf 84' lang='lat' dir='ltr'><strong>Patris,</strong></span> <span class='ocrx_word' id='word_1_694' title='bbox 2937 5320 2991 5366; x_wconf 76' lang='lat' dir='ltr'><strong>et</strong></span> <span class='ocrx_word' id='word_1_695' title='bbox 3034 5310 3176 5377; x_wconf 89' lang='lat' dir='ltr'><strong>Filii,</strong></span> <span class='ocrx_word' id='word_1_696' title='bbox 3213 5318 3319 5365; x_wconf 80' lang='lat' dir='ltr'><strong>etc.</strong></span> <span class='ocrx_word' id='word_1_697' title='bbox 3351 5318 3402 5363; x_wconf 87' lang='lat' dir='ltr'><strong>ut</strong></span> <span class='ocrx_word' id='word_1_698' title='bbox 3454 5321 3595 5377; x_wconf 82' lang='lat' dir='ltr'><strong>supra</strong></span> <span class='ocrx_word' id='word_1_699' title='bbox 3613 5298 3692 5355; x_wconf 83' lang='lat' dir='ltr'><strong>col.</strong></span> <span class='ocrx_word' id='word_1_700' title='bbox 3715 5290 3786 5346; x_wconf 78' lang='lat'><strong>763</strong></span> 
     </span>
    </p>
   </div>
   <div class='ocr_carea' id='block_1_112' title="bbox 2308 5401 3204 5473">
    <p class='ocr_par' dir='ltr' id='par_1_112' title="bbox 2308 5401 3204 5473">
     <span class='ocr_line' id='line_1_113' title="bbox 2308 5401 3204 5473; baseline 0.002 -18"><span class='ocrx_word' id='word_1_701' title='bbox 2308 5415 2471 5473; x_wconf 66' lang='lat' dir='ltr'><strong>itaque</strong></span> <span class='ocrx_word' id='word_1_702' title='bbox 2497 5402 2705 5473; x_wconf 81' lang='lat' dir='ltr'><strong>signum</strong></span> <span class='ocrx_word' id='word_1_703' title='bbox 2726 5401 2944 5457; x_wconf 86' lang='lat' dir='ltr'><strong>Berardi</strong></span> <span class='ocrx_word' id='word_1_704' title='bbox 2972 5402 3204 5458; x_wconf 86' lang='lat' dir='ltr'><strong>comitis.</strong></span> 
     </span>
    </p>
   </div>
   <div class='ocr_carea' id='block_1_113' title="bbox 2382 5482 3784 5564">
    <p class='ocr_par' dir='ltr' id='par_1_113' title="bbox 2382 5482 3784 5564">
     <span class='ocr_line' id='line_1_114' title="bbox 2382 5482 3784 5564; baseline -0.008 -15"><span class='ocrx_word' id='word_1_705' title='bbox 2382 5492 2653 5550; x_wconf 83' lang='lat' dir='ltr'><strong>Johannes</strong></span> <span class='ocrx_word' id='word_1_706' title='bbox 2687 5493 3048 5549; x_wconf 89' lang='lat' dir='ltr'><strong>Tuscancnsis</strong></span> <span class='ocrx_word' id='word_1_707' title='bbox 3091 5493 3387 5564; x_wconf 88' lang='lat' dir='ltr'><strong>episcopus,</strong></span> <span class='ocrx_word' id='word_1_708' title='bbox 3422 5491 3616 5558; x_wconf 84' lang='lat' dir='ltr'><strong>legatus</strong></span> <span class='ocrx_word' id='word_1_709' title='bbox 3640 5482 3784 5535; x_wconf 59' lang='lat' dir='ltr'><strong>saltm</strong></span> 
     </span>
    </p>
   </div>
   <div class='ocr_carea' id='block_1_114' title="bbox 1925 5599 2639 5674">
    <p class='ocr_par' dir='ltr' id='par_1_114' title="bbox 1925 5599 2639 5674">
     <span class='ocr_line' id='line_1_115' title="bbox 1925 5599 2639 5674; baseline 0.003 -18"><span class='ocrx_word' id='word_1_710' title='bbox 1925 5600 2175 5659; x_wconf 66' lang='lat' dir='ltr'><strong>vanus.</strong></span> <span class='ocrx_word' id='word_1_711' title='bbox 2193 5604 2596 5674; x_wconf 76' lang='lat' dir='ltr'><strong>LECTIONES.</strong></span> <span class='ocrx_word' id='word_1_712' title='bbox 2634 5599 2639 5605; x_wconf 82' lang='lat'><strong>‘</strong></span> 
     </span>
    </p>
   </div>
   <div class='ocr_carea' id='block_1_115' title="bbox 712 5675 3779 5768">
    <p class='ocr_par' dir='ltr' id='par_1_115' title="bbox 712 5675 3779 5768">
     <span class='ocr_line' id='line_1_116' title="bbox 712 5675 3779 5768; baseline -0.007 -22"><span class='ocrx_word' id='word_1_713' title='bbox 712 5687 1257 5768; x_wconf 43' lang='lat' dir='ltr'><strong>&#39;5&#39;f._Subsc_riptiones</strong></span> <span class='ocrx_word' id='word_1_714' title='bbox 1282 5706 1593 5768; x_wconf 53' lang='lat' dir='ltr'><strong>omnesante</strong></span> <span class='ocrx_word' id='word_1_715' title='bbox 1615 5693 1913 5768; x_wconf 50' lang='lat' dir='ltr'><strong>prwcedltnt</strong></span> <span class='ocrx_word' id='word_1_716' title='bbox 1940 5695 1993 5746; x_wconf 88' lang='lat' dir='ltr'><strong>in</strong></span> <span class='ocrx_word' id='word_1_717' title='bbox 2027 5694 2307 5752; x_wconf 88' lang='lat' dir='ltr'><strong>Sirmondo</strong></span> <span class='ocrx_word' id='word_1_718' title='bbox 2355 5698 2575 5765; x_wconf 85' lang='lat' dir='ltr'><strong>desunt,</strong></span> <span class='ocrx_word' id='word_1_719' title='bbox 2616 5698 2891 5768; x_wconf 67' lang='lat' dir='ltr'><strong>relala’que</strong></span> <span class='ocrx_word' id='word_1_720' title='bbox 2929 5697 3073 5767; x_wconf 76' lang='lat' dir='ltr'><strong>[nere</strong></span> <span class='ocrx_word' id='word_1_721' title='bbox 3127 5699 3180 5751; x_wconf 87' lang='lat' dir='ltr'><strong>in</strong></span> <span class='ocrx_word' id='word_1_722' title='bbox 3219 5698 3369 5752; x_wconf 83' lang='lat' dir='ltr'><strong>istius</strong></span> <span class='ocrx_word' id='word_1_723' title='bbox 3410 5690 3622 5763; x_wconf 75' lang='lat' dir='ltr'><strong>operibus</strong></span> <span class='ocrx_word' id='word_1_724' title='bbox 3649 5675 3779 5736; x_wconf 75' lang='lat' dir='ltr'><strong>rariis,</strong></span> 
     </span>
    </p>
   </div>
   <div class='ocr_carea' id='block_1_116' title="bbox 641 5758 1994 5831">
    <p class='ocr_par' dir='ltr' id='par_1_116' title="bbox 641 5758 1994 5831">
     <span class='ocr_line' id='line_1_117' title="bbox 641 5758 1994 5831; baseline 0.004 -19"><span class='ocrx_word' id='word_1_725' title='bbox 641 5758 929 5831; x_wconf 83' lang='lat' dir='ltr'><strong>post_illnm</strong></span> <span class='ocrx_word' id='word_1_726' title='bbox 950 5759 1122 5826; x_wconf 84' lang='lat' dir='ltr'><strong>editis,</strong></span> <span class='ocrx_word' id='word_1_727' title='bbox 1150 5776 1214 5815; x_wconf 76' lang='lat' dir='ltr'><strong>ea:</strong></span> <span class='ocrx_word' id='word_1_728' title='bbox 1240 5761 1355 5815; x_wconf 84' lang='lat' dir='ltr'><strong>cod.</strong></span> <span class='ocrx_word' id='word_1_729' title='bbox 1381 5758 1757 5818; x_wconf 77' lang='lat' dir='ltr'><strong>Bellovacensi.</strong></span> <span class='ocrx_word' id='word_1_730' title='bbox 1795 5763 1994 5817; x_wconf 79' lang='grc' dir='ltr'><strong>ΒΑιυΖ.</strong></span> 
     </span>
    </p>
   </div>
  </div>
