3874 5340
111 313 201 371 Ἰῧο

1093 310 1522 368 FRANCORUM
1561 310 1803 369 REGUM
1841 310 2327 368 CAPITULARIA.

3220 312 3331 375 770

109 426 238 484 sedis
261 422 575 494 apostolica
591 431 647 479 et
673 423 857 479 domni
885 423 1151 479 Johannis
1175 425 1371 479 summi
1393 426 1665 493 pontiﬁcis
1690 405 1737 463 Α
1765 421 2135 492 chiepiscopus
2185 420 2502 490 subscripsi.
2548 419 2704 476 Wala
2734 422 3193 482 Autisiodorensis
3213 429 3332 498 epi-

106 525 156 572 ct
176 513 497 569 universalis
526 528 694 583 papa,
740 515 793 569 in
819 515 905 568 bis
944 528 1065 583 qua
1112 530 1273 585 supra
1306 515 1508 584 scripta
1541 522 1667 570 sunt

110 603 331 669 interfui,
369 603 650 668 consensi,
688 611 746 657 et
796 603 1117 674 subscripsi.
1166 604 1462 674 Ansegisus
1495 603 1668 658 Seno-

107 708 220 750 num
263 693 588 762 metrOpolis
637 693 942 762 episcOpus,
999 703 1202 749 sancta
1246 703 1301 749 et
1361 695 1669 765 apostolica

104 784 235 839 sedis
280 796 383 852 per
421 782 681 837 domuum
722 781 1023 838 Johannem
1057 798 1326 839 summum
1355 784 1667 855 pontificem

107 885 280 942 papam
326 870 594 936 vicarius,
651 870 891 935 interfui,
944 873 1214 936 consensi,
1272 882 1326 926 et
1350 873 1664 943 subscripsi.

106 960 656 1016 JohannesAretinus
707 960 1012 1028 episcopus,
1048 971 1250 1015 saneta
1286 962 1431 1017 sedis
1456 970 1670 1030 aposto-

109 1051 210 1106 lica
235 1048 471 1118 legatus,
509 1048 751 1113 interfui,
779 1050 1052 1115 consensi,
1083 1059 1137 1104 et
1161 1049 1475 1121 subscripsi.
1505 1049 1668 1107 llinc.

110 1155 274 1196 murus
315 1138 620 1193 Remorum
674 1138 1110 1208 archiepiscOpus
1134 1140 1449 1208 subscripsi.
1483 1138 1670 1195 Frota-

110 1232 207 1287 tius
250 1228 695 1299 archiepiscOpus
743 1228 993 1283 consensi
1027 1237 1083 1281 et
1131 1227 1447 1299 subscripsi.
1492 1229 1668 1285 Aure-

112 1324 267 1377 lianus
314 1319 702 1390 Lugdunensis
749 1318 991 1374 ecclesia
1041 1321 1326 1390 episcopus
1379 1321 1434 1375 in
1463 1320 1668 1376 Christi
1718 1342 1725 1348 -

114 1411 305 1467 nomine
348 1410 605 1465 rohoravi
646 1410 757 1463 ⁸⁸⁷³.
786 1409 1102 1466 Ottramnus
1152 1410 1479 1467 Viennensis
1501 1411 1667 1466 eccle-

114 1501 191 1554 sia
221 1499 512 1568 episcopus
568 1498 885 1568 subscripsi.
934 1496 1207 1553 Johaunes
1257 1498 1668 1567 Rotomagensis

117 1590 335 1645 ecclesia:
411 1590 858 1661 archiepiscopus
928 1590 1243 1659 subscripsi.
1304 1589 1667 1647 Bertmundus

116 1680 494 1735 Ebreduuensis
547 1682 791 1737 ecclesia
861 1683 1297 1754 archiepiscopus
1348 1684 1662 1755 subscripsi.

119 1771 452 1840 Rageuelmus
512 1770 874 1828 Tornacensis
935 1772 1176 1829 ecclesia
1220 1773 1502 1843 episcopus
1539 1776 1667 1833 sub-

120 1864 307 1933 scripsi.
366 1862 655 1920 Walterus
710 1866 928 1921 humilis
970 1866 1372 1922 Aurelianensis
1421 1867 1666 1923 ecclesia:

124 1954 375 2023 episcopus
418 1956 740 2026 subscripsi.
791 1956 1095 2014 Gerboldus
1142 1957 1535 2013 Cabillonensis
1576 1973 1666 2014 ec-

125 2043 273 2100 clesia
290 2045 581 2115 episc0pns
602 2046 919 2117 subscripsi.
954 2044 1286 2103 Cislebertus
1314 2047 1666 2107 Carnotensis

129 2134 342 2190 ecclesia
365 2136 657 2207 episcopus
694 2138 1005 2210 subscripsi.
1053 2138 1403 2196 Hildeboldus
1424 2140 1667 2198 Suessio-

128 2224 285 2280 nensis
334 2226 582 2282 ecclesia
627 2227 910 2298 episcopus
979 2229 1295 2301 subscripsi.
1361 2229 1666 2303 Rostagnus

135 2327 303 2369 sancta
328 2316 666 2372 Arelatensis
704 2319 949 2375 ecclesiae
985 2320 1203 2376 humilis
1227 2322 1512 2391 episcopus
1538 2325 1667 2379 sub—

133 2405 310 2473 scripsi.
354 2404 511 2461 Isaac
562 2407 921 2479 Lingonensis
962 2411 1205 2466 ecclesia
1234 2412 1517 2483 episcopus
1546 2414 1669 2468 sub-

126 2493 306 2562 scripsi.
356 2494 689 2553 Lantbertus
737 2498 1075 2557 Matiscensis
1121 2502 1364 2558 ecclesia
1386 2503 1667 2574 episcopus

131 2584 406 2654 subscripsi.
469 2586 799 2658 lngelwinus
847 2600 1051 2647 sancta
1085 2591 1472 2650 Parisiacensis
1500 2595 1667 2650 eccle-

127 2673 201 2727 sia
245 2675 531 2746 episcopus
593 2680 907 2750 subscripsi.
970 2680 1232 2739 Ceroldus
1287 2682 1667 2741 Ambianensis

128 2764 329 2821 ecclesia
382 2769 680 2839 episcopus
729 2772 1044 2843 subscripsi.
1093 2774 1248 2830 Abbo
1307 2774 1667 2835 Nevernensis

130 2858 332 2915 ecclesia:
351 2862 647 2932 episcopus
670 2866 987 2935 subscripsi.
1015 2865 1291 2924 Johannes
1313 2867 1667 2925 Cameracen-

128 2948 189 3002 sis
209 2950 430 3009 ecclesia
458 2954 754 3024 episcopus
782 2957 1094 3026 subscripsi.
1123 2957 1460 3014 lladebertus
1492 2958 1666 3014 Silva-

130 3040 358 3094 necteusis
396 3041 650 3096 ecclesia
678 3044 960 3113 episcopus
993 3047 1311 3116 subscripsi.
1350 3045 1465 3101 Odo
1493 3046 1667 3117 Belgi-

133 3139 346 3183 vacorum
398 3130 687 3201 episcopus
737 3133 790 3187 in
836 3132 1036 3189 Christi
1087 3137 1304 3191 nomine
1342 3136 1660 3205 subscripsi.

133 3210 385 3273 Ratbertus
406 3219 710 3274 Valentina
756 3220 1000 3276 ecclesia
1026 3224 1312 3294 episcopus
1340 3223 1659 3295 subscripsi.

136 3302 385 3364 Bernarius
409 3309 927 3380 Cratiauopolitana
966 3316 1209 3371 ecclesiae
1227 3317 1510 3387 episcopus
1535 3317 1662 3373 sub—

136 3395 313 3464 scripsi.
341 3398 676 3470 Angenulfus
705 3402 1138 3460 Gabalitaneusis
1178 3408 1424 3463 ecclesia
1453 3410 1663 3478 episco-

136 3497 213 3549 pus
228 3487 528 3569 subscripsi.
562 3490 738 3549 Birico
768 3493 1142 3565 Wapincensis
1193 3498 1433 3553 ecclesia
1455 3501 1666 3569 episco-

135 3587 213 3639 pus
234 3563 537 3649 subscripsi.
574 3582 837 3638 Alduinus
874 3563 1263 3643 iAvinionensis
1289 3587 1381 3618 “7‘
1418 3563 1663 3645 ecclesia

134 3663 375 3736 episcopus
396 3671 712 3742 subscripsi.
747 3673 906 3728 Wido
933 3674 1262 3730 Vallaveusis
1296 3675 1384 3708 “7'
1419 3677 1662 3734 ecclesia

137 3750 377 3824 episcopus
406 3760 720 3829 subscripsi.
757 3761 1149 3820 llildebrannus
1181 3763 1435 3835 Sagensis
1455 3768 1661 3836 episco-

136 3855 215 3907 pus
260 3846 565 3920 subscripsi.
624 3852 973 3909 Willebertus
997 3855 1213 3910 humilis
1236 3857 1658 3917 Catalaunorum

137 3931 381 4002 cpiscopus
404 3939 719 4011 subscripsi.
738 3940 1092 4014 Ragenfridus
1118 3945 1405 4003 Meldensis
1422 3949 1662 4006 ecclesia

137 4020 376 4093 episcopus
400 4030 718 4101 subscripsi.
740 4032 1034 4091 Heirardus
1058 4035 1397 4094 Lixoviensis
1420 4040 1662 4098 ecclesia

138 4108 377 4195 episcopus
440 4119 755 4189 subscripsi.
825 4121 1165 4195 Sigenandus
1229 4126 1661 4190 Constantiensis

140 4194 340 4255 ecclesia
364 4205 647 4277 episcopus
675 4194 987 4285 subscripsi.
1030 4212 1306 4287 [Etherius
1335 4215 1661 4276 Vivariensis

137 4287 377 4379 episcopus
422 4299 739 4370 subscripsi.
784 4301 1200 4361 Erchambertus
1229 4306 1537 4379 Bajocensis
1570 4326 1660 4366 ec-

1766 527 1961 582 scopus
1988 512 2301 582 subscripsi.
2354 511 2674 582 Adalgarius
2707 513 3196 581 Augustidunensis
3220 516 3338 586 epi-

1766 614 1957 670 scopus
1978 601 2290 672 subscripsi.
2320 600 2542 655 Hernico
2557 600 2766 657 Diensis
2787 600 3030 659 ecclesia
3049 603 3334 676 episcopus

1767 691 2083 760 subscripsi.
2118 691 2373 747 Aimarus
2400 689 2826 747 Ruthenensium
2845 691 3086 748 ecclesia
3116 694 3331 763 episco-

1766 796 1868 853 pus
1910 781 2228 851 subscripsi.
2281 781 2607 837 Theotarius
2664 780 3031 838 Gerundensis
3088 782 3335 838 ecclesia

1766 873 2050 941 cpiscopus
2072 872 2388 944 subscripsi.
2412 872 2566 942 Hugo
2593 872 2754 927 abba.
2790 873 3047 929 Albustus
3072 874 3241 931 abbas
3267 889 3335 933 ex

1767 964 2095 1018 monasterio
2138 965 2282 1035 quod
2331 974 2557 1019 vocatur
2582 963 2856 1020 Bethleem
2902 966 3014 1021 sive
3034 965 3332 1024 Ferrarius.

1769 1049 2054 1106 Hilduinus
2082 1052 2250 1108 abbas
2276 1061 2334 1108 et
2377 1054 2838 1111 bibliothecarius.
2882 1054 3169 1112 Vulfardus
3195 1056 3334 1111 abba

1768 1139 1986 1210 scripsit
2005 1149 2062 1197 et
2084 1143 2426 1212 subscripsit.
2458 1142 2762 1200 Gauzlenus
2799 1145 2935 1201 abba
2968 1154 3023 1201 et
3053 1147 3337 1202 archican-

1768 1228 2042 1288 cellarius.

1999 1337 2272 1378 DIFINITIO
2308 1338 2375 1377 DE
2413 1338 2725 1379 ADALGAUDO
2763 1338 3123 1380 Ριιεειιῑτειιο.

1797 1472 1801 1479 Α
1840 1409 2020 1465 Pridie
2057 1409 2179 1466 ldus
2207 1410 2354 1477 Julii,
2387 1412 2441 1467 in
2483 1412 2598 1467 loco
2632 1414 2726 1483 qui
2748 1423 2974 1468 vocatur
2998 1414 3336 1483 Pontigonis,

1768 1498 1844 1553 ita
1867 1500 1933 1554 de
1957 1500 2268 1570 Adalgaudo
2311 1502 2625 1572 presbytero
2667 1518 2697 1556 a
2728 1502 2922 1573 legatis
2949 1503 3095 1557 sedis
3122 1514 3339 1572 aposto-

1766 1587 1901 1654 lica,
1951 1589 2131 1645 Leone
2188 1592 2538 1660 apocrisiario
2600 1602 2802 1646 sancta
2857 1592 3003 1647 sedis
3056 1593 3335 1658 Romana,

1766 1678 1950 1744 Petro,
1969 1678 2243 1745 Johanue,
2279 1681 2515 1750 itemque
2543 1680 2773 1746 Joanne,
2803 1681 2995 1751 legatis
3020 1691 3334 1737 memorata

1769 1780 1970 1827 sancta
2017 1770 2179 1835 sedis,
2224 1786 2289 1824 ac
2314 1770 2580 1841 Ansegiso
2622 1773 2827 1827 vicario
2857 1774 3096 1842 ejusdem
3137 1782 3339 1827 saneta

1766 1861 1933 1928 sedis,
1956 1870 2010 1916 et
2029 1862 2097 1915 ab
2132 1860 2281 1916 omni
2329 1861 2558 1916 concilio
2581 1862 2859 1916 definitum
2887 1873 2990 1928 est,
3016 1872 3078 1916 ut
3116 1862 3187 1918 illi
3219 1878 3339 1932 pro-

1766 1953 1885 2024 pria
1913 1953 2144 2009 ecclesia
2193 1953 2472 2019 reddatur,
2510 1963 2566 2009 et
2588 1969 2619 2006 a
2643 1954 2880 2022 prafatis
2929 1954 3180 2008 Kalendis
3203 1969 3338 2023 qua-

1770 2056 1895 2104 tuor
1945 2049 2215 2104 mensium
2245 2046 2435 2103 dilatio
2465 2045 2534 2099 ad
2578 2044 2777 2098 laniatu
2829 2058 2980 2097 suam
3008 2044 3339 2111 purgandum

1769 2137 1846 2194 illi
1889 2139 2235 2195 concedatur.
2266 2136 2325 2193 Si
2364 2144 2485 2206 post
2511 2144 2745 2205 quatuor
2786 2150 3001 2191 menses
3030 2150 3258 2205 purgare
3278 2152 3339 2189 sc

1761 2228 2028 2284 canonice
2052 2242 2160 2284 neu
2192 2228 2452 2297 potuerit,
2480 2224 2624 2280 nulla
2649 2223 2765 2292 ejus
2794 2240 2897 2281 vox
2919 2234 3103 2293 postea
3127 2225 3339 2294 penitus

1766 2320 2040 2376 audiatur.

2087 2426 2351 2467 CAPITULA
2389 2426 2455 2464 AB
2493 2425 2665 2465 ODONE
2702 2425 3016 2465 PROPOSITA.

1839 2501 2035 2558 Sancta
2060 2502 2298 2574 synodus
2337 2518 2457 2573 qua
2484 2504 2535 2557 in
2564 2503 2782 2557 nomine
2826 2500 3037 2556 Domini
3059 2498 3338 2554 vocatione

1768 2590 1948 2645 domui
1985 2588 2246 2644 Johannis
2282 2599 2365 2644 ter
2389 2591 2685 2646 beatissimi
2719 2605 2784 2644 ac
2808 2588 3132 2644 universalis
3167 2601 3336 2656 papa,

1767 2687 1822 2734 et
1836 2679 2079 2749 jussione
2092 2679 2275 2733 domni
2295 2679 2473 2735 Κειτοιί
2495 2688 2754 2750 perpetuo
2775 2679 2988 2748 augusti
3011 2688 3337 2747 congregata

1766 2777 1850 2824 est
1878 2769 1931 2822 in
1958 2768 2075 2823 loco
2120 2769 2212 2837 qui
2244 2779 2466 2825 vocatur
2518 2770 2853 2839 Puntigonis,
2896 2784 3039 2823 anno
3087 2769 3339 2825 incarna-

1770 2857 1930 2913 tionis
1953 2859 2238 2914 domiuica
2279 2860 2404 2924 876,
2445 2860 2732 2915 indictione
2759 2860 2815 2925 9,
2840 2859 2992 2929 regni
3018 2858 3229 2928 praefati
3255 2860 3337 2912 in-

1766 2949 2048 3005 victissimi
2072 2951 2414 3019 imperatoris
2450 2952 2540 3015 '57,
2571 2951 2780 3020 imperii
2830 2959 3010 3005 autem
3049 2951 3245 3020 primo,
3274 2952 3334 3004 l7

1769 3036 2037 3092 Kalendas
2081 3039 2330 3109 Augusti,
2367 3042 2481 3096 hac
2503 3040 2738 3110 capitula
2777 3056 2898 3110 qua
2922 3042 3110 3097 subter
3132 3042 3338 3099 adnexa

1767 3136 1896 3183 sunt
1919 3128 2171 3183 instituit.

1835 3219 1887 3273 l.
1921 3218 2163 3275 Obeuute
2204 3220 2518 3276 Hludowico
2556 3224 2647 3292 qui
2695 3223 2927 3279 Romani
2968 3223 3182 3293 imperii
3200 3208 3339 3290 .jura

1765 3310 2007 3380 regebat,
2036 3311 2264 3367 domnus
2285 3311 2562 3368 Johannes
2588 3323 2671 3369 ter
2708 3316 3056 3370 beatissimus
3079 3330 3218 3385 papa
3245 3328 3340 3383 per

1762 3398 2089 3456 Gadericum
2132 3401 2586 3469 Veliternen'sem,
2612 3404 2928 3460 Formosum
2960 3404 3338 3471 Portuensem,

1761 3488 2062 3544 Johannem
2086 3491 2370 3547 Aretinum
2394 3494 2731 3549 venerabiles
2743 3495 3051 3565 episcopos,
3079 3494 3339 3551 domuum

1762 3576 2025 3633 Karolutn
2071 3588 2197 3635 tunc
2223 3596 2406 3649 regem
2432 3582 2506 3643 ad
2540 3582 2727 3636 limina
2754 3582 3039 3637 beatorum
3071 3580 3340 3651 apostolo-

1762 3683 1883 3725 rum
1920 3670 2189 3737 invitavit,
2241 3686 2477 3741 eumque
2523 3672 2765 3727 ecclesia
2792 3672 2961 3741 ipsius
2998 3672 3338 3727 defensorem

1764 3774 1830 3814 ac
1859 3768 2092 3815 tutorem
2107 3761 2294 3833 elegit,
2318 3762 2692 3833 imperialique
2712 3763 3336 3828 diadematezcoronavit,

1762 3868 1886 3910 eum
1932 3870 2044 3925 pra
2094 3859 2303 3919 cunctis
2348 3859 2525 3915 solum
2579 3870 2634 3917 et
2684 3860 2979 3930 specialem
3005 3861 3212 3930 eligens
3243 3863 3338 3930 qui

1762 3945 1993 4001 Romani
2028 3948 2241 4019 imperii
2264 3959 2475 4019 sceptra
2513 3959 2738 4008 teneret.
2776 3952 2943 4021 Cujus
2976 3953 3150 4010 sacris
3179 3953 3338 4009 insli-

1766 4034 2061 4092 tutionibus
2106 4052 2209 4108 pro
2256 4038 2437 4094 debito
2464 4052 2736 4108 parentes,
2781 4044 2925 4111 quod
2961 4043 3078 4112 ipse
3104 4043 3338 4097 instituit

1764 4124 2115 4196 instituimus,
2139 4139 2194 4184 et
2229 4131 2371 4199 quod
2417 4132 2529 4200 ipse
2556 4131 2904 4191 conﬁrmavit
2922 4134 3041 4203 pari
3070 4148 3337 4191 consensu

1763 4231 1953 4275 omnes
1983 4218 2295 4275 ﬁrmamus-
2938 4281 2956 4296 ,
3164 4262 3165 4265 η

1831 4305 1887 4359 2.
1932 4304 2269 4379 Congregata
2322 4308 2486 4378 igitur
2540 4310 2595 4365 in
2654 4311 2897 4367 Romana
2951 4316 3086 4371 urbe
3146 4322 3336 4373 saneta

141 4370 585 4491 finejiaepiseopus
601 4390 913 4491 subscripsi.
938 4394 1264 4454 Hedenull‘us
1286 4370 1657 4457 baudunensis
1767 4395 1993 4491 synodo,
2024 4370 2464 4453 ante'adveu'tum
2492 4401 2732 4469 praedicti
2758 4402 2941 4467 domui
2967 4370 3333 4473 imperatoris,

143 4465 343 4525 ecclesia
351 4475 631 4546 episcopus
654 4481 947 4553 subscripsi
956 4523 970 4536 .
983 4483 1291 4556 Agilmarus
1302 4489 1661 4547 Arvernensis

144 4556 345 4656 ecclesia
403 4568 684 4656 episcopus
739 4573 1054 4646 subscripsi.
1084 4576 1371 4636 Anselmus
1417 4580 1663 4637 Lemovi-

149 4652 288 4741 cfusis
326 4652 563 4741 ecclesia
624 4659 903 4730 episcopus
973 4664 1288 4737 subscripsi.
1337 4668 1664 4727 Adalbertus

149 4722 423 4826 {lorinensis
451 4722 690 4801 ecclesia
711 4722 996 4818 episcopus
1015 4722 1662 4826 subscripsi.-Willelmus

151 4809 467 4919 ad.“th
500 4809 763 4891 ecclesia-
795 4809 1083 4910 episcopus
1118 4809 1661 4919 subscripsi—alibi);

150 4899 373 4967 Albiensis
414 4921 651 4979 ecclesia
713 4899 997 4997 episcopus
1057 4899 1659 5001 subscripsitiw—Ct—t—ulrfus

154 5003 315 5095 ἔτηξοῴ
337 5002 653 5095 Trecassina
681 5017 923 5074 ecclesia
972 5021 1191 5077 humilis
1221 5024 1505 5095 episcopus
1531 5030 1658 5085 sub—

151 5090 317 5150 scﬂpSi-
361 5094 623 5150 Beral'dllB
673 5105 1045 5150 Viridtlnnneic
1071 5090 1320 5150 annlncim
1375 5090 1652 5150 n;\:cnnnnn

1763 4484 1912 4539 misit
1953 4500 2078 4540 cum
2121 4501 2387 4543 consensu
2428 4491 2670 4545 omnium
2712 4493 2966 4562 epistolas
3025 4494 3335 4550 Hludovvieo

1763 4574 1899 4645 regi,
1934 4574 2058 4631 ﬁliis
2092 4592 2307 4646 quoque
2339 4579 2524 4648 ipsius,
2563 4582 3000 4654 archiepiscopis,
3045 4585 3331 4655 episcopis,

1748 4666 2063 4734 abbatibus,
2081 4684 2145 4724 ac
2159 4670 2380 4739 reliquis
2401 4673 2727 4741 primoribus
2748 4678 2897 4745 regni
2921 4679 3027 4743 sui,
3050 4690 3331 4736 monentes

1762 4773 1856 4815 eos
1911 4760 2205 4830 apostolica
2271 4764 2594 4819 auctoritate
2641 4781 2791 4822 more
2840 4778 3070 4836 paterno
3116 4782 3335 4825 servare

1761 4863 1882 4918 qua
1902 4850 2052 4920 pacis
2078 4859 2225 4917 sunt,
2258 4866 2327 4906 ne
2352 4852 2603 4909 videlicet
2637 4856 2870 4924 aliquam
2893 4858 3249 4927 inreptionem
3278 4862 3332 4927 in

1760 4955 1926 5009 regno
1974 4941 2185 5010 praefati
2226 4946 2438 5013 augusti
2482 4945 2639 5001 facile
2670 4956 2957 5011 tentarent,
2992 4964 3164 5016 usque
3207 4950 3334 5003 dum

1759 5030 1920 5085 simul
1950 5031 2017 5086 ad
2040 5042 2287 5087 mutuum
2311 5035 2643 5104 colloquium
2671 5038 2940 5105 venirent,
2968 5047 3025 5094 et
3050 5038 3163 5104 ipse
3191 5037 3337 5095 inter

1759 5134 1850 5150 Ant!
1878 5129 1927 5150 Δ.
1966 5121 2030 5150 l‘h
2064 5137 2200 5150 “nan
2225 5127 2590 5150 ΛΑἎΑΑ-.-σκυδριι-
2624 5136 2668 5150 ..ι
2699 5127 2759 5150 4¹Α
2786 5125 2906 5150 3-.--
2936 5138 3219 5150 ..Ακλλαοιω
3249 5140 3309 5150 ΑΛ
