3960 6320
511 286 633 345 ΠΥ

1221 281 1508 339 APPEND.
1551 280 1642 336 AD
1683 277 1856 335 SASC.
1900 274 2096 334 X.——-l

2204 273 2517 335 QUMENTA
2558 274 3038 333 DlPLOMATlCA.

3656 280 3756 338 πε

506 414 664 462 natas
710 412 768 460 et
809 401 895 459 bis
943 398 1149 457 delatas
1202 398 1423 453 omnino
1473 395 1716 465 recipere
1757 401 2075 448 rcnuerunt.
2107 373 2153 431 Α
2181 396 2483 452 Germaniae
2505 394 2732 450 contulit
2759 395 2811 449 in
2837 393 3110 449 evocanda
3140 393 3347 466 synodo
3374 401 3428 450 et
3450 393 3758 454 deﬁniendi

575 498 631 552 '5.
655 497 774 566 Ipse
794 509 924 550 vero
967 490 1259 563 apostolica
1297 496 1352 543 et
1383 496 1608 557 paterna
1649 485 1854 539 monita
1897 481 2078 554 parvi-

505 589 782 661 pendens,
827 596 883 642 et
927 585 1164 639 fraterna
1219 580 1428 636 faedera
1493 578 1854 647 disrumpens,
1896 573 2081 629 hostili

509 696 672 736 manu
693 677 972 750 tyrannico
985 689 1134 729 more
1151 673 1447 728 fraternum
1465 684 1686 740 regnum
1711 666 2081 738 depopulando

508 771 738 835 invasit;
781 766 1096 831 homicidia,
1135 772 1347 834 stupra,
1377 759 1662 825 adulteria,
1691 756 1995 826 sacrilegia,
2027 760 2084 808 et

509 863 790 915 innumera
812 856 954 912 mala
977 871 1097 925 quae
1123 851 1430 909 enumerari
1463 855 1756 919 nequeunt,
1783 845 2085 901 auctoritas

508 949 823 1007 facientium
850 945 1199 1018 perpetravit.

581 1044 634 1097 4.
666 1042 791 1098 limo
815 1041 954 1096 mala
991 1039 1213 1094 audiens
1243 1045 1323 1092 ter
1351 1034 1697 1091 beatissimus
1730 1045 1866 1102 papa
1893 1044 2086 1100 perpe-

511 1145 651 1190 trata
684 1149 803 1190 esse
845 1135 898 1189 in
934 1148 1100 1203 regno
1141 1129 1398 1201 spiritalis
1441 1127 1534 1182 lilii
1577 1126 1660 1182 sui
1683 1125 1864 1181 domui
1893 1121 2078 1177 Κειτοιί

511 1213 725 1294 semper
765 1223 1002 1294 augusti,
1063 1228 1239 1274 tactus
1285 1217 1473 1272 dolore
1525 1214 1705 1270 cordis
1762 1209 2088 1267 acceleravit

509 1315 727 1371 mittere
758 1315 952 1368 missos
991 1327 1138 1376 suos,
1173 1309 1470 1366 Iohannem
1511 1307 1762 1362 videlicet
1803 1314 1858 1359 et
1886 1303 2088 1358 Iohan-

510 1422 656 1471 nem,
687 1403 1024 1460 venerabiles
1054 1401 1357 1471 episcopos,
1388 1412 1507 1452 cum
1535 1395 1653 1450 aliis
1687 1394 1798 1449 suis
1823 1392 2084 1463 epistolis,

511 1495 700 1550 volens
731 1509 852 1548 eum
899 1505 1140 1554 munere,
1171 1500 1231 1543 ut
1266 1504 1294 1540 a
1338 1496 1488 1540 tanto
1527 1485 1666 1539 malo
1701 1482 2087 1554 paenitudinem

513 1585 580 1640 de
606 1583 894 1656 praete—ritis
924 1591 1130 1653 ageret,
1167 1589 1220 1634 et
1266 1579 1479 1632 tandem
1522 1575 1822 1630 fraternum
1862 1587 2088 1642 regnum

514 1677 767 1731 invadere
833 1674 1122 1729 desineret.
1183 1671 1423 1737 Quorum
1478 1668 1798 1739 legationem
1853 1662 2089 1719 secundo

515 1765 879 1821 commonitus
908 1763 1134 1817 necdum
1172 1761 1412 1830 recipere
1441 1758 1628 1813 voluit.

584 1857 638 1912 5.
668 1857 795 1912 Post
839 1856 938 1910 hos
975 1854 1208 1922 denique
1247 1853 1395 1906 misit
1439 1851 1634 1905 iterum
1681 1849 1817 1905 alios
1861 1848 2089 1918 legatos,

513 1947 748 2002 Leonem
790 1945 998 1999 scilicet
1038 1943 1433 1998 sanctissimum
1475 1941 1838 1996 Gabinensem
1883 1940 2094 2008 episco—

515 2052 640 2105 pum
663 2044 718 2088 et
743 2043 944 2088 sancta:
970 2033 1224 2086 Romanae
1254 2031 1498 2086 ecclesia:
1526 2033 1750 2084 missum
1790 2038 1844 2084 et
1889 2028 2091 2099 apocri-

517 2125 775 2189 siarium,
817 2125 1125 2194 pariterque
1171 2129 1224 2177 et
1266 2121 1481 2176 Petrum
1532 2119 2092 2188 Forosemproniatem

517 2214 884 2270 venerabilem
931 2214 1273 2284 episcopum,
1325 2214 1440 2267 haec
1487 2213 1674 2267 eadem
1739 2205 2100 2278 obsecrando,

518 2308 786 2363 monendo
809 2315 1134 2376 protestans.
1162 2305 1400 2372 Quorum
1427 2304 1628 2360 monita
1650 2311 1831 2358 utrum
1855 2303 2094 2374 recipere

521 2396 668 2462 velit,
693 2395 868 2450 adhuc
896 2395 1202 2467 ambiguum
1229 2403 1461 2450 constat.

590 2486 643 2540 6.
673 2485 872 2541 Verum
902 2487 1027 2556 quia
1050 2487 1307 2555 prmfatus
1339 2485 1450 2540 Leo
1478 2485 1804 2542 Gabinensis
1836 2497 2092 2540 reverenc

521 2578 763 2634 tissimus
789 2579 1072 2648 episcopus
1106 2587 1162 2633 et
1181 2586 1384 2632 sancta:
1401 2577 1665 2632 Romana:
1695 2575 1940 2632 ecclesiae
1967 2575 2094 2630 mis-

523 2683 616 2724 sus
635 2676 692 2722 et
710 2667 1113 2736 apocrisiarius,
1143 2682 1236 2722 seu
1272 2675 1325 2720 et
1357 2666 1548 2721 Petrus
1570 2663 2094 2736 Forosemproniatis

523 2761 826 2829 episcopus,
849 2773 946 2829 pro
981 2759 1304 2828 quibusdam
1349 2758 1672 2814 utilitatibus
1709 2758 2096 2814 ecclesiasticis

522 2852 724 2908 morari
772 2853 862 2907 hic
906 2852 1103 2906 diutius
1146 2858 1440 2920 nequeunt,
1485 2865 1662 2920 neque
1705 2851 1987 2921 episc0pos
2029 2849 2096 2904 de

522 2943 814 3013 longinquo
839 2943 1120 2997 venientes
1150 2940 1376 3012 fatigare
1401 2941 1610 3011 longius
1635 2941 1852 3012 dignum
1879 2950 1986 3005 est,
2011 2941 2097 2996 de-

523 3040 811 3088 creverunt
861 3030 1163 3105 Iohannem
1229 3029 1630 3085 Tuscanensem
1683 3039 1737 3085 et
1786 3029 2090 3085 Iohannem

521 3123 805 3190 Aretinum
859 3122 1192 3177 venerandos
1254 3121 1578 3190 episcopos,
1636 3120 1726 3190 qui
1773 3121 2095 3191 legationem

521 3213 869 3284 prmfatorum
883 3213 1090 3280 pariter
1105 3226 1226 3265 cum
1243 3211 1410 3279 priori
1434 3211 1699 3281 legatione
1719 3213 2096 3282 suscipientes,

523 3319 588 3360 ea
618 3319 738 3374 quae
767 3303 1069 3373 peragenda
1095 3311 1242 3367 sunt,
1267 3317 1389 3356 cum
1413 3303 1610 3357 ceteris
1647 3304 1931 3374 episcopis,
1965 3304 2102 3374 quos

523 3395 798 3451 communi
843 3407 1107 3448 consensu
1149 3392 1429 3463 elegerint,
1468 3392 1586 3447 vice
1616 3393 1858 3447 omnium
1887 3395 2102 3465 episco—

524 3501 740 3557 porum,
771 3483 1027 3554 quicquid
1057 3498 1148 3538 seu
1178 3483 1229 3538 in
1260 3483 1537 3539 evocando
1561 3500 1655 3539 seu
1688 3485 1740 3539 in
1769 3495 2101 3556 contempto-

527 3575 678 3630 ribus
734 3572 979 3628 feriendo
1041 3573 1367 3639 delinierlnt,
1425 3573 1720 3644 apostolica
1781 3574 2104 3630 auctoritate

538 3664 710 3719 libere
737 3663 1016 3729 deliniant,
1052 3672 1107 3718 et
1142 3664 1418 3736 quicquid.
1437 3664 1539 3734 ipsi
1579 3665 2028 3733 deliberaverint,
2053 3678 2108 3722 et

527 3757 758 3810 domnus
830 3755 1160 3825 apostolicus
1224 3771 1346 3810 cum
1407 3757 1554 3811 omni
1613 3766 1803 3812 sancta
1857 3756 2104 3812 Romana

523 3849 751 3905 ecclesia
794 3850 1178 3905 determinabit
1215 3858 1270 3905 et
1318 3849 1372 3903 in
1408 3857 1728 3920 perpetuum
1780 3863 2099 3905 mansurum

525 3949 726 4000 statuet
750 3949 804 3996 et
833 3941 1093 3997 firmabit.

594 4031 647 4084 7.
673 4029 828 4087 Sicut
849 4033 1077 4086 domnus
1091 4046 1226 4102 papa
1248 4030 1524 4087 Iohannes
1547 4033 1749 4099 sanxit,
1779 4033 2102 4090 connivente

525 4130 579 4177 et
609 4123 982 4178 consentiente
1025 4129 1082 4176 et
1114 4121 1550 4178 condecernente
1586 4124 1786 4180 domno
1818 4135 1873 4180 et
1903 4125 2102 4196 glorio-

526 4213 744 4268 sissimo
785 4212 983 4272 Karolo
1026 4212 1352 4282 imperatore
1398 4225 1612 4280 semper
1651 4222 1899 4284 augusto,
1942 4215 2102 4271 Ausi-

528 4301 707 4370 gisum
741 4300 1105 4356 venerabilem
1131 4301 1440 4372 episcopum
1465 4342 1481 4368 ,
1517 4300 1789 4358 Senonum
1835 4305 2103 4376 archiepi-

528 4407 769 4463 scopum,
786 4405 938 4448 suam
962 4389 1134 4446 vicem
1158 4398 1364 4460 tenere,
1387 4401 1442 4448 et
1459 4392 1748 4463 primatum
1765 4395 1816 4449 ei
1835 4394 2023 4452 Galla:
2045 4406 2099 4452 et

2117 1731 2164 1790 B

2182 486 2438 542 canonice
2469 484 2511 540 si
2547 485 2800 556 quaelibet
2832 483 3228 540 insurrexerint
3253 487 3584 553 necessaria,
3620 497 3676 541 et
3698 499 3756 544 nt

2183 576 2432 648 graviora
2467 575 2535 629 ad
2585 575 2754 644 ipsius
2780 575 3026 628 notitiam
3056 574 3281 640 referat,
3323 585 3381 630 et
3419 592 3520 632 nos
3561 579 3756 632 unani-

2184 666 2345 720 miter
2373 664 2520 718 omni
2556 663 2842 719 devotione
2869 663 3169 728 laudamus,
3205 673 3261 718 et
3296 673 3354 718 ut
3392 665 3469 719 ita
3509 665 3630 735 ipse
3654 667 3761 735 pri-

2184 769 2390 815 matum
2439 767 2620 815 teneat
2659 758 2848 815 Gallite
2883 767 2938 815 et
2976 758 3283 813 Germaniae
3322 758 3672 813 decernimus
3713 765 3764 813 et

2185 851 2478 906 sancimus.
3271 895 3274 898 .

2232 944 2309 997 -8.
2350 941 2627 1012 Synodum
2666 953 2827 1010 quam
2870 940 3096 996 domnus
3131 939 3405 996 Iohannes
3436 937 3766 1010 apostolicus

2185 1043 2241 1091 et
2268 1033 2589 1090 universalis
2617 1049 2752 1102 papa
2787 1048 2950 1102 super
2985 1033 3323 1103 quorundam
3348 1031 3764 1102 depositionem,

2185 1125 2432 1182 Formosi
2455 1124 2662 1179 scilicet
2689 1123 3002 1177 Portuensis
3029 1123 3285 1193 episcopi,
3309 1131 3366 1177 et
3383 1122 3641 1192 Gregorii
3669 1135 3766 1175 no-

2188 1217 2605 1281 menculatoris,
2659 1230 2756 1270 seu
2817 1223 2874 1269 et
2934 1213 3191 1284 Stephani
3259 1211 3665 1276 secundicerii,
3717 1219 3770 1266 et

2188 1309 2404 1381 Georgii
2425 1307 2726 1372 vesterarii,
2743 1314 3156 1374 ceterorumque
3178 1319 3396 1358 suorum
3421 1301 3766 1371 complicum,

2190 1403 2329 1458 sicut
2375 1402 2427 1456 in
2471 1399 2695 1469 epistola
2743 1398 2913 1467 ipsius
2960 1396 3030 1451 ad
3080 1395 3383 1450 nos‘missa
3427 1394 3762 1455 continetur,

2189 1508 2363 1562 nuper
2391 1491 2644 1552 instituit,
2679 1497 2732 1542 et
2764 1503 2864 1543 nos
2906 1487 3204 1542 secundum
3242 1485 3546 1556 jussionem
3580 1485 3766 1553 ipsius,

2193 1582 2247 1636 in
2270 1573 2416 1636 nullo
2454 1596 2486 1634 a
2514 1578 2688 1649 capite
2719 1578 3064 1642 dissidentes,
3105 1575 3498 1631 consentiendo
3527 1574 3768 1627 decemi-

2192 1686 2333 1734 mus,
2370 1670 2731 1737 omnibusque
2767 1667 3074 1738 apostolicis
3112 1666 3255 1720 illius
3277 1663 3656 1720 sanctionibus
3682 1677 3769 1733 per

2192 1761 2373 1816 omnia
2402 1768 2674 1829 parentes,
2703 1759 2843 1813 sicut
2879 1758 3050 1822 decet,
3077 1756 3377 1811 obedimus.

2262 1853 2314 1908 9.
2340 1852 2639 1906 Censuram
2665 1864 2793 1903 vero
2812 1863 2974 1918 quam
3002 1849 3229 1902 domnus
3253 1844 3587 1916 apostolicus
3615 1859 3768 1913 super

2194 1940 2582 1997 nefandissima
2604 1949 2722 1994 acta
2745 1939 3042 1994 Hludowici
3064 1939 3207 2008 regis
3219 1946 3273 1990 et
3292 1937 3622 2007 complicum
3639 1935 3766 2004 ejus,

2193 2033 2299 2087 nisi
2345 2032 2669 2100 resipuerint
2710 2039 2764 2084 et
2796 2031 3034 2085 debitam
3073 2029 3435 2084 obedientiam
3480 2029 3600 2085 sedi
3647 2041 3770 2097 apo-

2195 2121 2400 2176 stolicae
2439 2119 2808 2184 exhibuerint,
2837 2119 3030 2174 statuit
3066 2129 3123 2173 et
3146 2118 3402 2182 firmavit,
3444 2131 3638 2171 omnes
3675 2132 3767 2172 nos

2195 2214 2285 2282 qui
2318 2213 2383 2266 ad
2407 2220 2726 2282 praesentem
2753 2212 3016 2283 synodum
3042 2211 3412 2277 convenimus,
3444 2209 3769 2264 unanimiter

2196 2302 2538 2358 decernimus
2567 2311 2727 2371 atque
2767 2301 3066 2354 firmamus.

2357 2411 2542 2451 LEONIS
2581 2411 2649 2449 ΕΤ
2688 2411 2846 2466 PETRI
2885 2409 3208 2450 LEGATORUII
3246 2409 3613 2451 AUCTORITAS.

2269 2487 2405 2556 Quia
2437 2489 2664 2542 domnus
2687 2495 2870 2542 noster
2891 2485 3167 2542 Iohannes
3197 2487 3578 2542 sanctissimus
3609 2496 3664 2543 et
3697 2497 3772 2543 ter

2197 2578 2543 2635 beatissimus
2575 2593 2732 2648 papa,
2776 2593 2875 2632 nos
2918 2578 3156 2647 quidem,
3191 2594 3277 2634 me
3303 2578 3509 2634 scilicet
3545 2578 3769 2635 Leonem

2198 2669 2562 2724 Gabinensem
2593 2669 2904 2739 episc0pum
2933 2678 2987 2724 et
3017 2677 3217 2724 sancta:
3248 2669 3509 2724 Romanae
3531 2671 3770 2725 ecclesia:

2199 2762 2424 2816 missum
2467 2769 2523 2816 et
2560 2760 3007 2830 apocrisiarium,
3057 2770 3113 2814 et
3147 2759 3369 2815 Petrum
3411 2761 3770 2815 venerabilem

2198 2852 2766 2922 Forosemproniatem
2788 2852 3120 2921 episcopum,
3155 2851 3222 2904 ad
3251 2851 3353 2904 hoc
3385 2851 3438 2905 in
3471 2851 3572 2906 has
3602 2860 3770 2920 partes

2201 2943 2418 3008 direxit,
2457 2949 2517 2996 ut
2549 2957 2646 2997 ceu
2695 2942 2902 3010 pridem
2952 2954 3048 3010 per
3091 2939 3427 2994 venerabiles
3475 2940 3768 3010 episcopos,

2201 3035 2501 3091 Iohannem
2516 3034 2836 3088 videlicetet
2855 3033 3177 3097 Iohannem,
3203 3035 3582 3100 mandaverat,
3601 3043 3768 3090 vestra

2204 3127 2490 3183 sanctitate
2521 3125 2832 3195 adgregata,
2862 3125 2928 3178 de
2955 3125 3185 3195 negotiis
3207 3140 3326 3194 quae
3352 3125 3493 3178 inter
3520 3133 3771 3194 utrosque

2204 3218 2401 3273 fratres
2447 3217 2550 3271 hoc
2585 3231 2728 3270 anno
2771 3224 3108 3270 emerserant
3145 3215 3650 3278 determinaremus,
3689 3215 3771 3269 sed

2204 3323 2306 3363 nos
2327 3307 2396 3362 ob
2425 3307 2685 3376 quasdam
2715 3314 2916 3361 sanctae
2949 3305 3205 3359 Romana:
3235 3304 3477 3359 ecclesia:
3524 3303 3772 3358 utilitates

2206 3401 2334 3471 quia
2362 3399 2565 3454 diutius
2609 3397 2809 3452 morari
2846 3397 3152 3466 nequi-inus,
3197 3404 3251 3450 et
3283 3404 3522 3450 vestram
3555 3395 3773 3449 beatitu~

2206 3491 2389 3545 dinem
2413 3489 2626 3560 longius
2655 3489 2886 3560 fatigare
2908 3488 3177 3552 uolumus,
3197 3489 3295 3542 hos
3318 3487 3516 3541 fratres
3547 3497 3772 3547 nostros,

2201 3582 2506 3639 Iohannem
2568 3582 2822 3637 videlicet
2885 3580 3287 3635 Tuscanensem
3356 3589 3412 3635 et
3474 3577 3769 3634 Iohannem

2201 3673 2484 3728 Aretinum
2522 3670 2862 3726 venerabiles
2907 3669 3210 3739 episc0pos,
3253 3667 3533 3723 vobiscum
3584 3666 3771 3720 morari

2202 3765 2559 3827 decrevimus,
2594 3777 2764 3832 usque
2810 3763 2936 3816 dum
2981 3777 3069 3815 res
3118 3759 3259 3816 unde
3313 3761 3494 3831 agitur
3538 3768 3770 3830 Optatum

2205 3857 2367 3911 linem
2396 3855 2578 3910 divina
2610 3853 2828 3907 favente
2869 3853 3040 3922 gratia
3079 3852 3309 3921 accipiat
3343 3865 3358 3904 :
3393 3851 3488 3920 qui
3529 3849 3770 3920 quicquid

2208 3963 2304 4004 seu
2341 3947 2396 4001 in
2432 3945 2708 4001 evocanda
2740 3945 2966 4016 synodo,
2993 3958 3088 3997 seu
3128 3943 3180 3996 in
3220 3942 3550 4006 deliniendo,
3595 3957 3685 3996 seu
3726 3941 3768 3992 in

2207 4037 2671 4108 contemptoribus
2686 4035 2929 4090 feriendo
2942 4034 3270 4096 delinierint,
3289 4033 3588 4102 apostolica
3603 4041 3768 4085 aucto-

2206 4131 2370 4185 ritate
2401 4127 2573 4184 libere
2613 4125 2893 4190 deliniant,
2921 4132 2977 4180 et
3011 4124 3269 4195 quicquid
3307 4124 3409 4194 ipsi
3455 4123 3771 4178 deliberave-

2203 4219 2334 4283 rint,
2357 4226 2413 4273 et
2430 4217 2662 4272 domnus
2682 4213 3008 4286 apostolicus
3029 4229 3150 4268 cum
3173 4205 3319 4269 omn'i
3343 4220 3532 4268 sancta
3548 4211 3768 4266 Romana

2205 4310 2437 4367 ecclesia
2483 4307 2865 4364 determinabit
2913 4313 2968 4362 et
3011 4304 3067 4360 in
3108 4312 3427 4376 perpetuum
3474 4315 3768 4359 mansurum

2207 4409 2409 4459 statuet
2433 4409 2488 4456 et
2513 4399 2770 4454 ﬁrmabit.

1062 4524 1316 4583 KAROLI
1351 4526 1394 4582 Ι
1421 4526 1884 4587 MERATORIS
1913 4533 2096 4593 ΕἈἩΟἸ

2204 4537 2218 4593 l
2263 4536 2356 4604 DE
2392 4529 2694 4590 TRIBUTO
2732 4527 3245 4588 NORDMANNICO.

1670 4646 1796 4716 (An.
1829 4647 1954 4703 877.
1989 4647 2124 4705 Mai.
2156 4650 2208 4704 7.
2234 4647 2590 4720 Compendii.)

601 4753 848 4840 Edictum
878 4753 1174 4840 Hincmarg
1192 4753 1463 4840 referente
1485 4754 1626 4840 apud
1656 4755 1997 4840 Ca‘risiacum
2017 4773 2206 4815 mense
2223 4757 2408 4840 Iunio,
2435 4758 2540 4840 sed
2557 4773 2624 4814 ex
2653 4755 3007 4840 inscriptione
3027 4752 3343 4840 compendii
3371 4751 3776 4840 promulgatum.

531 4835 654 4899 post
678 4825 1026 4899 Sirmondum
1052 4834 1109 4880 et
1135 4825 1414 4899 Baluzium
1443 4823 1674 4881 edimus.
1719 4826 2004 4882 Consentit
2031 4843 2158 4885 cum
2189 4830 2269 4885 eis
2305 4844 2426 4899 qua;
2477 4825 2802 4886 Hincmarus
2825 4823 2887 4882 in
2913 4823 3212 4882 Annalibus
3241 4823 3309 4879 de
3332 4823 3663 4880 solutionum
3686 4823 3777 4872 sin-

532 4895 779 4966 gularum
817 4897 1121 4964 quantitate
1153 4895 1339 4950 refert.

601 5030 758 5086 Anno
787 5029 1176 5085 incarnationis
1206 5028 1488 5083 dominicae
1514 5029 1639 5095 877,
1669 5027 1842 5085 Nonis
1869 5029 2018 5096 Maii,
2052 5031 2109 5087 in

537 5121 872 5191 Compendio
905 5119 1130 5190 palatio,
1158 5119 1226 5174 de
1261 5119 1440 5190 aliqua
1479 5118 1573 5173 sed
1599 5134 1706 5173 non
1731 5121 1796 5174 de
1824 5129 1935 5175 tota
1957 5129 2113 5192 parte

537 5211 686 5281 regni
713 5211 855 5281 quod
877 5212 1108 5265 domnus
1153 5210 1444 5280 imperator
1475 5208 1704 5264 Karolus
1743 5209 1932 5265 habuit
1961 5220 2114 5266 ante-

535 5319 698 5373 quam
767 5303 950 5372 junior
1015 5302 1331 5358 Hlotharius
1394 5301 1678 5358 defunctus
1727 5302 1951 5370 fuisset,
1999 5306 2114 5362 haec

537 5393 832 5448 constituta
887 5401 971 5448 est
1026 5392 1238 5447 exactio
1285 5390 1656 5458 Nortmannis,
1711 5393 1803 5462 qui
1849 5403 2003 5449 erant
2061 5394 2114 5449 in

540 5487 813 5556 Sequana,
842 5487 1150 5551 tribuenda,
1185 5495 1244 5542 ut
1274 5501 1304 5540 a
1337 5500 1505 5556 regno
1526 5486 1643 5556 ejus
1674 5488 2005 5543 recederent.

610 5576 889 5648 Episcopi,
929 5577 1176 5642 abbates,
1214 5576 1476 5640 comites,
1504 5591 1568 5631 ac
1599 5578 1740 5632 vassi
1772 5579 2026 5634 dominici
2049 5593 2115 5634 cx

541 5665 656 5722 suis
683 5667 976 5722 honoribus
1017 5666 1086 5723 de
1121 5679 1448 5737 unoquoque
1489 5678 1679 5721 mansa
1730 5667 2117 5725 indominieato

2217 5036 2419 5093 donent
2466 5035 2722 5091 denarios
2805 5029 3115 5096 duodecim;
3175 5026 3244 5083 de
3292 5037 3486 5080 manso
3541 5018 3772 5093 ingeunili

2217 5137 2450 5198 quatuor
2471 5126 2724 5182 denarios
2741 5124 2806 5180 de
2830 5137 2998 5179 censu
3021 5118 3373 5184 dominicato,
3395 5123 3453 5172 et
3472 5121 3698 5186 quatuor
3719 5111 3775 5165 de

2219 5216 2478 5272 facultate
2527 5213 2860 5279 mansuarii;
2896 5212 2963 5267 de
3007 5209 3189 5266 servili
3237 5221 3371 5264 vero
3422 5202 3773 5268 manso,duos

2221 5309 2474 5363 denarios
2494 5308 2559 5362 de
2579 5320 2745 5362 censu
2771 5302 3182 5367 indominicato,
3202 5309 3256 5355 et
3283 5300 3418 5354 duos
3441 5297 3509 5352 de
3537 5293 3770 5350 facultate

2221 5397 2537 5454 mansuarii.
2571 5397 2646 5451 De
2679 5395 2928 5451 omnibus
2957 5407 3086 5448 vero
3121 5389 3392 5453 ecclesiis,
3422 5384 3772 5456 unusquisque.

2219 5495 2499 5564 episcopus
2525 5492 2592 5546 de
2613 5505 2713 5546 suo
2732 5489 3062 5559 episcopatu,
3078 5484 3166 5541 vel
3187 5483 3354 5538 abbas
3380 5481 3448 5536 de
3471 5494 3567 5534 sua
3593 5475 3771 5533 solum-

2220 5582 2380 5637 modo
2404 5580 2642 5644 abbatis,
2670 5580 2724 5634 in
2771 5576 3158 5646 cujuscumque
3197 5571 3434 5643 episcopi
3463 5570 3570 5625 sint
3597 5577 3766 5638 parro-

2221 5671 2364 5736 chia,
2398 5669 2668 5738 accipiant
2703 5682 2830 5725 cum
2873 5667 3040 5722 misso
3077 5662 3317 5733 episcopi
3347 5661 3402 5715 in
3438 5657 3587 5730 cuius
3606 5664 3767 5727 parro‘
