3960 6320
153 313 262 367 773

1161 269 1592 367 FRANCORUM
1628 308 1870 365 secvit
1909 310 2395 366 CAPITULARIA.

3307 317 3412 372 774

143 423 276 476 eliia
307 430 453 487 sunt,
500 407 567 478 de
611 420 942 493 presbyteris
980 424 1272 477 secundum
1300 421 1732 492 possibilitatem,
1763 423 1813 480 Λ
1840 432 2064 492 pergent
2086 462 2101 488 ,
2141 430 2395 491 quam'et
2428 421 2534 476 illis
2569 421 2660 492 qui
2694 425 3089 493 remanserint,
3129 429 3413 500 episcopus

137 511 397 580 quinque
431 511 651 577 solidos,
677 512 758 565 vel
781 520 1036 580 quatuor,
1067 512 1150 566 vel
1186 520 1317 575 tres,
1354 512 1439 567 vel
1469 512 1620 575 duos,
1651 511 1736 565 vel

135 611 324 650 unum
371 597 626 652 solidum.
657 600 701 651 A
745 615 854 669 quo
889 599 1206 669 plurimum,
1235 601 1474 669 quinque
1502 599 1736 666 solidos;

131 700 163 736 a
200 701 323 754 quo
351 688 658 752 minimum,
685 699 920 759 quatuor
948 690 1218 745 denarios.
1244 690 1320 744 De
1347 689 1591 744 ecclesiis
1607 704 1738 743 vero

132 775 499 844 imperatoris
523 787 578 833 et
605 780 966 849 imperatricis
1012 789 1066 835 et
1099 781 1358 835 comitum
1387 795 1449 835 ac
1481 779 1737 834 vassallo—

131 881 269 921 rum
295 868 680 939 imperialium,
724 879 831 924 tam
883 873 949 926 de
990 871 1096 926 illis
1125 872 1214 941 qui
1262 887 1384 926 cum
1415 871 1740 941 imperatore

1843 514 1899 567 in
1925 514 2078 582 cujus
2110 513 2400 583 parrochia
2427 513 2733 571 consistunt
2770 518 3065 571 secundum
3097 519 3414 587 praedictum

1842 604 2058 659 modum
2090 601 2395 670 conjectum
2440 604 2690 673 accipiat.
2739 606 2816 659 De
2845 609 3270 675 negotiatoribus
3311 625 3414 664 au-

1841 702 1972 761 tem,
1999 695 2086 750 vel
2117 696 2210 765 qui
2234 696 2286 749 in
2325 696 2635 750 civitatibus
2662 709 3029 765 commanent,
3063 703 3220 770 juxta
3239 705 3416 773 possi-

1839 787 2126 853 bilitatem,
2160 786 2455 841 secundum
2479 787 2620 856 quod
2647 789 2936 846 habuerint
2961 793 3026 848 de
3042 792 3409 860 facultatibus,

1840 881 2116 950 conjectus
2146 879 2415 949 exigatur.

848 1004 1103 1061 KAROLI
1138 1006 1180 1060 ll
1213 1005 1675 1062 IMPERATORIS
1713 995 2127 1059 CONVENTUS
2165 993 2696 1052 CARISIACENSIS.

1477 1121 1604 1186 (An.
1641 1113 1925 1172 877.1un.
1963 1109 2074 1181 ιι.)

215 1229 464 1302 Capitula
490 1232 558 1286 ab
576 1231 907 1302 imperatore
940 1234 1217 1302 proposita
1260 1241 1316 1288 et
1365 1239 1662 1287 conventus
1719 1222 2411 1302 reSpon_s_an_Sirmondo__et
2439 1224 2658 1302 Baluz_io
2711 1227 3119 1293 prmeuntibus,
3170 1231 3407 1298 capitula

142 1291 347 1355 deinde
376 1291 717 1372 promulgata
745 1318 867 1356 cum
895 1291 1079 1358 codice
1103 1303 1234 1358 bibl.
1267 1303 1427 1373 regia:
1447 1298 1770 1356 Parisiensis
1807 1291 1862 1349 ὴ.
1893 1293 2054 1358 4761,
2081 1309 2128 1348 s.
2155 1309 2207 1357 χ,
2249 1291 2445 1347 collata
2477 1291 2809 1363 evulgamus.

218 1409 346 1464 Haec
385 1409 620 1478 capitula
671 1411 962 1466 constituta
1018 1421 1143 1466 sunt
1176 1427 1207 1465 a
1257 1413 1455 1468 domno
1507 1411 1724 1475 Karolo,

150 1498 382 1568 glorioso
411 1499 756 1568 imperatore,
787 1516 909 1556 cum
935 1516 1198 1557 consensu
1232 1502 1466 1557 ﬁdelium
1507 1517 1727 1557 suorum

148 1590 284 1658 apud
311 1589 645 1644 Carisiacum
670 1606 811 1644 anno
857 1592 1250 1647 incarnationis
1295 1593 1580 1648 dominicae
1602 1593 1724 1657 8'27,

148 1681 296 1749 regni
326 1696 455 1735 vero
485 1681 650 1750 ipsius
672 1683 762 1742 57.
795 1683 1001 1752 imperii
1049 1695 1230 1738 autem
1273 1684 1328 1749 2,
1367 1699 1498 1737 xvm
1530 1683 1717 1738 Kalen-

147 1770 238 1824 das
255 1769 448 1835 Julias,
478 1771 767 1826 indictione
794 1789 825 1826 x
853 1789 868 1836 ;
914 1773 982 1827 de
1006 1775 1200 1842 quibus
1231 1773 1475 1844 quscdam
1505 1774 1618 1842 ipse
1639 1774 1730 1828 de-

147 1861 337 1936 finivit,
386 1872 442 1916 ct
478 1864 545 1918 de
587 1863 906 1932 quibusdam
946 1879 977 1920 a
1005 1865 1117 1920 suis
1143 1865 1389 1920 ﬁdelibus
1417 1863 1732 1936 responderi

139 1932 320 2006 jussit.

239 2057 512 2098 CAPITULA
536 2057 826 2099 PROPOSITA
856 2058 963 2099 CUI!
989 2059 1266 2099 BESPONSIS
1291 2060 1622 2100 CONVENTUS.

210 2134 259 2187 ι.
295 2134 370 2187 De
399 2134 604 2188 honore
633 2144 688 2188 et
709 2135 856 2188 cultu
898 2136 989 2190 Dei
1017 2145 1179 2204 atque
1224 2145 1533 2192 sanctarum
1557 2134 1730 2191 eccle-

141 2228 364 2288 siarum,
408 2241 530 2295 qua:
555 2236 775 2283 auctore
825 2229 935 2283 Deo
966 2227 1065 2284 sub
1093 2230 1297 2283 ditione
1321 2239 1375 2284 et
1399 2230 1622 2284 tuitione
1645 2243 1731 2283 re-

140 2314 356 2383 giminis
383 2315 552 2369 nostri
583 2317 901 2380 consistunt,
938 2317 1165 2371 Domino
1187 2319 1460 2373 mediante
1486 2317 1728 2373 decerni-

140 2418 278 2468 mus,
333 2411 392 2458 ut
422 2406 560 2459 sicut
588 2414 830 2475 tempore
877 2407 1048 2461 beata:
1107 2407 1497 2462 recordationis
1545 2405 1727 2462 domni

133 2505 187 2548 et
219 2497 484 2564 genitoris
513 2497 680 2550 nostri
709 2496 937 2551 excultae
989 2507 1043 2551 et
1070 2497 1348 2551 honorata:
1380 2507 1542 2566 atque
1570 2497 1728 2550 rebus

138 2586 410 2654 ampliata:
438 2585 676 2654 fuerunt,
721 2597 776 2640 et
803 2604 925 2658 qua:
951 2603 979 2641 a
1007 2598 1193 2643 nostra
1216 2588 1538 2643 liberalitate
1565 2588 1728 2643 hono~

136 2685 263 2728 ratze
295 2688 463 2745 atque
485 2677 667 2732 ditata:
687 2687 836 2743 sunt,
881 2679 948 2733 de
968 2688 1149 2735 cetero
1179 2681 1280 2734 sub
1311 2679 1620 2750 integritate
1643 2680 1726 2734 sui

134 2777 460 2832 serventur;
495 2776 549 2822 et
577 2769 889 2824 sacerdotes
913 2785 975 2824 ac
1002 2771 1143 2824 servi
1172 2769 1263 2825 Dei
1292 2769 1528 2839 vigorem
1560 2769 1728 2824 eccle-

136 2858 418 2913 siasticum
457 2867 512 2913 et
540 2859 718 2913 debita
747 2861 1028 2930 privilegia
1067 2861 1224 2930 juxta
1248 2861 1604 2914 reverendam
1635 2876 1726 2914 au-

132 2948 437 3002 atoritatem
456 2949 768 3014 obtineant;
795 2958 848 3004 et
865 2951 1064 3005 eisdem
1089 2951 1399 3020 principalis
1411 2959 1650 3020 potestas
1671 2961 1723 3006 et

1835 1405 1907 1458 rit
1939 1412 1994 1457 et
2034 1412 2277 1458 vestrum
2311 1419 2466 1473 posse
2520 1404 2780 1469 extiterit,
2834 1416 2888 1460 et
2929 1411 3199 1478 quomodo
3221 1427 3321 1467 nos
3346 1414 3415 1467 de

1835 1493 1944 1548 ﬁlio
1972 1502 2156 1548 nostro
2185 1502 2239 1546 et
2267 1494 2333 1546 de
2366 1494 2516 1548 vobis
2563 1496 2738 1550 securi
2771 1511 2891 1552 esse
2917 1500 3202 1566 possimus,
3235 1511 3290 1556 et
3319 1518 3414 1558 vos

1835 1585 1902 1638 de
1932 1583 2040 1637 ﬁlio
2068 1593 2253 1637 nostro
2275 1583 2450 1636 securi
2483 1598 2601 1638 esse
2630 1586 2865 1653 possitis,
2914 1596 2971 1642 et
2999 1588 3113 1657 ipse
3142 1590 3207 1644 de
3241 1591 3412 1655 vobis,

1763 1705 1806 1762 Β
1833 1687 1889 1732 et
1915 1687 1972 1730 ut
2001 1692 2096 1731 \os
2122 1678 2187 1730 ad
2218 1676 2484 1730 invincem
2511 1679 2729 1733 credere
2749 1680 2987 1747 possitis.

1906 1765 2014 1818 ΒΡ.
2047 1765 2120 1820 De
2147 1773 2358 1834 quarto,
2394 1765 2446 1818 in
2474 1782 2580 1834 quo
2606 1767 2862 1837 scriptum
2890 1777 2996 1834 est,
3026 1773 3292 1840 quomodo
3318 1789 3413 1830 vos

1835 1857 1900 1910 de
1940 1855 2050 1910 ﬁlio
2095 1865 2276 1910 vestro
2318 1856 2495 1911 securi
2546 1871 2665 1912 esse
2700 1860 2954 1928 possitis,
3004 1863 3410 1931 respondemus,

1838 1947 1986 2017 quia,
2039 1947 2149 2002 Deo
2203 1949 2427 2018 gratias,
2471 1965 2568 2004 vos
2617 1951 2846 2005 eundem
2881 1952 3047 2006 ﬁlium
3089 1963 3330 2010 vestrum
3359 1965 3416 2010 et

1837 2040 2134 2110 generastis
2189 2049 2244 2095 et
2272 2041 2540 2105 nutristis,
2590 2051 2645 2097 et
2695 2042 2794 2097 sub
2850 2045 3179 2102 nutrimento
3234 2056 3415 2104 vestro

1836 2131 1975 2185 Deus
2000 2131 2063 2185 ad
2089 2131 2227 2184 hanc
2268 2140 2481 2186 mtatem
2514 2132 2660 2186 illum
2688 2135 2976 2203 perduxit;
3027 2147 3082 2191 et
3105 2153 3264 2193 nemo
3312 2157 3413 2195 no-

1834 2230 2004 2276 strum
2053 2221 2200 2274 illum
2228 2221 2458 2290 amplius
2501 2222 2714 2276 salvare
2757 2234 2949 2293 potest,
2992 2225 3074 2280 vel
3100 2227 3281 2292 debet,
3324 2240 3418 2285 aut

1831 2315 1994 2381 sapit,
2024 2327 2185 2381 quam
2217 2312 2336 2376 vos‘,
2369 2322 2422 2367 et
2452 2313 2506 2367 in
2543 2325 2724 2370 vestro
2773 2317 3002 2371 consilio
3028 2327 3084 2373 et
3121 2323 3324 2377 auxilio
3350 2339 3415 2378 ac

1831 2405 2185 2474 dispositione
2234 2406 2378 2461 illius
2424 2407 2652 2461 salvatio
2698 2417 2750 2462 et
2779 2411 2952 2464 honor
2978 2421 3100 2480 post
3142 2413 3312 2468 Deum
3359 2425 3416 2471 et

1831 2505 2047 2550 sanctos
2067 2495 2182 2564 ejus
2210 2499 2480 2552 consistit.
2515 2498 2583 2552 Et
2606 2499 2840 2567 qualiter
2869 2501 2936 2554 ad
2967 2502 3060 2555 Dei
3082 2504 3414 2562 voluntatem

1828 2597 1882 2642 et
1908 2596 2106 2642 sanctae
2127 2587 2372 2642 ecclesia:
2399 2599 2456 2643 et
2508 2591 2656 2659 regni
2707 2591 2872 2645 vestri
2901 2591 3190 2648 utilitatem
3235 2597 3415 2651 securi

1829 2677 1895 2731 de
1932 2677 2023 2731 illo
2047 2692 2166 2732 esse
2206 2679 2447 2747 possitis,
2498 2679 2552 2732 in
2603 2691 2782 2734 vestra
2811 2681 3164 2752 dispositione
3211 2696 3412 2743 manet.

1828 2766 1895 2820 Et
1923 2767 1989 2821 de
2018 2767 2119 2822 hoc
2147 2769 2291 2836 quod
2323 2767 2393 2821 ibi
2423 2768 2682 2837 scriptum
2713 2779 2814 2834 est,
2865 2773 3135 2841 quomodo
3169 2775 3235 2831 de
3260 2776 3416 2834 nobis

1825 2857 1999 2913 securi
2027 2871 2147 2913 esse
2179 2859 2418 2929 possitis,
2443 2859 2677 2929 qualiter
2703 2863 3001 2931 usquedum
3043 2866 3154 2921 Deo
3179 2867 3416 2925 donante

1826 2949 1931 3004 huc
1955 2950 2326 3015 revertamini,
2360 2963 2421 3005 ut
2445 2967 2474 3004 a
2505 2950 2650 3004 nullo
2678 2967 2900 3019 regnum
2924 2964 3166 3010 vestrum
3201 2957 3414 3027 inquie-

133 3038 442 3093 inlustrium
493 3040 728 3094 virorum
778 3041 1089 3104 Strenuitas,
1140 3056 1238 3094 seu
1270 3041 1348 3095 rei
1377 3042 1604 3111 publica:
1629 3041 1724 3096 ad-
1751 3070 1793 3130 ο
1829 3042 1928 3096 tari
1952 3042 2142 3112 possit,
2192 3051 2455 3110 quantum
2480 3043 2620 3098 Deus
2642 3060 2739 3098 nos
2771 3044 2966 3112 juvare
2989 3047 3218 3104 voluerit
3243 3059 3299 3105 et
3318 3066 3416 3108 no-

132 3131 549 3195 ministratorcs,
609 3139 668 3184 ut
723 3147 878 3186 suum
931 3132 1296 3186 ministerium
1353 3141 1724 3202 competenter

130 3218 324 3288 exequi
376 3218 610 3284 valeant,
660 3220 712 3273 in
749 3221 1001 3275 omnibus
1049 3221 1441 3277 rationabiliter
1487 3231 1544 3276 et
1581 3223 1727 3292 juste

133 3319 483 3364 concurrant.
521 3301 587 3364 Et
613 3309 755 3366 filius
801 3321 984 3366 noster
1021 3312 1138 3366 haec
1178 3313 1548 3382 suprascripta
1575 3313 1725 3368 simi-

130 3401 251 3457 liter
274 3402 385 3456 Deo
410 3403 638 3473 juvante
659 3411 964 3459 conservet.

196 3495 400 3550 RESP.
441 3497 679 3551 Primum
721 3498 1038 3568 capitulum,
1085 3499 1224 3552 sicut
1274 3498 1384 3553 Deo
1425 3498 1724 3568 inspirante

126 3589 480 3656 decrevistis,
532 3604 720 3646 omnes
748 3590 1136 3647 conlaudamus
1159 3599 1212 3644 et
1256 3605 1583 3645 conservare
1629 3606 1721 3645 vo-

126 3678 328 3735 lumus.

195 3771 254 3826 2.
287 3770 360 3826 Ut
380 3772 770 3828 monasterium
816 3789 844 3827 a
877 3773 1032 3828 nobis
1061 3772 1394 3842 Compendio
1431 3773 1484 3827 in
1515 3773 1719 3829 honore

125 3871 335 3917 sancte
384 3862 480 3917 Dei
530 3863 810 3933 genitricis
865 3863 1047 3918 Maria:
1101 3872 1491 3928 constructum,
1552 3865 1718 3918 aﬁlio

126 3960 316 4008 nostro
345 3959 399 4007 et
446 3952 698 4008 ﬁdelibus
746 3954 949 4008 nostris
978 3969 1043 4008 eo
1093 3962 1280 4008 tenore
1320 3969 1428 4024 quo
1457 3955 1718 4024 coepimus

127 4044 447 4110 honoretur,
479 4054 534 4100 et
564 4046 913 4116 privilegium
959 4061 988 4100 a
1016 4046 1214 4100 domno
1258 4061 1394 4116 papa
1424 4055 1479 4100 et
1508 4048 1574 4101 ab
1603 4063 1719 4102 om-

128 4137 291 4191 nibus
313 4136 577 4208 episcopis
611 4138 1009 4202 conﬁrmatum,
1042 4138 1318 4206 imperiale
1341 4139 1504 4193 etiam
1530 4141 1714 4195 decre-

130 4236 270 4291 tum,
319 4227 387 4282 ab
413 4229 667 4284 omnibus
695 4229 942 4284 ﬁdelibus
971 4244 1069 4298 pro
1100 4227 1196 4283 Dei
1223 4237 1278 4283 et
1306 4237 1494 4284 nostro
1531 4244 1715 4283 amore

131 4317 523 4388 benignissime
553 4328 717 4390 atque
764 4317 1145 4374 inviolabiliter
1178 4329 1562 4383 conservetur,
1593 4327 1649 4374 et
1680 4334 1710 4374 a

131 4406 242 4463 filio
272 4419 460 4464 nostro
488 4409 751 4464 ﬁrmetur.

200 4500 318 4556 BP.
351 4503 425 4557 De
452 4504 688 4558 secundo
716 4502 970 4559 similiter
997 4503 1406 4574 respondemus.

198 4592 255 4648 3.
289 4592 361 4649 Ut
388 4593 522 4649 tales
545 4610 574 4648 a
598 4595 752 4650 vobis
777 4595 1049 4666 eligantur
1073 4634 1088 4661 ,
1123 4597 1365 4665 exceptis
1395 4593 1500 4650 illis
1526 4595 1725 4665 quibus

134 4684 575 4739 commendatum
607 4685 888 4752 habemus,
945 4701 1175 4756 quorum
1235 4687 1459 4757 speciali
1502 4685 1727 4742 consilio

133 4786 186 4831 et
214 4776 492 4847 adjutorio
517 4776 574 4831 in
602 4778 854 4847 praesenti
886 4779 1078 4834 itinere
1103 4788 1338 4834 utamur.

203 4865 320 4920 BP.
359 4867 620 4923 Detertio
659 4884 776 4934 vos,
827 4870 970 4926 sicut
1016 4870 1210 4927 melius
1263 4871 1374 4926 Deo
1425 4869 1728 4939 inSpirante

135 4956 372 5020 vidistis,
431 4957 583 5028 regni
616 4959 782 5014 vestri
813 4959 1180 5017 defensionem
1209 4969 1373 5030 atque
1419 4962 1724 5026 tuitionem,

135 5057 190 5102 et
213 5048 314 5102 ﬁlii
344 5050 512 5103 vestri
554 5050 852 5106 custodiam
881 5068 980 5122 per
1007 5054 1192 5110 ﬁdeles
1222 5063 1456 5120 vestros,
1497 5063 1606 5110 tam
1633 5069 1730 5124 per

137 5142 450 5211 episcopos,
479 5157 642 5212 quam
669 5143 895 5199 abbates
921 5153 975 5198 et
999 5147 1254 5211 comites,
1291 5145 1608 5216 dispositum
1635 5146 1730 5200 ha-

137 5231 302 5295 betis,
351 5240 408 5286 et
438 5233 804 5297 necessarium
826 5249 951 5296 esse
973 5237 1370 5307 cognoscimus.
1417 5236 1593 5307 Ipsam
1619 5239 1729 5292 dis-

140 5322 466 5391 positionem
513 5339 612 5379 nos
638 5325 975 5381 disordinare
1024 5344 1132 5383 non
1163 5343 1472 5397 possumus,
1506 5343 1605 5382 nec
1631 5328 1727 5384 de-

140 5415 366 5479 bemus;
401 5422 456 5469 et
489 5415 720 5484 qualiter
743 5415 888 5472 illam
907 5416 1101 5473 melius
1125 5417 1413 5487 disponere
1439 5419 1727 5488 possimus,

143 5520 253 5561 non
287 5507 552 5577 sapimus.

211 5597 270 5650 4.
303 5596 582 5664 Quomodo
632 5599 808 5654 securi
839 5614 958 5656 esse
987 5601 1256 5671 possimus
1276 5641 1290 5667 ,
1315 5615 1597 5671 quousque
1623 5601 1732 5656 Deo

143 5690 378 5743 donante
398 5689 504 5743 huc
530 5698 884 5758 revertamur,
912 5707 942 5746 a
959 5692 1105 5747 nullo
1138 5707 1359 5764 regnum
1389 5699 1632 5748 nostrum
1653 5691 1734 5746 in-

142 5777 378 5846 quietari
426 5793 602 5848 posse,
653 5789 914 5850 quantum
962 5781 1102 5837 Deus
1133 5797 1229 5838 vos
1256 5783 1512 5854 adjuvare
1540 5781 1726 5837 volue-

1825 3140 1996 3186 strum
2033 3146 2189 3200 posse
2240 3132 2520 3187 extiterit:
2558 3134 2972 3202 respondemus,
3015 3135 3140 3205 quia
3174 3146 3300 3194 sunt
3328 3154 3418 3198 sa-

1825 3229 2106 3277 cramenta
2127 3238 2250 3292 qua:
2289 3223 2442 3279 vobis
2462 3222 2708 3289 fecimus,
2741 3233 2797 3279 et
2837 3235 2922 3281 est
2961 3227 3225 3297 professio
3255 3245 3416 3300 quam

1823 3313 1978 3368 vobis
2007 3323 2062 3369 et
2093 3313 2274 3370 clerici
2299 3322 2352 3369 et
2381 3314 2501 3370 laici
2527 3316 2582 3371 in
2615 3315 2892 3372 Carisiaeo
2932 3317 3160 3377 fecimus
3189 3333 3244 3376 et
3283 3323 3416 3379 sub-

1823 3407 2164 3475 scripsimus,
2212 3415 2268 3462 et
2322 3417 2408 3463 est
2446 3410 2762 3478 perdonatio
2794 3426 2957 3479 quam
2999 3413 3300 3472 dominatio
3326 3431 3418 3472 ve-

1821 3507 1932 3553 stra
1958 3499 2112 3554 nobis
2146 3499 2392 3554 ﬁdelibus
2419 3501 2614 3556 vestris
2641 3510 2696 3556 et
2741 3503 3061 3571 perdonavit
3091 3515 3148 3562 et
3168 3508 3414 3564 subscri-

1821 3590 1950 3658 psit,
2004 3597 2059 3644 et
2087 3599 2168 3644 est
2192 3590 2456 3658 professio
2479 3601 2532 3648 et
2559 3602 2962 3648 sacramentum
3017 3611 3140 3665 qua:
3166 3597 3221 3653 in
3271 3599 3418 3656 Gun-

1819 3678 1947 3733 dulﬁ
1979 3679 2104 3734 villa
2131 3695 2230 3749 pro
2259 3681 2415 3735 novis
2461 3682 2638 3737 causis
2681 3686 3087 3753 emergentibus
3129 3703 3197 3743 ex
3240 3699 3418 3746 morte

1819 3767 2085 3822 Illotharii
2118 3777 2174 3822 et
2209 3769 2483 3825 missatico
2509 3769 2692 3824 domui
2743 3774 3025 3841 apostolici
3065 3773 3324 3832 Hadriani
3359 3786 3417 3834 et

1819 3858 2095 3913 missatieo
2139 3857 2442 3914 llludowici
2495 3861 2708 3929 nepotis
2753 3863 2918 3918 vestri
2969 3865 3124 3920 vobis
3164 3866 3413 3927 fecimus.

1817 3948 1912 4002 Est
1934 3947 2102 4003 etiam
2129 3947 2396 4019 professio
2420 3963 2581 4019 quam
2617 3950 2804 4006 Remis
2851 3961 2906 4008 et
2931 3955 2998 4009 de
3029 3965 3212 4013 vestra
3242 3959 3418 4015 ﬁdeli-

1818 4051 1926 4097 tate
1956 4041 2103 4098 etde
2133 4041 2298 4097 vestri
2331 4043 2480 4113 regni
2525 4043 2879 4114 dispositione
2907 4061 2973 4103 ac
3001 4048 3321 4106 defensione
3361 4061 3418 4108 et

1818 4131 1885 4187 dc
1913 4147 2080 4188 uxore
2115 4141 2295 4187 vestra
2317 4141 2372 4188 et
2397 4135 2463 4189 de
2497 4133 2605 4188 ﬁlio
2634 4144 2816 4189 vestro
2843 4151 3007 4206 quem
3033 4139 3262 4206 habetis,
3290 4150 3347 4198 et
3367 4144 3417 4208 si

1818 4226 1962 4284 Deus
1988 4229 2167 4284 adhuc
2187 4229 2353 4284 etiam
2389 4229 2623 4284 alterum
2666 4229 2892 4296 dederit,
2941 4232 3171 4303 professi
3197 4234 3417 4294 fuimus.

1813 4318 1946 4386 Qme
1994 4320 2175 4376 omnia
2217 4320 2482 4376 hactenus
2525 4321 2974 4379 conservavimus
3023 4333 3080 4380 et
3123 4339 3418 4381 conserva-

1743 4427 1794 4486 ι)
1819 4425 1962 4474 mus,
2005 4417 2062 4464 et
2089 4409 2383 4479 adjuvante
2426 4409 2537 4465 Deo
2561 4425 2734 4481 usque
2761 4411 2830 4465 ad
2857 4411 3020 4467 ﬁnem
3067 4414 3189 4468 vita:
3222 4422 3420 4472 nostra!

1827 4514 2150 4556 conservare
2187 4500 2456 4555 volumus.
2494 4500 2648 4556 Uude
2674 4516 2772 4571 pro
2800 4509 2951 4556 certo
3003 4517 3104 4558 nos
3148 4507 3420 4563 veraciter

1826 4589 2048 4645 credere
2079 4590 2328 4660 potestis.
2359 4589 2415 4644 Si
2441 4599 2622 4644 autem
2660 4591 2858 4660 aliquis
2889 4607 2919 4646 a
2963 4593 3206 4663 praefatis
3231 4609 3412 4650 sacra-

1827 4681 2026 4736 mentis
2054 4681 2136 4737 vel
2166 4679 2595 4752 professionibus
2641 4680 2910 4748 deviavit,
2964 4683 3068 4737 hoc
3117 4685 3416 4740 secundum

1829 4772 2095 4828 rationem
2157 4781 2214 4828 et
2271 4772 2653 4828 auctoritatem
2735 4780 2901 4843 atque
2973 4777 3416 4832 consuetudinem

1828 4863 2082 4919 emendet
2108 4873 2163 4918 et
2195 4863 2262 4918 de
2291 4871 2477 4920 celem
2508 4870 2808 4918 conservet.
2859 4862 2916 4919 Si
2943 4874 3124 4920 autem
3173 4866 3297 4922 talis
3335 4877 3419 4923 est

1829 4955 1895 5010 de
1922 4955 2118 5010 vestris
2140 4954 2388 5010 ﬁdelibus
2417 4955 2509 5024 qui
2539 4956 2639 5010 has
2661 4955 3028 5026 professiones
3059 4972 3163 5014 non
3187 4957 3334 5022 fecit,
3371 4959 3417 5013 si

1830 5063 2050 5104 necesse
2080 5047 2239 5102 fuerit
2263 5046 2448 5114 faciat,
2473 5055 2529 5102 et
2563 5047 2629 5102 de
2657 5056 2838 5104 cetero
2875 5059 3181 5106 conservet.
3205 5049 3418 5106 Fideles

1830 5140 1994 5193 etiam
2023 5140 2188 5195 vestri
2213 5147 2334 5208 post
2373 5147 2604 5194 mortem
2627 5138 2816 5195 fratris
2856 5142 3025 5196 vestri
3048 5141 3113 5195 ad
3135 5154 3232 5194 vos
3255 5153 3415 5194 vene-

1834 5237 1979 5282 runt.
2011 5227 2178 5295 Quale
2207 5237 2606 5284 sacramentum
2637 5229 2796 5287 vobis
2817 5229 3084 5295 fecerunt,
3116 5244 3212 5284 vos
3242 5229 3416 5284 scitis.

1833 5319 1932 5388 Qui
1962 5329 2142 5376 autem
2168 5322 2235 5377 de
2281 5321 2386 5376 illis
2413 5321 2541 5377 illud
2569 5331 2966 5378 sacramentum
3004 5321 3264 5376 hactenus
3288 5335 3419 5376 con-

1833 5414 2099 5478 servavit,
2135 5412 2201 5468 de
2228 5421 2410 5469 cetero
2451 5422 2757 5470 conservet.
2812 5414 2879 5468 Et
2904 5413 2952 5468 si
2998 5411 3192 5483 aliquis
3227 5415 3296 5468 ab
3327 5411 3417 5466 illo

1833 5516 2174 5563 sacramento
2207 5508 2459 5573 deviavit,
2482 5507 2777 5565 secundum
2808 5505 3073 5562 rationem
3097 5513 3154 5560 et
3175 5506 3415 5561 auctori-

1835 5609 2002 5655 tatem
2027 5609 2190 5670 atque
2241 5599 2687 5656 consuetudinem
2741 5599 2844 5654 hoc
2871 5597 3155 5665 emendet,
3188 5607 3244 5652 et
3263 5593 3416 5652 dein-

1835 5705 1962 5758 ceps
1999 5705 2306 5746 conservet.
2363 5691 2436 5745 De
2465 5691 2568 5744 hoc
2593 5688 2736 5760 quod
2786 5685 2987 5742 ibidem
3015 5686 3274 5758 scriptum
3306 5696 3412 5750 est,

1838 5781 2070 5851 qualiter
2108 5796 2208 5836 nos
2256 5780 2433 5836 securi
2469 5781 2535 5836 de
2585 5779 2695 5835 ﬁlio
2743 5786 2923 5834 vestro
2953 5793 3074 5836 esse
3120 5780 3411 5850 possimus,
