3960 6320
637 273 741 327 775

1343 266 1638 322 APPEND.
1673 268 1766 321 AD
1804 265 1980 321 SEC.
2012 266 2079 321 Χ.
2120 294 2193 306 —-
2228 266 2666 342 MONUMENTA
2705 266 3201 339 DI'PLOMATICA,
3723 298 3792 357 ηδ

634 382 1057 454 respondemus,
1111 380 1237 451 quia
1279 379 1348 435 de
1395 378 1506 434 ﬁlio
1535 386 1735 445 vestro,
1794 392 1954 448 quem
2002 392 2101 448 per
2125 377 2220 432 Dei
2251 368 2295 421 Α
2327 373 2483 429 vobis
2501 373 2717 445 aliquod
2746 374 3188 446 impedimentum
3214 381 3405 441 facere
3427 390 3641 461 voluerit,
3677 400 3716 454 in
3737 419 3795 462 η.

634 480 867 552 gratiam
918 487 975 535 et
1009 486 1249 533 vestram
1293 473 1702 545 dispositionem
1758 470 1999 528 futurum
2035 474 2217 529 senio-

635 587 753 627 rem
790 578 913 641 post
957 582 1056 625 vos
1089 569 1291 625 habere
1332 564 1602 631 volumus,
1657 564 1863 621 nullam
1905 564 2220 621 ﬁrmitatem

634 663 795 719 aliam
824 662 1143 733 quaerimus,
1171 659 1278 715 nisi
1300 659 1409 715 hoc
1443 659 1589 729 quod
1617 672 1713 714 vos
1740 658 1795 714 in
1816 657 2098 729 capitulari
2129 672 2222 713 ve—

631 761 749 810 stro
774 752 1044 808 statuistis
1074 760 1133 806 et
1155 749 1496 816 decrevistis,
1524 748 1681 815 nobis
1708 748 2002 820 unicuique
2045 749 2099 804 in
2122 765 2222 805 suo

631 846 825 899 ordine
863 852 918 898 et
968 857 1199 914 persona
1228 850 1533 898 conservet.
1586 841 1665 896 De
1701 841 1807 896 hoc
1850 840 1995 910 quod
2022 840 2220 897 ibidem

632 934 891 1003 scriptum
923 941 1029 999 est,
1083 932 1319 1002 qualiter
1357 933 1474 1002 ipse
1516 932 1585 988 de
1618 932 1778 988 nobis
1824 947 2051 989 securus
2101 947 2222 989 esse

631 1024 820 1092 possit,
851 1024 1262 1093 respondemus,
1292 1024 1437 1092 quod
1465 1031 1521 1077 et
1547 1022 1733 1079 Remis
1763 1023 1911 1096 (l60)
1944 1023 2221 1095 respondi-

630 1130 768 1180 mus,
800 1116 925 1184 quia
958 1116 1005 1170 si
1039 1116 1177 1170 Deus
1220 1123 1277 1170 et
1325 1131 1422 1171 vos
1475 1115 1625 1171 illum
1658 1117 1710 1171 in
1764 1119 1917 1189 regni
1957 1119 2221 1190 regimine

626 1204 1091 1271 subiimaveritis,
1134 1213 1190 1259 et
1239 1205 1295 1260 in
1334 1213 1492 1275 parte
1541 1206 1892 1262 denominata
1940 1207 2092 1262 illum
2123 1209 2217 1264 de-

629 1294 1009 1363 signaveritis,
1057 1294 1138 1351 sic
1175 1295 1227 1351 ei
1256 1294 1443 1352 ﬁdeles
1475 1311 1595 1352 esse
1643 1298 1892 1366 cupimus
1941 1300 2079 1354 sicut
2120 1314 2221 1370 per

626 1394 835 1440 rectum
860 1399 980 1441 esse
1004 1386 1206 1441 seniori
1235 1387 1516 1442 debemus.
1559 1386 1635 1442 De
1664 1388 1768 1443 hoc
1796 1389 1940 1458 quod
1969 1388 2043 1445 ibi
2066 1389 2219 1445 scri-

626 1485 778 1545 ptum
810 1483 914 1542 est,
945 1486 999 1531 et
1021 1476 1178 1534 nobis
1205 1478 1384 1534 verbis
1416 1479 1654 1547 dixistis,
1682 1488 1739 1536 ut
1762 1481 1831 1536 ad
1860 1481 2091 1537 invicem
2118 1498 2219 1539 nos

626 1568 848 1624 credere
872 1568 1161 1637 possimus,
1213 1570 1394 1626 verbis
1430 1569 1664 1627 ﬁdeliter
1717 1587 1818 1629 nos
1864 1574 2216 1630 conﬁrmavi-

624 1676 768 1725 mus,
798 1668 855 1715 ut
878 1662 944 1714 ad
973 1661 1068 1716 Dei
1091 1661 1427 1718 voluntatem
1463 1670 1517 1719 et
1541 1672 1781 1720 vestram
1811 1665 2126 1722 ﬁdelitatem
2166 1676 2222 1723 et

622 1748 884 1805 honorem
921 1760 976 1805 et
999 1761 1200 1808 sanctae
1242 1752 1495 1809 ecclesiae
1525 1769 1590 1811 ac
1636 1756 1788 1825 regni
1820 1758 1987 1814 vestri
2016 1759 2221 1815 utilita-

626 1849 737 1894 tem
765 1855 829 1895 ac
874 1841 1112 1896 lidelium
1154 1852 1465 1901 vestrorum
1507 1846 1901 1903 salvamentum
1953 1848 2067 1905 Deo
2108 1865 2224 1905 me-

618 1931 807 1987 diante
857 1935 1077 1989 adunati
1131 1936 1320 2004 simus,
1380 1945 1643 2007 quantum
1701 1940 2074 2011 unusquisque
2127 1957 2221 1997 no-

622 2033 797 2079 strum
829 2026 881 2080 in
908 2043 1005 2083 suo
1026 2029 1217 2084 ordine
1244 2037 1297 2086 et
1322 2046 1553 2100 persona
1576 2048 1674 2103 per
1697 2032 1794 2089 Dei
1822 2036 2054 2106 gratiam
2078 2037 2221 2092 scire

623 2124 678 2167 et
702 2131 863 2184 posse
890 2119 1164 2185 habuerit,
1209 2129 1270 2176 ut
1315 2119 1383 2176 ad
1422 2122 1656 2179 invicem
1702 2140 1802 2181 nos
1827 2126 2116 2182 credamus
2164 2132 2220 2181 ct

623 2216 813 2262 mutuo
841 2208 1178 2278 adiuvemus.

692 2298 746 2352 5.
783 2298 854 2354 Ut
881 2314 944 2354 ea
972 2315 1091 2369 quae
1113 2315 1212 2371 per
1238 2300 1504 2374 largitatis
1552 2315 1748 2362 nostrae
1777 2317 2049 2379 prmcepta
2080 2307 2216 2364 dile-

618 2395 723 2442 ctae
744 2387 958 2459 coniugi
990 2399 1190 2445 nostra:
1217 2391 1272 2446 in
1297 2394 1587 2464 proprium
1604 2396 1806 2452 habere
1827 2398 2215 2463 concessimus,

618 2477 763 2534 ﬁlius
788 2488 974 2536 noster
995 2490 1122 2535 ante
1157 2497 1257 2537 nos
1279 2483 1600 2551 conﬁrmet;
1643 2495 1697 2541 et
1722 2500 1787 2541 ex
1813 2486 2066 2543 omnibus
2096 2503 2217 2559 quae

619 2566 697 2622 illi
737 2566 861 2638 jure
904 2568 1249 2625 beneﬁciario
1295 2574 1664 2631 concessimus
1718 2576 1833 2632 sive
1881 2578 2217 2635 concesseri-

618 2672 761 2722 mus,
794 2659 838 2713 si
868 2659 1049 2715 obitus
1082 2668 1270 2717 noster
1295 2664 1538 2719 evenerit
1574 2673 1630 2721 et
1658 2666 1749 2721 illa
1773 2683 1872 2724 nos
1895 2671 2215 2740 supervixe-

606 2750 710 2814 rit,
739 2750 1010 2819 quomodo
1037 2752 1215 2807 securi
1257 2768 1447 2810 sumus
1471 2795 1487 2821 ,
1527 2757 1783 2825 quatinus
1836 2757 1984 2813 illam
2017 2770 2072 2815 et
2115 2776 2215 2817 sua

615 2841 801 2895 omnia
835 2842 976 2898 ﬁlius
1005 2852 1193 2899 noster
1218 2853 1275 2899 et
1302 2843 1487 2901 ﬁdeles
1517 2846 1686 2902 nostri
1711 2849 1980 2921 condigno
2007 2851 2214 2908 honore

617 2932 871 2988 studeant
896 2948 1244 2990 conservare.

686 3021 796 3076 BP.
830 3023 1124 3093 Dequinto
1177 3025 1433 3095 capitulo,
1484 3028 1541 3082 in
1587 3043 1696 3099 quo
1724 3031 1987 3101 scriptum
2033 3038 2210 3090 estde

2321 472 2437 517 stra
2484 464 2835 534 dispositione
2882 468 2988 523 erit
3031 469 3125 540 qui
3153 470 3206 524 in
3236 472 3340 531 isto
3373 491 3527 548 regno
3548 496 3793 561 remaneant,

2320 553 2406 607 vel
2427 554 2519 625 qui
2546 563 2671 625 post
2706 571 2801 613 vos
2836 557 2892 614 in
2921 567 3165 616 vestrum
3188 561 3502 632 adiutorium
3527 586 3723 644 pergant.

2390 643 2444 701 8.
2475 644 2533 700 Si
2563 654 2854 718 antequam
2882 651 3189 719 redeamus,
3219 654 3382 725 aliqui
3407 643 3629 719 honores
3648 666 3794 727 interim

2321 736 2495 805 aperti
2520 735 2745 805 fuerint,
2771 741 3223 799 considerandum
3251 746 3377 815 quid
3397 751 3575 807 exinde
3592 768 3750 826 agatur.

2393 825 2503 881 ΒΡ.
2535 826 2593 883 Si
2617 836 2933 898 antequam,
2970 830 3199 901 iuvante
3224 834 3478 906 Domino,
3520 825 3793 916 revertanini,

2320 918 2517 988 aliquis
2543 922 2979 994 archiepiscopus
3008 925 3296 984 defunctus
3319 927 3492 997 fuerit,
3536 934 3707 992 vicinas
3726 944 3797 1010 epi~

2320 1022 2517 1080 scopus
2566 1012 2735 1081 ipsius
2790 1013 3073 1072 dioceseos
3116 1033 3238 1072 eum
3274 1020 3463 1076 comite
3511 1023 3654 1093 ipsam
3678 1030 3797 1086 sedem

2319 1100 2613 1170 prmvideat
2652 1117 2827 1172 usque
2866 1104 2993 1160 dum
3021 1107 3202 1162 obitus
3235 1108 3399 1179 ipsius
3427 1111 3798 1187 archiepiscopi-.d

2320 1201 2556 1250 vestram
2582 1195 2833 1250 notitiam
2860 1199 3163 1267 perveniat.
3211 1200 3269 1256 Si
3295 1202 3483 1274 aliquis
3504 1206 3729 1278 episcopus
3748 1214 3800 1266 in-

2322 1284 2479 1338 terim
2511 1286 2730 1354 obierit,
2797 1290 3240 1363 archiepiscopus
3274 1295 3375 1365 ipsi
3411 1297 3517 1352 sedi
3557 1299 3799 1359 visitatoren

2320 1376 2616 1431 secundum
2644 1391 2835 1434 sacros
2857 1393 3094 1436 canones
3122 1382 3362 1453 deputet,
3400 1386 3489 1454 qui
3515 1401 3610 1442 una
3634 1405 3725 1444 cum
3742 1408 3799 1447 co-

2319 1466 2451 1522 mite
2476 1467 2647 1537 ipsam
2669 1468 2976 1537 ecclesiam,
3018 1486 3087 1527 ue
3111 1472 3404 1541 przedetur,
3424 1477 3661 1532 custodiat
3688 1495 3801 1549 usque

2320 1558 2447 1615 dum
2468 1560 2636 1630 ipsius
2660 1560 2900 1631 episcopi
2928 1562 3108 1618 obitus
3146 1564 3212 1618 ad
3240 1572 3472 1620 vestram
3498 1569 3704 1623 notitiam
3724 1584 3801 1638 per-

2322 1651 2524 1705 veniat.
2568 1650 2627 1706 Si
2655 1651 2824 1709 abbas
2852 1650 2938 1707 vel
2979 1653 3257 1710 abbatissa
3279 1656 3490 1722 abierit,
3523 1657 3747 1728 episcopus
3768 1661 3801 1715 in

2327 1742 2481 1812 cuius
2510 1742 2768 1812 parochia
2792 1743 3186 1800 monasterium
3223 1744 3358 1803 illud
3375 1756 3488 1815 est,
3515 1763 3607 1802 una
3628 1762 3719 1804 eum
3747 1765 3802 1805 co-

2327 1835 2456 1889 mite
2482 1834 2612 1890 iilud
2633 1836 3022 1893 monasterium
3050 1838 3322 1895 custodiat
3351 1855 3516 1910 usque
3538 1840 3646 1895 dum
3682 1851 3801 1896 vestra

2316 1925 2490 1996 jussio
2520 1926 2645 1982 inde
2675 1926 2790 1983 ﬁat.

2393 2017 2448 2072 9.
2489 2016 2549 2073 Si
2600 2035 2785 2078 eomes
2829 2020 3056 2089 abierit,
3104 2024 3261 2094 cujus
3305 2023 3448 2080 ﬁlius
3487 2024 3718 2079 nobiseum
3736 2025 3802 2088 sit,

2322 2107 2465 2163 ﬁlius
2510 2118 2696 2165 noster
2738 2126 2864 2166 eum
2908 2113 3106 2170 ceteris
3155 2113 3404 2170 ﬁdelibus
3444 2114 3626 2170 nostris
3658 2114 3803 2169 ordinet

2322 2201 2389 2256 de
2436 2201 2520 2256 his
2547 2201 2638 2270 qui
2668 2201 2743 2257 illi
2781 2203 2904 2273 plus
2949 2202 3247 2261 familiares
3270 2214 3327 2260 et
3353 2204 3803 2277 propinquioresiat-
3890 2201 3891 2273 ξ

2321 2290 2470 2359 rint,
2521 2294 2615 2362 qui
2660 2309 2787 2349 cum
2825 2295 3274 2353 ministerialibus
3326 2299 3492 2369 ipsius
3516 2299 3802 2355 comitatuset
3890 2300 3891 2369 ξ

2318 2382 2571 2455 episcopo
2620 2384 2798 2454 ipsum
2849 2386 3166 2443 comitatum
3218 2390 3509 2458 praevideat
3553 2402 3690 2459 usque
3721 2389 3802 2442 dum

2318 2473 2474 2529 nobis
2514 2476 2874 2539 renuntietur.
2927 2476 2986 2533 Si
3032 2486 3214 2534 autem
3260 2480 3431 2534 ﬁlium
3472 2479 3707 2551 parvulum
3739 2477 3801 2531 in-
3890 2468 3891 2545 ᾗ

2316 2564 2496 2621 buerit
2517 2607 2532 2634 ,
2571 2568 2743 2623 isdem
2774 2578 2900 2624 cum
2929 2570 3381 2628 ministerialibus
3417 2571 3572 2642 ipsius
3596 2570 3802 2627 comitatus
3890 2564 3891 2635 ἦ

2316 2668 2372 2715 et
2414 2661 2667 2732 episcopo
2694 2662 2747 2717 in
2780 2662 2939 2733 cujus
2963 2666 3226 2735 parochia
3254 2667 3502 2723 consistit
3542 2665 3801 2723 eandemea-
3890 2662 3891 2669 “

2317 2752 2565 2809 mitatum
2590 2751 2885 2825 praeviderat
2910 2758 3081 2814 donec
3129 2760 3198 2815 ad
3224 2768 3467 2832 nostram
3504 2758 3707 2815 notitiam
3726 2769 3803 2824 ρα-
3890 2822 3891 2829 η

2312 2844 2513 2899 veniat.
2560 2844 2618 2899 Si
2668 2860 2797 2902 vero
2841 2847 3012 2903 ﬁlium
3057 2864 3165 2905 non
3217 2851 3501 2918 habuerit,
3542 2849 3662 2904 ﬁlius
3683 2856 3802 2901 noster
3890 2844 3891 2897 ἒ

2313 2950 2438 2990 cum
2485 2936 2684 2992 ceteris
2726 2938 2978 2994 ﬁdelibus
3012 2940 3217 2996 nostris
3253 2941 3470 2997 ordinet
3512 2941 3595 3010 qui
3631 2935 3803 2993 cummi-
3890 2956 3891 2989 ξ

2313 3024 2683 3084 nisterialibus
2740 3027 2909 3098 ipsius
2969 3031 3262 3086 comitatus
3310 3039 3368 3087 et
3420 3032 3647 3102 episcopo
3687 3027 3803 3097 ipsum
3890 3024 3891 3103 Ῐ

615 3113 828 3169 diiectse
859 3115 1105 3185 conjugis
1155 3126 1350 3172 vestra:
1396 3118 1629 3174 dominae
1674 3131 1874 3178 nostrae
1916 3124 2124 3180 honore
2153 3137 2207 3182 et

2311 3117 2630 3174 comitatum
2659 3119 2953 3189 praevideat
2990 3121 3165 3179 donec
3199 3122 3381 3192 jussio
3408 3131 3583 3178 nostra
3613 3118 3710 3174 inde
3728 3116 3800 3170 ﬁat.
3890 3120 3891 3192 ξ

615 3204 974 3271 salvamento,
1009 3214 1063 3260 et
1085 3208 1152 3261 de
1199 3211 1608 3266 conservatione
1637 3225 1824 3266 earum
1851 3229 2031 3269 rerum
2073 3231 2205 3287 quas

616 3292 697 3347 illi
720 3294 949 3349 dedistis
976 3294 1060 3350 vel
1085 3295 1368 3363 dederitis,
1415 3305 1468 3353 et
1494 3298 1563 3355 de
1594 3302 2009 3360 conﬁrmatione
2036 3320 2069 3360 a
2096 3306 2207 3363 ﬁlio

615 3394 802 3440 vestro
830 3385 1025 3442 exinde
1054 3389 1323 3456 facienda,
1351 3401 1404 3447 et
1431 3390 1573 3449 ﬁlius
1613 3404 1795 3449 vester
1823 3396 1890 3452 ad
1920 3396 2023 3454 hoc
2045 3414 2207 3468 para-

612 3486 707 3533 tus
734 3486 817 3534 est
856 3480 996 3557 sicut
1022 3479 1331 3551 jubetis,et
1379 3499 1498 3551 nos,
1549 3495 1811 3554 quantum
1840 3488 2125 3548 scierimus
2152 3500 2207 3548 et

614 3572 970 3640 potuerimus,
1017 3573 1084 3627 ad
1112 3573 1216 3629 hoc
1236 3577 1407 3644 parati
1435 3577 1661 3634 erimus.

686 3663 740 3717 6.
775 3662 850 3717 De
872 3662 1092 3719 ﬁliabus
1128 3666 1349 3732 nostris,
1380 3682 1502 3722 cum
1543 3684 1649 3738 quo
1676 3671 1885 3728 honore
1906 3673 2206 3731 secundum

616 3753 713 3809 Dei
732 3754 1085 3821 voluntatem,
1143 3764 1197 3811 ct
1220 3758 1368 3827 quali
1419 3759 1756 3818 salvamento
1798 3772 1892 3820 aut
1937 3765 2206 3835 adiutorio

616 3845 917 3901 consistere
941 3847 1193 3903 debeant.
1227 3847 1380 3915 Quod
1407 3852 1577 3908 etiam‘
1592 3856 1831 3924 parvula:
1856 3865 2056 3913 nostra:
2083 3858 2207 3914 ﬁlia:

615 3935 801 3992 datum
832 3939 1096 3995 habemus
1125 3948 1220 3996 aut
1245 3942 1500 4015 deinceps
1526 3946 1858 4015 dederimus,
1904 3966 2027 4007 eum
2054 3953 2202 4022 quali

616 4027 907 4083 securitate
954 4039 1139 4086 tenere
1181 4033 1368 4102 possit.
1420 4035 1488 4089 Et
1531 4037 1577 4092 si
1606 4038 1750 4095 Deus
1776 4055 1897 4095 eam
1936 4042 2002 4096 ad
2024 4042 2204 4111 perfe-

617 4124 761 4171 ctam
807 4126 1023 4173 zetatem
1062 4121 1248 4174 venire
1295 4121 1609 4191 donaverit,
1653 4127 1705 4182 in
1739 4131 1930 4185 matris
1977 4146 2089 4186 suae
2135 4134 2207 4189 sit

614 4215 903 4276 potestate,
948 4216 1004 4262 et
1040 4222 1072 4262 a
1118 4210 1268 4266 nullo
1295 4224 1486 4268 contra
1514 4215 1684 4284 ipsius
1733 4220 2068 4278 voluntatem
2119 4225 2206 4280 vel

618 4297 817 4352 marito
846 4298 1145 4365 tribuatur,
1176 4301 1258 4354 vel
1285 4317 1497 4358 sacrum
1522 4306 1570 4361 ei
1598 4306 1842 4364 velamen
1872 4312 2200 4383 imponatur.

686 4385 798 4440 ΒΡ.
834 4385 1099 4443 Similiter
1142 4390 1285 4447 etde
1318 4392 1532 4450 ﬁliabus
1577 4400 1795 4466 vestris,
1844 4402 2088 4458 etetiam
2135 4405 2203 4460 de

2306 3209 2371 3265 Et
2399 3224 2498 3281 pro
2538 3210 2643 3266 hoc
2688 3211 2869 3268 nullus
2900 3214 3198 3282 irascatur,
3229 3216 3277 3271 si
3304 3214 3549 3271 eumdem
3574 3209 3801 3267 comitatum
3890 3209 3891 3271 ξ

2306 3299 2473 3356 alteri
2500 3301 2589 3357 cui
2634 3303 2791 3359 nobis
2828 3303 3097 3374 placuerit
3140 3306 3456 3362 dederimus
3498 3317 3641 3375 quam
3669 3300 3724 3355 illi
3742 3295 3801 3367 ςυί
3890 3312 3891 3383 ξ

2305 3405 2428 3446 eum
2479 3392 2743 3449 hactenus
2791 3395 3057 3465 praevidit.
3114 3396 3388 3452 Similiter
3432 3404 3485 3452 et
3532 3395 3592 3451 de
3627 3384 3801 3446 vassalﬁ!

2306 3482 2510 3538 nostris
2544 3482 2849 3539 faciendum
2894 3494 2999 3541 est.
3041 3486 3109 3541 Et
3152 3487 3407 3544 volumus
3443 3495 3593 3556 atque
3627 3490 3803 3550 expresse

2299 3570 2552 3641 iubemus
2569 3613 2585 3639 ,
2612 3581 2675 3628 ut
2698 3582 2808 3628 tam
2833 3576 3069 3645 episcopi
3091 3591 3258 3647 quam
3285 3576 3507 3632 abhates
3523 3614 3539 3642 ,
3560 3581 3610 3629 et
3630 3568 3803 3635 comi“.

2305 3679 2399 3719 seu
2444 3666 2610 3721 etiam
2651 3668 2820 3723 ceteri
2852 3669 3037 3725 ﬁdeles
3077 3668 3293 3735 nostri,
3324 3667 3617 3725 hominibus
3655 3658 3801 3719 scissi—

2304 3754 2508 3810 militer
2550 3770 2881 3813 conservare
2923 3759 3212 3824 studeant;
3246 3768 3306 3813 et
3354 3768 3464 3813 tam
3510 3758 3571 3814 de
3598 3753 3800 3825 episcopa-

2308 3844 2450 3901 tihus
2476 3860 2639 3915 quam
2666 3856 2724 3903 et
2747 3848 2814 3903 de
2843 3846 3079 3904 abhatiis
3099 3848 3318 3904 vicinus
3338 3849 3609 3919 episcopus
3624 3854 3669 3901 et
3684 3852 3803 3898 canes

2305 3935 2675 4007 prtevideant,
2722 3950 2792 3992 ne
2835 3936 3031 4009 aliquis
3074 3952 3162 3993 res
3197 3927 3803 3995 ecclesiasticasvelftwl-

2308 4035 2447 4083 tates
2495 4027 2746 4098 diripiat,
2799 4036 2855 4082 et
2906 4029 3088 4085 nullus
3133 4030 3203 4087 ad
3259 4046 3451 4089 eorum
3496 4030 3803 4097 elemosyna!

2306 4117 2607 4174 faciendam
2658 4118 2936 4189 impediat.
2985 4119 3139 4188 Quod
3173 4121 3218 4176 si
3251 4119 3657 4192 praesumpserit,
3691 4123 3803 4169 etse-

2307 4208 2541 4263 cundum
2573 4208 2717 4280 leges
2752 4210 3019 4267 humanas
3039 4211 3144 4268 hoc
3163 4221 3456 4284 componat
3475 4253 3491 4278 ,
3514 4220 3567 4267 et
3591 4202 3804 4264 secutum

2304 4299 2451 4371 leges
2488 4299 2888 4356 ecclesiasticas
2932 4302 3060 4358 inde
3091 4302 3340 4359 ecclesia:
3362 4318 3519 4374 quam
3563 4292 3803 4354 lzesitsatis-

2308 4389 2503 4456 faciat,
2530 4399 2586 4445 et
2638 4402 2884 4448 nostram
2914 4391 3321 4447 harmiscaram
3350 4389 3630 4450 secundum
3654 4382 3804 4441 modum

616 4479 838 4550 parvula
862 4480 971 4536 tilia
994 4492 1198 4551 vestra,
1229 4484 1370 4541 sicut
1400 4487 1453 4541 in
1484 4488 1720 4558 capitulo
1745 4500 1925 4548 vestro
1952 4496 2199 4550 contine-

2309 4481 2479 4551 culpae
2501 4490 2558 4537 et
2581 4490 2641 4536 ut
2662 4481 2826 4539 nobis
2852 4482 3119 4552 placuerit
3145 4484 3436 4539 sustineat.

618 4579 725 4637 tur,
757 4581 812 4626 et
838 4571 981 4629 ﬁlius
1023 4584 1203 4630 vester
1257 4587 1478 4646 paratus
1526 4589 1610 4635 est
1657 4596 2003 4650 conservare,
2053 4600 2106 4640 et
2134 4586 2202 4641 ad

618 4662 723 4719 hoc
765 4667 1220 4732 conservandum,
1272 4681 1530 4739 quantum
1558 4672 1843 4730 scierimus
1879 4685 1934 4730 et
1960 4677 2211 4747 polueri-'

617 4768 759 4820 mus,
790 4754 1115 4824 adiutorium
1148 4759 1540 4828 praestabimus.

689 4850 739 4903 7.
780 4849 856 4904 De
881 4851 1197 4907 ordinandis
1231 4855 1427 4919 scaris,
1459 4866 1510 4909 et
1534 4856 1580 4910 si
1625 4866 1846 4928 nepotes
1874 4861 2066 4926 nostri,
2118 4864 2200 4917 sui

616 4941 787 5011 patris
814 4941 1090 4998 imitantes
1128 4944 1375 5016 vestigia,
1404 4956 1592 5002 contra
1637 4963 1758 5012 nos,
1806 4958 1900 5004 aut
1928 4951 1981 5004 in
2009 4951 2200 5008 itinere

617 5041 710 5086 aut
744 5045 1029 5105 postquam
1059 5035 1126 5088 ad
1170 5035 1487 5104 dispositum
1518 5037 1696 5093 locum
1724 5039 1834 5095 Deo
1876 5041 2012 5097 duce
2039 5056 2199 5097 vene-

618 5127 811 5192 rimus,
860 5124 1063 5197 aliquid
1087 5128 1240 5183 nobis
1268 5129 1395 5183 mali
1426 5140 1520 5184 aut
1565 5145 1732 5201 regno
1778 5142 1965 5188 nostro
1992 5135 2200 5190 machi-

618 5218 737 5272 nari
771 5216 1058 5284 voluerint,
1097 5222 1366 5288 quomodo
1391 5216 1521 5287 illis,
1571 5222 1679 5277 Deo
1718 5224 1964 5295 iuvante,
2002 5225 2202 5296 plenis-

617 5307 752 5362 sime
788 5310 1090 5365 resistatur.

688 5400 799 5457 ΒΡ.
841 5404 915 5458 De
943 5406 1115 5460 sacris
1144 5408 1478 5474 ordmandis,
1510 5417 1567 5463 et
1602 5410 1666 5465 de
1694 5409 1980 5480 adiutorio,
2027 5413 2068 5467 si
2103 5413 2199 5468 ali-

616 5496 740 5564 quis
760 5494 825 5548 de
853 5496 1141 5566 nepotibus
1164 5500 1360 5556 vestris
1388 5509 1481 5553 aut
1521 5500 1659 5556 inter
1691 5499 1806 5557 vias
1830 5511 1921 5556 aut
1966 5502 2019 5557 in
2045 5500 2194 5557 ltaiia

2381 4572 2489 4628 BP.
2547 4573 2740 4631 Cetera
2794 4574 3028 4643 capitula
3087 4575 3441 4645 responsione
3509 4585 3606 4629 non
3655 4568 3804 4636 ομιτ

2309 4669 2565 4739 quoniam
2583 4686 2613 4725 a
2637 4679 2817 4731 vestra
2828 4670 3252 4741 sumentium
3276 4669 3535 4741 disposita
3550 4673 3601 4720 et
3624 4656 3802 4716 didmin.

2383 4761 2470 4815 10.
2514 4758 2569 4814 Si
2613 4759 2813 4827 aliquis
2865 4774 2936 4815 ex
2977 4758 3226 4815 ﬁdelibus
3276 4760 3479 4815 nostris
3521 4762 3629 4826 post
3660 4748 3804 4806 obitu!

2311 4864 2556 4907 ueratrum
2573 4891 2587 4917 ,
2626 4852 2726 4908 Dei
2750 4861 2808 4906 et
2849 4862 3037 4908 nostro
3070 4866 3264 4908 amore
3290 4857 3656 4919 compunctus,
3679 4834 3806 4936 seculo

2312 4945 2626 4999 renuntiare
2671 4944 2931 5010 voluerit,
2984 4954 3045 4998 et
3096 4942 3264 4997 ﬁlium
3321 4941 3407 4997 vel
3458 4938 3607 4995 talem
3649 4939 3803 5004 μωμη-

2310 5050 2474 5104 quum
2523 5034 2777 5091 habuerit
2820 5034 2916 5104 qui
2960 5034 3039 5091 rei
3087 5033 3315 5105 publieae
3364 5030 3606 5101 prodesse
3652 5018 3802 5076 κιαι»

2311 5143 2438 5183 suos
2477 5128 2742 5195 honores,
2776 5136 2941 5198 prout
2969 5127 3164 5183 melius
3190 5126 3453 5191 voluerit,
3493 5123 3543 5179 ei

2308 5221 2501 5276 citare.
2550 5220 2619 5275 Et
2661 5221 2705 5275 si
2748 5221 2801 5275 in
2845 5219 2999 5275 ainde
3044 5236 3143 5276 suo
3186 5220 3369 5290 quiete
3409 5219 3579 5272 vivere
3620 5207 3804 5264 voluerit,

2308 5313 2485 5368 nullus
2528 5313 2581 5366 ei
2633 5311 2847 5381 aliquod
2890 5312 3334 5383 impedimentum
3364 5310 3543 5365 facere
3561 5302 3804 5383 μαθων

2306 5421 2481 5477 neque
2504 5408 2651 5462 aliud
2671 5407 2873 5477 aliquid
2897 5382 3053 5461 abeo
3074 5407 3400 5476 requiratur,
3425 5402 3522 5458 nisi
3543 5382 3806 5454 solummodo

2307 5509 2364 5554 ut
2398 5501 2462 5555 ad
2493 5500 2681 5571 patria:
2714 5500 3085 5556 defensionem
3110 5510 3315 5572 pergat.

2141 5596 2369 5653 NOTAE.

691 5682 837 5756 (160)
863 5684 965 5765 Ubi
1013 5687 1305 5765 l_lin_cinaro
1344 5701 1480 5765 teste
1525 5695 1577 5747 in
1608 5695 1894 5762 prmsontia
1938 5709 2220 5765 procerum
2264 5694 2445 5763 regni,
2500 5704 2740 5765 exceptis
2769 5694 2991 5761 [ingene
3029 5694 3225 5765 abbate
3270 5703 3325 5746 et
3368 5684 3620 5743 Bernardo
3658 5670 3801 5732 εοωίίθ

581 5782 587 5789 -
619 5754 944 5813 Arvernensi
966 5800 979 5825 ,
1008 5760 1074 5817 de
1106 5759 1402 5821 liludowici
1430 5754 1773 5823 successione
1806 5766 1856 5820 in
1887 5754 2050 5836 regno
2088 5777 2207 5837 post
2229 5754 2399 5835 patris
2428 5754 2651 5823 obitum.
2666 5754 2984 5836 dispositum
3011 5765 3131 5821 fuit.
3160 5764 3421 5825 Sintica!)-
