3960 6320
143 314 236 372 777

1162 289 1597 356 FRANCORUM
1634 287 1882 345 REGUM
1919 282 2401 343 CAPITULARIA.

3302 277 3409 336 778

197 430 290 487 η.
330 426 390 485 Si
439 424 619 497 aliqua
654 417 945 478 occasione
969 413 1080 475 ﬁlio
1105 420 1295 471 nostro
1339 416 1433 466 aut
1472 401 1721 461 ﬁdelibus
1747 405 1797 463 Α
1824 410 1890 451 eo
1928 395 2009 453 ire
2036 411 2144 453 non
2173 395 2477 497 potuerint,
2511 370 2730 497 mittant
2753 409 2878 451 eum
2923 408 2991 452 eo
3031 392 3237 452 electos
3264 394 3415 450 viros

129 521 333 583 nostris
363 519 656 583 demostro
680 514 831 571 obitu
860 512 1167 569 nuntiatum
1192 509 1387 576 fuerit,
1417 525 1524 567 non
1558 507 1719 565 facile

129 614 431 671 credatur:
462 611 556 669 sed
592 598 917 666 conveniam.
963 604 1126 661 simul
1167 603 1351 660 ﬁdeles
1400 602 1610 670 nostri,
1664 610 1722 658 et

1817 496 1980 560 prout
2025 490 2325 546 necessitas
2362 487 2543 545 fuerit.

1890 579 1981 635 17.
2020 579 2327 636 Adalardus
2367 593 2554 635 comes
2600 578 2789 649 palatii
2836 589 3122 635 remaneat
3166 592 3292 635 cum
3345 591 3412 633 eo

128 702 526 762 rationabiliter
577 699 875 758 secundum
925 698 1024 755 Dei
1074 695 1407 755 voluntatem
1457 696 1640 752 omnia
1687 711 1719 750 a

1861 685 1944 725 am
1987 670 2184 742 sigillo.
2234 670 2304 726 Et
2347 685 2395 727 st
2440 671 2558 741 ipse
2605 686 2704 741 pro
2747 683 2927 741 aliqua
2969 669 3295 727 necessitate
3321 667 3417 724 de-

123 798 289 855 nobis
334 798 587 854 ordinata
626 794 936 864 disponant.

191 887 292 943 £2.
334 885 392 943 Si
433 901 533 943 nos
572 887 627 941 in
675 885 770 941 Dei
817 891 1235 953 sanctorumque
1280 881 1452 954 ipsius
1499 880 1723 938 servitio

117 999 280 1053 mors
312 981 809 1054 praeoccupaverit,
835 978 1252 1052 elcemosynarii
1288 977 1493 1044 nostri,
1525 992 1723 1033 secun-

115 1074 259 1128 dum
291 1071 437 1143 quod
467 1071 573 1127 illis
598 1068 1033 1126 commendatum
1063 1067 1359 1135 habemus,
1396 1068 1461 1124 de
1491 1067 1729 1125 elcemo-

115 1180 267 1239 syna
301 1172 490 1220 nostra
540 1164 836 1219 decertent.
875 1161 942 1217 Et
979 1160 1107 1240 libri
1150 1162 1359 1228 nostri,
1390 1163 1480 1231 qui
1516 1161 1569 1216 in
1609 1161 1726 1218 tlte-

116 1271 297 1312 sauro
345 1262 531 1312 nostro
578 1261 737 1319 sunt,
790 1250 860 1307 ab
909 1250 1047 1317 illis,
1081 1251 1221 1307 sicut
1269 1251 1592 1318 dispositum
1628 1252 1728 1306 lia-

116 1349 365 1413 bemus,
413 1348 559 1402 inter
607 1356 854 1402 sanctum
892 1342 1210 1416 Dionysium
1255 1354 1312 1400 et
1352 1355 1595 1401 sanctam
1622 1343 1729 1400 Ma-

120 1439 271 1494 riam
306 1438 362 1492 in
389 1433 719 1508 Compendio
748 1444 803 1491 et
829 1434 996 1491 ﬁlium
1038 1445 1285 1493 nostrum
1317 1437 1725 1505 dispertiantur.

118 1527 182 1583 Id
204 1536 316 1590 est,
339 1526 666 1582 Hincmarus
687 1520 1014 1582 venerabilis
1037 1526 1499 1597 archiepiscopus,
1518 1526 1729 1584 France

122 1621 451 1693 episcopus,
478 1616 594 1674 Odo
620 1617 927 1688 episcopus,
958 1616 1254 1677 Gauzlinus
1283 1618 1445 1683 abba,
1469 1616 1731 1675 Arnulfus

125 1724 351 1771 comes,
383 1708 692 1763 Bernardus
722 1721 932 1772 comes,
963 1707 1320 1764 Chuonradus
1346 1724 1550 1775 comes,
1583 1708 1729 1764 Ada-

126 1891 385 1963 conjugis
410 1901 610 1948 nostra:
634 1890 935 1963 pertinent,
991 1890 1036 1947 si
1087 1891 1202 1962 ipsa
1230 1890 1460 1957 obierit,
1509 1890 1731 1947 faciant.

124 1985 268 2052 Quae
312 1998 439 2038 vero
490 1981 896 2052 super-fuerint,
945 1983 1014 2036 ab
1066 1981 1200 2050 ipsis
1237 1979 1514 2036 salventur
1562 1994 1737 2036 usuue

126 2074 203 2129 ad
244 2082 518 2141 nostram,
554 2071 664 2128 Deo
693 2072 890 2139 dante,
920 2071 1409 2144 interrogationem

207 2186 299 2240 l5.
340 2183 760 2248 lnveniendum,
785 2180 999 2251 qualem
1028 2190 1238 2251 partem
1272 2179 1519 2251 imperii,
1546 2178 1591 2235 si
1619 2179 1734 2235 obi-

133 2286 228 2332 tus
249 2283 444 2331 noster
467 2273 746 2338 evenerit,
773 2272 876 2328 sibi
911 2271 1313 2327 decernendam
1337 2285 1561 2341 sperare
1591 2270 1736 2327 ﬁlius

134 2376 334 2424 noster
378 2367 612 2432 debeat;
666 2372 724 2420 ct
771 2364 817 2419 si
870 2362 1014 2421 Deus
1069 2363 1300 2419 alterum
1359 2362 1525 2417 lilium
1579 2361 1738 2418 nobis

134 2461 365 2517 interim
416 2459 620 2515 donare
663 2456 927 2521 voluerit,
956 2470 1140 2526 quam.
1169 2456 1288 2526 ipse
1338 2453 1557 2511 habeat.
1588 2454 1657 2510 Et
1690 2455 1738 2511 si

137 2551 347 2619 aliquis
386 2566 453 2607 ex
500 2548 788 2621 nepotibus
816 2546 1021 2603 nostris
1051 2545 1118 2601 ad
1147 2545 1251 2601 hoc
1294 2560 1354 2600 se
1387 2544 1608 2616 dignum
1643 2559 1739 2601 ex-

138 2641 384 2698 hibuerit
406 2680 425 2708 ,
453 2639 537 2695 vel
561 2639 607 2694 si
647 2654 754 2694 non
795 2636 1025 2703 fecerit,
1077 2635 1377 2692 secundum
1406 2635 1552 2693 uuod
1578 2634 1739 2691 nobis

144 2741 281 2789 tunc
301 2773 319 2799 ,
349 2741 407 2787 et
424 2731 519 2787 cui
549 2729 843 2803 placuerit,
873 2736 1181 2785 censeatur.

217 2823 314 2878 14.
358 2822 429 2879 Ut
465 2820 606 2877 ﬁlius
645 2828 827 2878 noster
852 2819 1018 2875 talem
1043 2833 1104 2875 se
1143 2827 1198 2874 et
1233 2824 1419 2875 taliter
1441 2830 1736 2894 prmparet,

145 2924 418 2985 quatenus
456 2927 578 2970 cum
624 2912 734 2969 Deo
760 2912 987 2983 iuvante
1024 2913 1232 2969 reversi
1288 2912 1592 2982 fuerimus,
1631 2916 1741 2972 Ro-

157 3021 297 3062 mam
343 3006 425 3061 ire
469 3004 684 3070 valeat,
737 3014 793 3060 et
834 3004 907 3060 ibi
950 3004 1041 3060 Dei
1092 3013 1148 3060 et
1184 3016 1494 3073 sanctorum
1524 3017 1740 3077 aposto-

157 3097 365 3163 loru‘tn,
403 3096 640 3167 quandiu
700 3110 924 3152 necesse
978 3094 1179 3163 fuerit,
1232 3096 1514 3153 servitium
1542 3114 1735 3170 agere,

153 3202 203 3246 et
258 3190 335 3246 ibi
384 3188 496 3245 Deo
546 3188 967 3246 adminiculante
1013 3189 1071 3245 iu
1130 3204 1312 3249 revem
1362 3192 1537 3250 possit
1579 3209 1677 3251 ρο·-
1709 3223 1741 3236 -

154 3280 294 3337 nari.

220 3372 314 3429 15.
354 3372 603 3441 Qualiter
634 3382 689 3430 et
725 3387 833 3443 quo
879 3373 1071 3430 ordine
1115 3364 1259 3432 ﬁlius
1308 3383 1498 3433 noster
1545 3375 1600 3432 in
1640 3375 1746 3433 hoc

152 3478 324 3534 regno
371 3474 682 3530 remaneat,
731 3473 787 3520 et
821 3465 915 3535 qui
955 3465 1189 3522 debeant
1218 3481 1338 3522 esse
1386 3481 1616 3537 quorum
1644 3482 1744 3523 au-

152 3555 287 3609 xilio
309 3564 531 3622 utatur,
577 3564 633 3613 et
674 3555 1050 3613 vicissitudine
1080 3572 1204 3614 cum
1231 3573 1297 3615 eo
1323 3558 1453 3615 sint.
1486 3559 1750 3616 Videlicet

148 3659 223 3701 ex
260 3645 537 3716 episcopis
576 3647 795 3704 assidue
829 3647 939 3702 sint
981 3662 1105 3703 cum
1151 3648 1241 3705 illo
1282 3659 1377 3705 aut
1410 3649 1749 3721 lngilwinus,

156 3745 253 3791 aut
284 3735 636 3804 Reinelmus,
668 3736 784 3795 sive
808 3736 926 3794 Odo
948 3777 963 3803 ,
1004 3754 1098 3794 seu
1129 3738 1496 3796 Hildeboldus.
1527 3740 1607 3796 Ex
1648 3742 1747 3797 ab-

160 3830 415 3896 batibus,
462 3831 508 3886 si
557 3830 662 3886 alia
712 3832 1009 3887 necessitas
1046 3846 1154 3888 non
1205 3833 1483 3899 evenerit,
1538 3834 1753 3891 assidue

163 3922 273 3976 sint
306 3938 432 3978 cum
471 3938 537 3979 eo
567 3921 796 3994 Welpho
816 3965 831 3991 ,
863 3923 1193 3990 Gauzlinus,
1225 3935 1282 3995 et
1319 3925 1504 3982 Folco.
1544 3926 1624 3981 Ex
1654 3940 1749 3983 co-

166 4014 390 4071 mitibus
417 4029 578 4083 vero,
609 4026 704 4071 aut
735 4016 1100 4086 Teudericus,
1139 4026 1234 4073 aut
1277 4017 1607 4085 Balduiuus,
1637 4022 1754 4078 sive

168 4102 559 4176 Chuonradus,
597 4121 692 4164 seu
730 4106 1077 4175 Adalelmus,
1116 4109 1425 4166 alternatim
1480 4127 1604 4168 cum
1662 4112 1756 4170 illo

172 4197 503 4264 consistent,
544 4206 633 4265 et,
682 4207 886 4269 quanto
916 4200 1114 4269 sacpius
1148 4215 1246 4272 pro
1285 4210 1474 4257 nostra
1526 4203 1758 4259 utilitate

176 4292 481 4360 potuerint,
526 4284 668 4349 Bosa
724 4301 781 4349 et
821 4292 1146 4350 Bernartius.
1206 4293 1266 4350 Si
1313 4309 1507 4351 versus
1553 4295 1756 4353 Mosam

177 4384 498 4450 perrexerit,
527 4384 634 4440 sint
656 4399 778 4441 cum
803 4399 869 4440 eo
899 4384 1111 4441 France
1135 4387 1450 4456 episcopus,
1482 4386 1760 4444 Iohannes

179 4469 489 4544 cpiscopus,
518 4472 776 4529 Arnulfus
799 4488 985 4531 comes
1011 4515 1026 4541 ,
1056 4474 1427 4543 Gislebertus,
1461 4475 1758 4544 Letardus,

180 4560 487 4634 Matfridus,
535 4564 848 4632 Widricus,
894 4566 1217 4633 Gotbertus,
1267 4567 1631 4635 Adalbertus,
1672 4570 1759 4626 ln-

182 4652 457 4726 gelgerus,
510 4656 815 4724 Rainerus,
864 4675 971 4714 una
1025 4676 1147 4716 cum
1185 4662 1482 4732 praedictis.
1534 4661 1592 4718 Si
1625 4664 1765 4719 ultra

184 4742 485 4816 Sequanam
536 4750 871 4820 perrexerit,
921 4748 1075 4823 llugo
1104 4751 1275 4821 abba,
1308 4753 1619 4811 Waltherus
1647 4757 1765 4825 epi-

184 4854 403 4913 seOpus,
432 4842 592 4899 Wala
645 4845 958 4915 episcopus,
999 4844 1338 4904 Gislebertus
1365 4851 1681 4920 episcopus,
1713 4857 1770 4906 et

184 4936 345 4990 ceteri
394 4937 566 4993 nostri
618 4937 802 4993 ﬁdeles
850 4937 994 4993 illius
1038 4936 1241 5008 par'tis,
1299 4956 1408 4996 una
1458 4957 1582 4997 cutn
1635 4956 1751 5013 pne

184 5026 359 5085 dictis.
412 5029 521 5086 Sed
557 5039 615 5087 et
651 5032 718 5088 de
753 5031 875 5086 aliis
916 5030 1165 5089 ﬁdelibus
1199 5034 1434 5100 nostris,
1469 5034 1769 5092 secundum

187 5119 325 5188 quod
357 5120 409 5175 in
456 5135 778 5192 unaquaque
806 5130 962 5191 parte
1000 5124 1151 5193 regni
1182 5138 1407 5185 necesse
1433 5123 1622 5182 fuerit.

258 5210 345 5267 16.
388 5212 447 5268 Si
486 5214 668 5269 subito
714 5214 957 5269 evenerit
996 5213 1048 5269 in
1078 5214 1255 5286 aliqua
1291 5226 1446 5287 parte
1492 5216 1641 5288 regni
1673 5231 1771 5272 ne-

193 5305 440 5371 cessitas,
476 5304 693 5361 videtur
731 5307 919 5372 nobis,
965 5314 1057 5372 ut,
1093 5308 1215 5377 quia
1258 5309 1369 5365 Deo
1397 5309 1604 5380 gratias
1630 5310 1772 5364 filius

196 5405 371 5451 noster
393 5383 610 5465 juvenis
635 5405 753 5463 est,
786 5412 896 5453 non
924 5414 1116 5453 omnes
1138 5398 1322 5454 fideles
1353 5409 1570 5455 nostros
1593 5415 1777 5470 mqua-

199 5481 316 5540 liler
337 5485 504 5543 faciat
521 5488 804 5555 laborare;
833 5490 928 5544 sed
952 5490 1095 5544 sicut
1114 5506 1214 5546 nos
1232 5489 1370 5559 jam,
1395 5492 1506 5547 Deo
1528 5492 1780 5563 juvante,

204 5579 485 5647 sepissime
532 5579 797 5647 fecimus,
840 5581 1081 5651 acceptis
1137 5598 1321 5637 secum
1367 5586 1607 5640 strenuis
1651 5586 1783 5644 viris

205 5682 265 5723 ex
315 5672 559 5730 fidelibus
592 5674 826 5737 nostris,
872 5674 1108 5730 inimicis
1141 5676 1345 5731 nostris
1381 5677 1656 5749 insperate
1694 5696 1785 5736 su-

205 5768 506 5838 perveniat,
544 5778 601 5827 et
650 5783 747 5825 eos
789 5767 1022 5823 viriliter
1070 5779 1412 5838 perterrcat;
1443 5782 1494 5829 et
1533 5773 1626 5843 qui
1659 5790 1783 5833 cum

636 5884 918 5949 ἓλτιιοι.
946 5881 1269 5943 CXXXVI
1284 5883 1361 5951 ll,
1678 5962 1683 5967 Α
1744 5897 1788 5909 -ς

1821 760 2017 825 fuerit,
2067 760 2374 827 Gerardus,
2420 761 2536 817 sive
2576 760 2896 828 Fredricus,
2928 760 3014 818 vel
3059 777 3200 819 unus
3225 776 3417 817 eorum

1822 856 1917 926 qui
1961 870 2086 912 cum
2112 871 2179 911 eo
2208 856 2393 912 scariti
2427 865 2587 923 sunt,
2627 871 2824 913 causas
2864 864 3079 923 teneat;
3113 864 3172 912 et
3198 854 3282 911 vel
3309 870 3419 911 una

1822 948 1913 1005 die
1957 949 2013 1004 in
2044 949 2346 1021 septimana
2388 949 2502 1018 ipse
2532 963 2726 1004 causas
2760 956 2973 1015 teneat;
3018 956 3074 1005 et
3107 947 3423 1018 ubicunque

1826 1042 2058 1109 fuerint,
2103 1043 2169 1097 de
2197 1056 2329 1112 pace
2368 1041 2717 1112 przevideant.

1898 1132 1985 1188 18.
2027 1132 2265 1188 Comites
2316 1145 2531 1202 quoque
2575 1146 2673 1201 per
2720 1146 2850 1188 suos
2904 1132 3196 1188 comitatus
3225 1130 3292 1186 de
3326 1145 3418 1185 ra-

1827 1224 2076 1293 ptoribus
2121 1232 2179 1280 et
2222 1222 2381 1278 malis
2433 1222 2742 1278 hominibus
2783 1222 3147 1295 praevideant,
3184 1221 3423 1293 qualiter

1828 1330 1934 1386 pax
1987 1315 2115 1382 fiat,
2161 1324 2218 1371 et
2269 1315 2431 1370 malla
2485 1323 2738 1381 teneant,
2791 1324 2848 1370 et
2882 1315 3136 1370 omnibus
3171 1314 3265 1384 qui
3320 1314 3424 1370 ho-

1830 1415 1969 1463 stem
2001 1407 2237 1472 debent,
2288 1406 2607 1462 denuntient
2632 1415 2691 1461 ut
2726 1405 2900 1476 parati
2931 1406 3075 1473 sint,
3122 1404 3418 1477 quatinus,

1831 1496 1879 1553 si
1926 1498 2229 1554 necessitas
2274 1497 2470 1563 fuerit,
2523 1497 2579 1552 in
2620 1496 2716 1552 Dei
2759 1506 2817 1554 et
2860 1505 3106 1552 nostrum
3142 1495 3427 1551 servitium

1828 1603 2058 1662 pergere
2085 1589 2319 1646 valeant.
2378 1588 2446 1644 Et
2473 1589 2626 1643 missi
2651 1589 2824 1644 nostri
2872 1587 2967 1659 qui
3008 1601 3104 1659 per
3149 1600 3312 1642 omne
3341 1599 3430 1641 re~

1835 1698 2003 1753 gnum
2062 1691 2310 1736 nostrum
2370 1680 2651 1736 constituti
2704 1688 2876 1743 sunt,
2934 1664 3272 1733 missaticum
3324 1690 3427 1732 tto-

1910 1953 1999 2009 l9.
2040 1952 2100 2008 Si
2144 1965 2319 2007 werra
2351 1951 2407 2005 in
2459 1964 2628 2021 regno
2668 1948 3218 2018 surrexerit,.quam
3245 1963 3434 2005 comes

1832 2057 1936 2123 per
1983 2057 2045 2099 se
2080 2042 2448 2111 comprimere
2497 2055 2615 2095 non,
2642 2040 2848 2109 possit,
2893 2038 3037 2094 ﬁlius
3085 2047 3273 2094 noster
3304 2053 3433 2094 cum

1836 2134 2088 2189 ﬁdelibus
2132 2132 2336 2188 nostris
2378 2146 2502 2187 eam
2550 2131 2872 2200 quantocius
2912 2130 3278 2199 comprimere
3319 2138 3437 2185 stu-

1837 2228 1999 2293 deat,
2031 2234 2322 2299 antequam
2355 2224 2559 2280 malum
2602 2225 2656 2280 in
2691 2239 2857 2295 regno
2898 2232 3087 2281 nostro
3112 2238 3431 2281 accrescere

1975 2316 2036 2371 it.

1842 2331 2016 2468 Ροῗοῖι
2041 2411 2114 2470 Ut
2161 2411 2305 2468 ﬁlius
2348 2418 2540 2467 noster
2564 2424 2688 2466 cum
2720 2409 2970 2467 ﬁdelibus
3004 2408 3209 2465 nostris
3245 2408 3302 2463 in
3343 2407 3438 2465 illa

1805 2562 1808 2565 λ
1836 2513 1995 2575 parte
2022 2504 2173 2574 regni
2198 2514 2442 2559 moretur
2475 2502 2565 2557 ubi
2596 2500 2769 2571 maior
2807 2500 3109 2557 necessitas
3148 2499 3315 2556 fuerit
3334 2539 3351 2566 ,
3382 2508 3440 2557 et

1839 2610 1999 2651 nemo
2029 2596 2082 2650 in
2112 2594 2255 2650 villis
2275 2594 2481 2651 nostris
2499 2592 2585 2649 vel
2604 2592 2659 2647 in
2682 2592 2824 2647 villis
2844 2591 3030 2648 uxoris
3050 2598 3252 2648 nostra:
3278 2604 3439 2645 man-

1840 2687 2164 2744 sionaticum
2191 2685 2429 2758 accipiat
2450 2725 2468 2753 ,
2496 2693 2552 2740 et
2581 2684 2761 2740 nullus
2787 2683 3036 2740 homines
3078 2691 3297 2739 nostros
3323 2683 3443 2739 sive

1842 2777 1978 2833 alios
2000 2776 2301 2848 depraedari
2342 2775 2571 2842 audeat,
2603 2784 2659 2830 et
2676 2789 2869 2831 eorum
2894 2773 2990 2844 qui
3036 2772 3320 2831 nobiseum
3345 2787 3443 2830 va-

1840 2869 2249 2927 duntbeoeﬁcia
2262 2877 2318 2925 et
2331 2867 2472 2925 villae
2493 2869 2595 2924 sub
2618 2868 2961 2924 immunitate
2982 2875 3261 2924 maneant.
3278 2866 3438 2936 Quod

1842 2964 1889 3019 si
1937 2963 2135 3034 aliquis
2169 2962 2611 3034 praesumpserit,
2660 2961 2715 3016 in
2748 2960 2912 3031 triplo
2941 2968 3261 3031 componat,
3300 2960 3446 3017 sicut

1845 3053 1961 3123 illea
1986 3053 2079 3124 qui
2113 3052 2168 3108 in
2217 3060 2393 3108 truste
2437 3050 2713 3108 dominico
2753 3050 3065 3108 committit.
3116 3050 3185 3106 Et
3234 3050 3329 3122 qui
3378 3050 3441 3109 in

1769 3149 1815 3212 C
1846 3146 2002 3202 villas
2037 3146 2416 3216 episcoporum
2435 3184 2454 3212 ,
2483 3144 2739 3200 abbatum
2764 3184 2780 3210 ,
2821 3143 2907 3200 vel
2938 3142 3169 3200 aliorum
3199 3142 3443 3201 ﬁdelium

1851 3246 2162 3292 nostrorum
2205 3233 2636 3305 depraedationes
2685 3223 2948 3298 fecerin't,
2998 3232 3143 3290 sicut
3189 3233 3249 3289 in
3300 3233 3450 3305 capi-

1852 3325 2120 3381 talaribus
2148 3335 2560 3382 antecessorum
2590 3333 2903 3380 nostrorum
2931 3332 2989 3380 et
3013 3323 3068 3380 in
3097 3333 3286 3382 nostro
3310 3339 3447 3382 con-

1855 3422 2062 3477 tinetur
2105 3421 2419 3477 emendent.

1923 3512 2012 3567 2|.
2056 3511 2130 3567 Ut
2175 3525 2335 3567 neum
2362 3510 2628 3581 despiciat
2653 3510 2863 3567 litteras
2888 3518 3077 3567 nostra
3122 3510 3453 3567 auctoritate

1856 3613 1954 3660 aut
2007 3603 2107 3658 ﬁlii
2157 3602 2332 3659 nostri
2368 3602 2591 3658 nomine
2633 3602 2908 3670 signatas,
2943 3601 3028 3657 vel
3072 3616 3262 3657 eorum
3314 3616 3452 3671 quos

1854 3694 1910 3749 in
1957 3693 2061 3749 hoc
2102 3708 2269 3764 regno
2317 3707 2442 3750 cum
2490 3692 2581 3748 illo
2624 3692 2983 3757 dimittimus,
3030 3706 3206 3762 neque
3253 3692 3449 3748 inobe-

1856 3785 2009 3842 diens
2055 3784 2131 3840 sit
2179 3799 2300 3855 quae
2339 3785 2444 3840 sibi
2498 3784 2752 3840 mandata
2795 3782 3017 3840 fuerint.
3060 3783 3215 3852 Quod
3241 3784 3287 3839 si
3315 3799 3454 3854 prae-

1856 3877 2184 3947 sumpserit,
2235 3877 2307 3931 ita
2362 3876 2625 3931 multetur
2679 3876 2824 3932 sicut
2869 3876 2924 3931 in
2957 3875 3247 3948 capitulari
3276 3876 3363 3932 avi
3392 3886 3452 3933 et

1858 3969 2042 4025 domni
2072 3984 2138 4026 ac
2171 3969 2434 4041 genitoris
2460 3969 2634 4025 nostri
2660 3970 2993 4027 continetur.

1933 4060 2023 4117 ΞΩ.
2068 4060 2391 4117 Moriendum
2437 4075 2656 4131 quoque
2694 4069 2751 4116 et
2798 4062 3156 4129 hortandum,
3211 4071 3271 4118 ut
3323 4062 3457 4120 ﬁde-

1860 4152 1993 4208 lium
2027 4162 2373 4220 nostrorum,
2406 4154 2500 4223 qui
2540 4169 2664 4209 cum
2692 4152 2805 4210 ﬁlio
2834 4163 3023 4210 nostro
3053 4154 3454 4223 remanserint,

1864 4244 2042 4301 nullus
2082 4245 2138 4300 in
2163 4244 2392 4301 consilio
2421 4245 2608 4301 tardus
2638 4254 2930 4315 appareat;
2960 4246 3056 4302 sed
3084 4246 3459 4317 unusquisque

1860 4345 1923 4392 ut
1966 4337 2070 4392 sibi
2115 4337 2312 4393 melius
2346 4336 2522 4393 visum
2556 4337 2720 4392 fuerit
2765 4336 3051 4409 loquatur,
3095 4346 3152 4392 et
3191 4347 3311 4407 post
3340 4353 3457 4392 om-

1864 4430 2013 4484 nium
2070 4428 2410 4496 locutiones,
2461 4431 2606 4500 quod
2651 4429 2848 4486 melius
2901 4430 3078 4486 visum
3129 4429 3291 4486 fuerit
3351 4432 3455 4488 eli-

1793 4526 1840 4588 ο
1866 4531 2014 4594 gant.

1937 4612 2028 4666 25.
2068 4609 2314 4678 Qualiter
2363 4628 2588 4685 regnum
2642 4614 2786 4684 quod
2840 4614 3166 4671 necessitate
3203 4615 3466 4672 Brittoni-

1869 4703 1972 4759 bus
2007 4702 2281 4773 quondam
2306 4701 2619 4773 juramento
2660 4703 3041 4759 conﬁrmatum
3084 4703 3293 4771 fuerat,
3330 4706 3459 4776 quia

1873 4796 1943 4851 de
1987 4794 2092 4850 illis
2135 4795 2332 4864 quibus
2360 4795 2638 4854 ﬁrmatum
2666 4806 2752 4854 est
2777 4797 2956 4853 nullus
2985 4809 3260 4871 superstes
3287 4810 3401 4868 est,
3432 4818 3464 4856 a

1874 4886 2120 4943 ﬁdelibus
2147 4887 2349 4944 nostris
2380 4888 2691 4959 recipiatur.

1949 4976 2041 5031 24.
2086 4974 2161 5032 De
2188 4992 2355 5048 regno
2383 4976 2726 5046 Aquitanico.

1949 5065 2042 5121 25.
2086 5065 2158 5122 Ut
2185 5076 2308 5139 post
2333 5082 2431 5124 nos
2455 5084 2578 5124 cum
2607 5070 2692 5126 his
2716 5087 2840 5142 quae
2862 5071 3019 5130 nobis
3062 5073 3283 5130 ferenda
3311 5083 3468 5142 sunt,

1879 5166 2072 5228 pergat
2112 5158 2347 5229 primum
2389 5159 2742 5218 Willebertus
2784 5165 3103 5235 episc0pus,
3150 5165 3345 5219 deinde
3368 5167 3471 5220 Ar—

1881 5249 2076 5304 noldus
2115 5250 2434 5320 episc0pus,
2468 5261 2525 5306 et
2562 5254 2756 5310 deinde
2806 5255 2957 5310 Wala
2986 5256 3290 5325 episcopus.
3321 5257 3386 5312 Et
3415 5267 3474 5313 ut

1882 5337 2027 5393 ﬁlius
2063 5350 2251 5394 noster
2294 5350 2348 5395 et
2397 5342 2487 5397 alii
2529 5346 2700 5398 nostri
2753 5345 2941 5401 ﬁdeles
2968 5348 3033 5398 ad
3063 5348 3164 5401 hoc
3190 5346 3471 5411 studeant,

1881 5436 1942 5483 ut
1978 5429 2115 5484 nihil
2161 5421 2285 5486 novi
2333 5442 2427 5487 aut
2466 5434 2595 5488 mali
2640 5434 2694 5488 in
2749 5436 2851 5489 hoc
2896 5448 3063 5505 regno
3111 5445 3296 5506 surgat
3326 5438 3471 5507 quod

1885 5532 1979 5578 aut
2005 5539 2102 5595 per
2146 5526 2358 5596 equites
2393 5535 2485 5580 aut
2532 5544 2628 5597 per
2667 5544 2919 5584 cursores
2946 5531 3154 5598 pedites
3187 5546 3293 5585 non
3318 5531 3470 5595 scia-

1888 5630 2047 5681 tnus;
2101 5615 2225 5685 quia
2282 5616 2349 5672 de
2400 5628 2577 5671 vestra
2620 5620 2979 5689 prosperitate
3008 5620 3151 5676 sicut
3184 5622 3263 5678 .de
3290 5633 3477 5679 nostra

1890 5719 2107 5776 semper
2143 5705 2357 5761 solliciti
2405 5707 2627 5762 erimus.
2675 5708 2742 5763 Et
2783 5709 2829 5763 si
2866 5717 3089 5780 nepotes
3133 5713 3340 5779 nostri,
3384 5714 3480 5769 ﬁlii

1890 5794 2077 5852 fratris
2123 5798 2330 5865 nostri,
2376 5799 2459 5855 sui
2495 5799 2667 5869 patris
2713 5800 2993 5857 imitantes
3037 5804 3319 5878 exempla,
3358 5815 3484 5880 petit

2964 5895 3045 5956 25
