3924 6318
569 324 672 382 783

1245 322 1534 381 APPEND.
1575 325 1667 381 AD
1694 323 1867 382 δίο.
1910 323 1976 379 Χ.
2016 356 2084 366 --
2122 324 2127 380 ἶ

2232 324 2557 384 NUMENTA
2598 327 3083 391 DIPLOMATICA.
3672 355 3746 411 iu

633 441 845 515 quando
874 442 1059 526 eti/tax
1107 458 1232 526 quae
1264 454 1553 526 sequuntur
1590 441 1662 526 μιν
1700 442 1954 526 episcopis
1984 441 2144 512 petita
2171 447 2222 508 Α
2248 444 2581 501 consortium
2611 446 2662 501 in
2689 448 2897 504 cmlesti
2932 466 3098 522 regno
3119 455 3407 523 perveniat.
3423 456 3519 515 Per
3534 460 3748 526 dominum

640 523 749 571 sunt
791 514 933 584 apud
965 528 1155 585 regem,
1185 521 1233 568 et
1262 516 1327 567 ab
1348 529 1407 568 eo
1435 516 1692 577 promissa
1714 515 1991 584 episcopis.

639 623 825 681 Petilio
845 624 1223 696 episcoporum.
1251 628 1298 680 A
1319 625 1472 681 vobis
1494 624 1785 695 perdonari
1817 624 1975 683 nobis
2014 627 2152 698 peti-

560 734 706 784 mus,
733 729 793 774 ut
835 717 1126 789 unicuique
1155 718 1223 774 de
1254 719 1411 774 nobis
1439 727 1494 774 et
1537 718 1781 776 ecclesiis
1813 720 1968 778 nobis
1997 736 2148 776 com-

562 814 762 881 missis,
797 811 1096 868 secundum
1143 810 1379 881 primum
1410 811 1705 883 capitulum
1745 814 1888 885 quod
1920 815 2149 872 novissi-

558 923 648 963 me
672 908 725 962 in
763 904 1044 961 Carisiaco
1065 903 1297 961 domnus
1326 908 1621 976 imperator
1649 919 1804 978 pater
1830 917 2010 965 vester
2032 925 2062 964 a
2091 925 2150 967 se

557 1007 613 1055 et
634 1013 666 1054 a
689 996 843 1054 vobis
865 1004 1232 1062 servaturum,
1273 996 1738 1053 consentientibus
1765 999 2012 1057 ﬁdelibus
2038 1002 2150 1059 suis

555 1106 625 1146 ac
668 1078 867 1145 vestris
910 1097 1072 1160 atque
1119 1088 1428 1159 apostolicae
1477 1089 1621 1145 sedis
1673 1089 1895 1163 legatis,
1937 1069 2149 1165 legente

555 1181 853 1245 Gauzleno,
914 1180 1271 1248 denuntiavit,
1322 1182 1639 1238 canonicum
1690 1183 2032 1258 privilegium
2094 1196 2148 1245 et

552 1272 790 1329 debitam
812 1272 983 1343 legem
1020 1281 1183 1343 atque
1204 1271 1473 1341 justitiam
1501 1276 1857 1344 conservetis,
1886 1286 1943 1333 et
1967 1278 2149 1335 defen-

552 1367 760 1424 sionem
796 1366 1114 1432 exhibeatis,
1143 1366 1282 1421 sicut
1309 1382 1404 1421 rex
1443 1365 1496 1422 in
1524 1382 1622 1423 suo
1659 1384 1827 1441 regno
1856 1370 2146 1444 unicuique

551 1462 809 1533 episcopo
858 1469 923 1517 et
972 1460 1216 1518 ecclesiae
1269 1460 1375 1518 sibi
1432 1462 1737 1520 commissae
1794 1479 1894 1536 per
1936 1474 2142 1522 rectum

550 1553 811 1608 exhibere
840 1552 1021 1608 debet.

624 1644 924 1700 Promissio
956 1645 1108 1717 regis.
1142 1644 1406 1700 Promitto
1434 1653 1488 1701 et
1530 1646 1769 1717 perdono
1794 1647 1975 1716 vobis,
2014 1624 2167 1721 quia'

547 1737 844 1808 unicuique
897 1738 966 1792 de
1009 1737 1172 1793 vobis
1221 1745 1277 1792 et
1322 1735 1573 1793 ecclesiis
1612 1738 1766 1794 vobis
1810 1739 2138 1808 commissis,

2254 542 2498 589 nostrum
2554 535 2737 592 Jesum
2794 539 3071 597 Christum
3103 541 3270 599 tilium
3307 554 3466 612 tuum,
3495 554 3575 622 qui
3607 566 3751 616 nutus

2252 632 2337 680 est.
2387 626 2508 681 oleo
2553 626 2758 685 itetitiae
2810 644 2925 701 prae
2952 635 3296 692 consortibus
3328 639 3455 705 suis,
3512 651 3566 698 et
3600 647 3751 707 virtute

2252 719 2431 775 crucis
2454 730 2753 791 potestates
2779 726 2957 782 aerias
2979 726 3286 796 debellavit,
3315 740 3506 789 tartara
3531 721 3751 809 destruxit,

2251 822 2586 883 regnumque
2635 813 2833 870 diaboli
2884 818 3184 887 superavit,
3236 829 3291 875 et
3336 823 3401 879 ad
3448 826 3597 883 ctelos
3632 830 3756 889 victor

2249 904 2514 959 ascendit.
2556 903 2613 958 ln
2667 906 2821 977 cujus
2867 922 3031 963 manu
3070 909 3295 966 victoria
3333 916 3518 983 omnis,
3546 918 3683 991 gloria
3717 933 3756 979 et

2248 1004 2491 1068 potestas
2542 999 2866 1066 consistunt,
2904 1010 2959 1057 et
2996 1011 3172 1059 tecum
3197 1006 3329 1060 vivit
3373 1015 3425 1063 et
3458 1022 3622 1082 regnat
3650 1014 3756 1074 Deus

2249 1089 2303 1145 in
2337 1089 2543 1145 unitate
2579 1089 2820 1159 ejusdem
2861 1092 3097 1165 Spiritus
3125 1099 3293 1153 sancti
3320 1114 3416 1170 per
3439 1104 3598 1159 omnia
3622 1108 3754 1164 secula

2249 1182 2574 1237 seculorum.
2596 1183 2788 1239 Amen.

2318 1270 2594 1343 lmpositio
2617 1290 2845 1330 cornum.
2876 1276 3111 1335 Coronet
3137 1288 3192 1336 te
3217 1280 3470 1339 Dominus
3489 1298 3655 1342 corona
3677 1290 3759 1362 glo-

2246 1366 2343 1422 ria:
2392 1373 2553 1436 atque
2581 1366 2809 1439 justitiae
2858 1371 3065 1427 honore
3101 1382 3156 1427 et
3181 1387 3344 1444 opere
3378 1375 3691 1447 fortitudinis;
3719 1393 3759 1438 ut

2242 1470 2341 1527 per
2375 1454 2609 1511 cilicium
2640 1465 2843 1514 nostras
2869 1459 3281 1528 benedictionis,
3306 1478 3427 1520 cum
3449 1467 3546 1524 lide
3576 1477 3694 1525 recta
3719 1481 3758 1528 et
3856 1464 3857 1469 “

2243 1544 2528 1616 multiplici
2549 1546 2811 1603 bonorum
2844 1563 3068 1620 operum
3104 1551 3305 1619 fructu,
3336 1553 3401 1609 ad
3422 1571 3646 1614 coronam
3668 1575 3756 1631 per-

2242 1636 2429 1693 venias
2495 1638 2646 1709 regni
2697 1640 2978 1711 perpetui,
3020 1641 3140 1713 ipso
3191 1643 3452 1717 largiente
3510 1648 3643 1719 cujus
3690 1666 3754 1709 re.

2240 1744 2408 1802 gnum
2444 1738 2502 1786 et
2542 1729 2830 1803 imperium
2848 1742 3136 1806 permanet
3180 1734 3237 1792 iu
3279 1736 3457 1794 secula
3494 1741 3755 1799 seculorum.

549 1827 849 1883 secundum
900 1826 1135 1898 primum
1201 1826 1495 1898 capitulum
1553 1828 1701 1900 quod
1745 1829 2036 1885 novissime
2084 1831 2137 1886 in
2169 1824 2433 1885 BAmen-

549 1920 824 1977 Carisiaco
848 1920 1078 1976 domnus
1114 1920 1410 1991 imperator
1472 1929 1627 1991 pater
1672 1937 1826 1977 meus
1856 1936 1885 1976 a
1927 1937 1985 1978 se
2026 1933 2081 1979 et
2109 1939 2139 1979 a

546 2026 636 2067 me
690 2022 1029 2068 servaturum
1050 2052 1065 2079 ,
1093 2012 1572 2069 consentientibus
1606 2012 1855 2072 ﬁdelibus
1903 2014 2046 2071 illius
2076 2030 2142 2072 ac

545 2103 749 2159 nostris
810 2112 975 2174 atque
1057 2103 1365 2176 apostolicae
1423 2105 1569 2161 sedis
1612 2104 1856 2178 legatis,
1924 2106 2139 2179 legente

543 2191 843 2257 Gauzlcno,
903 2192 1259 2258 denuntiavit,
1308 2192 1633 2248 canonicum
1699 2194 2037 2267 privilegium
2083 2204 2138 2253 et

541 2284 779 2340 debitam
806 2285 977 2357 legem
1011 2292 1173 2355 atque
1196 2284 1462 2356 justitiam
1484 2285 1836 2353 conservabo,
1869 2296 1924 2343 et
1952 2286 2137 2343 defen-

542 2375 773 2441 sionem,
808 2383 1071 2447 quantum
1096 2383 1342 2447 potuero,
1372 2375 1663 2447 adjuvante
1693 2376 1942 2445 Domino,
1983 2377 2136 2433 exhi-

540 2468 704 2535 bebo,
759 2469 900 2524 sicut
962 2484 1053 2522 rex
1095 2468 1148 2522 in
1179 2482 1278 2524 suo
1319 2483 1487 2541 regno
1540 2469 1832 2540 unicuique
1878 2469 2135 2541 episcopo

541 2573 596 2617 et
652 2561 894 2618 ecclesia:
945 2561 1049 2617 sibi
1102 2561 1408 2618 commissa:
1456 2575 1558 2633 per
1617 2569 1826 2617 rectum
1874 2562 2133 2620 exhibere

539 2654 737 2711 debet.-

620 2794 623 2799 .
676 2746 792 2800 Hoc
823 2756 898 2802 est
928 2746 1218 2817 capitulum
1247 2746 1387 2818 quod
1419 2746 1504 2801 hic
1530 2759 1992 2803 commemoratur.

608 2837 687 2894 De
727 2837 936 2894 honore
966 2853 1182 2909 (tuoque
1203 2846 1258 2894 et
1289 2838 1457 2903 cultu,
1490 2838 1603 2895 vide
1629 2855 1791 2910 supra
1814 2838 1918 2894 col.
1946 2841 2056 2897 775
2078 2848 2127 2896 et

494 2918 497 2922 ’
548 2930 655 2987 780
686 2946 848 3002 usque
869 2937 1177 2986 conservet.

2314 1912 2518 1985 δωριτὶ
2545 1915 2782 1971 traditio.
2820 1916 3022 1988 Accipe
3058 1927 3358 1989 sceptrum,
3396 1922 3547 1993 regia:
3578 1930 3758 1993 potesta-

2235 2004 2312 2061 tis
2341 2004 2571 2078 insigne,
2599 2006 2805 2079 virgam
2834 2008 3042 2064 scilicet
3065 2019 3271 2066 rectam
3289 2013 3465 2084 regni,
3483 2013 3659 2085 virgam
3677 2015 3756 2070 vir-

2242 2096 2407 2153 tutis:
2445 2112 2550 2168 qua
2581 2107 2634 2155 te
2670 2099 2842 2170 ipsum
2869 2099 3006 2156 bene
3036 2115 3214 2173 regas,
3245 2112 3484 2159 sanctam
3508 2104 3754 2171 ecclesiam,
3856 2102 3857 2105 “

2233 2188 2492 2258 populum
2518 2189 2766 2246 videlicet
2820 2190 3179 2247 christianum
3233 2192 3329 2248 tibi
3363 2208 3392 2248 ι
3432 2193 3755 2250 Deocommis-

2236 2291 2379 2345 sum,
2429 2280 2574 2351 regia
2618 2281 2820 2335 virtute
2878 2285 2948 2336 ab
2989 2280 3254 2352 improbis
3298 2282 3566 2350 delendas,
3611 2299 3756 2355 pravos

2236 2371 2502 2442 corrigas,
2528 2381 2709 2429 rectos
2728 2380 2787 2427 ut
2835 2372 2978 2428 viam
3014 2384 3222 2429 rectam
3266 2383 3454 2430 tenere
3486 2375 3667 2446 possint
3693 2384 3756 2430 tuo

2231 2461 2518 2533 juvamine
2563 2464 2801 2535 dirigas:
2845 2473 3115 2535 quatenus
3143 2467 3212 2521 de
3252 2466 3527 2538 temporali
3564 2467 3756 2538 regnoad
3856 2450 3857 2523 ἓ

2231 2564 2495 2612 aeternum
2542 2572 2769 2629 regnum
2813 2558 3119 2630 pervenias,
3182 2558 3303 2629 ipso
3344 2558 3613 2628 adiuvante
3649 2556 3755 2626 cujus

2226 2661 2459 2718 regnum
2514 2657 2571 2706 et
2610 2649 2898 2722 imperium
2931 2652 3050 2709 sine
3096 2652 3205 2709 fine
3248 2651 3752 2724 permanetiasecula

2226 2740 2560 2796 seculorum.
2585 2742 2779 2798 Amen.
3209 2815 3214 2819 μ

2299 2830 2715 2891 Βθηεάὶοιὶοηρδ.
2767 2835 3030 2894 Dominus
3087 2837 3235 2896 Deus
3301 2841 3652 2912 omnipotens,
3691 2836 3753 2907 qui

2225 2922 2368 2978 dixit
2400 2924 2465 2980 ad
2498 2924 2739 2997 Moysem
2788 2943 3007 2984 servum
3057 2945 3242 2997 suum,
3296 2930 3513 3003 loquele
3532 2931 3596 2986 ad
3624 2932 3753 2987 Aam

607 3019 1002 3076 Benedictiaues
1017 3037 1172 3091 super
1189 3019 1554 3076 Illudawicum
1576 3037 1743 3094 regem
1765 3023 1943 3093 factm.
1961 3022 2124 3090 Deus,
2219 3014 2453 3071 {mtrem
2488 3025 2662 3087 tuum,
2685 3029 2740 3077 et
2765 3019 2832 3076 ad
2853 3019 2993 3076 ﬁlios
3020 3021 3139 3092 ejus
3162 3021 3375 3089 dicens,
3400 3024 3476 3080 sic
3493 3021 3754 3079 benedicens

537 3114 628 3186 qui
668 3112 879 3185 populis
908 3113 1014 3168 tuis
1035 3113 1233 3169 virtute
1261 3114 1501 3170 consulis
1525 3122 1578 3169 et
1595 3128 1782 3171 amore
1804 3115 2123 3181 dominaris,

2228 3121 2426 3179 populo
2448 3123 2598 3176 meo,
2632 3120 2688 3165 et
2711 3125 2814 3179 ego
2857 3111 3177 3168 benedicam
3208 3113 3281 3179 ei,
3308 3114 3580 3171 benedicat
3614 3109 3753 3177 tibi,el

538 3206 606 3260 da
634 3205 761 3259 huic
792 3202 992 3259 famulo
1023 3212 1113 3259 tuo
1158 3204 1407 3275 spiritum
1439 3205 1718 3276 sapientiae
1754 3220 1878 3262 cum
1910 3206 2129 3279 regimi-
2157 3193 2201 3256 C
2230 3200 2502 3255 custodiat
2530 3208 2603 3256 te.
2629 3201 2824 3258 Amen.

536 3313 607 3355 ne
641 3297 969 3370 discipline;
1023 3303 1081 3351 ut
1118 3296 1214 3352 tibi
1271 3305 1381 3352 toto
1410 3298 1579 3354 corde
1607 3299 1854 3366 devotus,
1887 3300 1942 3355 in
1974 3299 2126 3371 regni

536 3390 800 3461 regimine
848 3394 1064 3444 maneat
1123 3402 1338 3460 semper
1374 3389 1620 3457 idoneus,
1678 3399 1873 3462 tuoque
1900 3406 2127 3449 munere

536 3481 707 3551 ipsius
734 3478 1065 3551 temporibus
1093 3479 1357 3547 securitas
1381 3479 1634 3537 Ecclesia:
1677 3480 1962 3553 dirigatur,
1995 3483 2124 3538 etin

537 3573 929 3645 tranquillitate
998 3572 1216 3631 devotio
1273 3572 1571 3630 christiana
1629 3584 1969 3647 permaneat.
2021 3574 2124 3631 Per

531 3666 846 3723 Dominum.

650 3758 762 3811 acri
796 3755 898 3812 olei
932 3757 1153 3828 infusio.
1204 3757 1560 3831 Omnipotens
1593 3761 1923 3832 sempiterno
1954 3759 2120 3828 Deus,

529 3855 746 3904 creator
764 3857 817 3902 et
839 3850 1172 3921 gubernator
1188 3850 1312 3906 coeli
1347 3860 1402 3908 et
1438 3860 1611 3917 teme,
1646 3852 1896 3909 conditor
1922 3861 1977 3908 et
2003 3852 2120 3909 dis-

527 3940 736 4013 positor
764 3940 1078 4013 angelorum
1107 3951 1163 3999 et
1191 3943 1491 4013 hominum,
1534 3944 1628 4015 qui
1653 3944 1923 4000 Abraham
1945 3944 2120 3999 famu-

530 4032 642 4089 lum
693 4041 846 4087 tuum
879 4033 947 4090 de
976 4034 1221 4092 hostibus
1246 4035 1581 4105 triumphare
1620 4034 1817 4103 fecisti,
1864 4034 2034 4107 Moysi
2065 4044 2120 4092 et

527 4123 691 4180 Josue
712 4123 910 4195 populo
945 4133 1036 4181 tuo
1060 4124 1300 4195 praelatis
1334 4125 1683 4195 multiplicem
1711 4125 1995 4181 victoriam
2021 4126 2119 4181 tri-

524 4213 713 4275 buisti,
750 4212 1007 4268 humilem
1049 4228 1265 4283 quoque
1305 4214 1471 4269 David
1499 4229 1728 4284 puerum
1782 4224 1930 4270 tuum
1964 4215 2116 4287 regni

526 4303 747 4374 fastigio
774 4302 1098 4368 sublimasti,
1126 4319 1360 4374 eumque
1384 4304 1449 4360 de
1477 4319 1572 4360 ore
1596 4304 1769 4360 leonis
1790 4313 1851 4360 et
1871 4305 1938 4361 de
1953 4320 2116 4361 manu

522 4397 713 4453 bestia:
760 4404 921 4467 atque
960 4395 1148 4464 Goliae,
1189 4396 1283 4453 sed
1324 4405 1380 4453 et
1405 4397 1472 4453 de
1506 4396 1683 4468 gladio
1713 4397 1946 4470 maligno
1984 4396 2114 4454 Saul

523 4496 576 4543 et
633 4488 877 4543 omnium
909 4487 1256 4544 inimicorum
1304 4489 1424 4560 ejus
1460 4488 1722 4556 liberasti,
1758 4498 1813 4546 et
1864 4489 2111 4546 Salomo-

2299 3288 2572 3347 lllumiuet
2598 3290 2795 3349 faciem
2826 3307 2982 3349 suam
3009 3308 3173 3366 super
3195 3303 3273 3363 te,
3292 3303 3356 3352 et
3384 3297 3669 3352 misereatur
3682 3289 3748 3346 tui.

2225 3380 2421 3438 Amen.

2294 3472 2591 3529 Convertat
2622 3473 2825 3531 vultum
2877 3490 3034 3533 suum
3073 3477 3143 3533 ad
3194 3486 3271 3546 te,
3299 3487 3358 3537 et
3401 3480 3555 3536 donet
3577 3476 3655 3534 tibi
3685 3488 3750 3546 pa-

2223 3579 2363 3621 cem.
2396 3567 2589 3624 Amen.

2293 3660 2567 3717 Extendat
2588 3663 2868 3720 dexteram
2907 3680 3020 3721 sua:
3040 3662 3482 3732 benedictionis,
3502 3673 3553 3721 et
3572 3658 3751 3718 adundat

2220 3767 2385 3825 super
2438 3764 2491 3809 te
2525 3755 2728 3811 donum
2770 3771 2884 3811 sua:
2945 3757 3371 3827 propitiationis,
3424 3765 3481 3813 et
3517 3752 3751 3812 circumdet

2221 3853 2274 3898 te
2327 3842 2474 3899 felici
2534 3860 2693 3901 muro
2751 3846 3010 3901 custodite
3065 3861 3178 3902 sua:
3231 3836 3608 3918 protectionis,
3658 3855 3751 3897 san-

2218 3942 2323 3990 cta:
2338 3933 2523 3991 Maria
2543 3943 2599 3991 et
2617 3937 2858 3991 omnium
2877 3924 3192 3993 sanctorum
3221 3936 3659 3996 intercedentibus
3674 3944 3749 3989 me-

2218 4027 2359 4082 ritis.
2384 4028 2579 4082 Amen.

2288 4118 2571 4191 indulgeat
2608 4120 2702 4176 tibi
2742 4121 2881 4176 mala
2922 4122 3106 4178 omnia
3154 4137 3281 4194 qua:
3328 4122 3566 4197 gessisti,
3603 4128 3647 4175 et
3678 4116 3746 4171 tri-

2216 4212 2347 4268 buat
2370 4212 2463 4269 tibi
2490 4214 2724 4286 gratiam
2772 4222 2831 4271 et
2858 4215 3299 4273 misericordiam
3327 4232 3487 4289 quam
3532 4210 3749 4271 humiliter

2225 4306 2295 4361 ab
2355 4320 2421 4362 eo
2469 4306 2737 4378 deposcis.
2800 4307 3109 4380 liberetque
3162 4317 3215 4366 te
3272 4310 3344 4366 ab
3395 4302 3748 4365 adversitatilms

2216 4396 2430 4455 cunctis
2459 4404 2516 4453 et
2547 4397 2801 4455 omnibus
2830 4399 3126 4457 visibilium
3185 4400 3531 4457 inimicorum
3572 4390 3746 4451 insidiis.

2214 4489 2410 4545 Amen.

525 4594 652 4636 nem
698 4581 976 4652 sapientiae
1022 4580 1276 4653 pacisque
1328 4579 1584 4637 ineffabili
1638 4597 1861 4637 munere
1906 4582 2111 4649 ditasti,
2144 4566 2193 4628 Ι)
2287 4580 2605 4654 Multiplicet
2636 4582 2770 4639 inte
2798 4582 3134 4653 copiamsuze
3154 4581 3565 4647 benedictionis,
3583 4588 3630 4635 et
3647 4587 3743 4632 con-

524 4672 759 4743 respice,
781 4687 1119 4743 quaesumus,
1144 4673 1211 4729 ad
1233 4686 1424 4743 preces
1460 4673 1783 4730 humilitatis
1812 4682 2030 4740 nostrae,
2062 4683 2117 4729 et

522 4764 671 4817 hunc.
731 4760 994 4817 famulum
1048 4772 1199 4818 tuum
1261 4762 1557 4819 virtutibus
1612 4763 1806 4834 quibus
1862 4762 2116 4835 praefatos

522 4855 712 4911 ﬁdeles
745 4863 865 4912 tuos
884 4854 1181 4919 decorasti,
1205 4856 1487 4928 multiplici
1517 4857 1740 4912 honoris
1781 4857 2115 4913 benedictio-

520 4963 589 5003 ne
615 4948 937 5015 condecore,
966 4956 1023 5004 et
1049 4948 1100 5003 in
1146 4948 1296 5019 regni
1328 4949 1587 5018 regimine
1616 4947 1920 5004 sublimiter
1950 4948 2115 5004 collo-

520 5057 606 5108 ca,
637 5051 693 5098 et
721 5042 842 5098 oleo
868 5040 1055 5113 gratia:
1083 5040 1316 5113 Spiritus
1346 5041 1517 5096 sancti
1562 5041 1634 5095 tui
1678 5040 2113 5112 perunge,.unde

519 5133 724 5187 unxisti
766 5123 1095 5198 sacerdotes,
1143 5146 1315 5204 reges,
1366 5132 1682 5201 prophetas,
1721 5140 1775 5185 et
1819 5141 2107 5203 martyres,

518 5226 609 5295 qui
635 5240 734 5297 per
756 5226 914 5282 ﬁdem
941 5225 1194 5281 vicerunt
1240 5238 1430 5295 regna,
1463 5232 1518 5278 et
1552 5223 1760 5295 operati
1791 5232 1915 5279 sunt
1948 5223 2113 5293 justi-

520 5320 675 5385 tiam,
703 5326 868 5390 atque
894 5318 1072 5390 adepti
1113 5324 1241 5373 sunt
1276 5317 1683 5387 promissiones.
1722 5315 1889 5388 Cujus
1927 5332 2102 5373 sacra-

520 5408 730 5465 tissima
753 5408 938 5465 unctio
975 5423 1138 5479 super
1162 5415 1323 5478 caput
1346 5405 1464 5477 ejus
1490 5408 1709 5475 deﬂuat,
1742 5417 1904 5479 atque
1934 5410 2002 5463 ad
2034 5408 2110 5462 in-

516 5503 719 5557 teriora
742 5502 859 5573 ejus
892 5500 1211 5567 descendat,
1241 5510 1297 5555 et
1335 5500 1514 5555 cordis
1544 5499 1689 5555 illius
1726 5500 1913 5554 intima
1943 5514 2108 5569 pene-

517 5602 643 5659 tret,
686 5603 742 5648 et
781 5593 1253 5664 promissionibus,
1286 5607 1422 5662 quas
1458 5592 1638 5662 adepti
1674 5596 1806 5647 eunt
1850 5591 2107 5646 victorio-

515 5685 716 5740 sissimi
744 5700 920 5756 reges,
952 5685 1125 5756 gratia
1158 5695 1248 5740 tua
1280 5684 1475 5755 dignus
1513 5682 1805 5752 eliiciatur;
1839 5692 2107 5754 quatenus

516 5785 572 5831 et
601 5777 651 5830 in
680 5778 944 5846 praesenti
978 5777 1158 5833 seculo
1194 5775 1426 5834 feliciter
1465 5788 1673 5848 regnet,
1722 5786 1778 5834 et
1805 5777 1871 5834 ad
1913 5791 2102 5834 eorum

2219 4670 2400 4727 ﬁrmet
2430 4672 2483 4727 in
2516 4688 2612 4743 spe
2634 4674 2786 4745 regni
2820 4672 3081 4730 caelestis.
3115 4675 3313 4732 Amen.

2288 4763 2456 4820 Actus
2514 4773 2635 4820 tuos
2687 4767 2957 4837 corrigat,
3036 4767 3201 4822 vitam
3269 4766 3548 4831 emendet,
3611 4769 3746 4817 mores

2220 4864 2536 4928 componat,
2593 4867 2648 4912 et
2680 4865 2733 4913 te
2755 4858 2821 4913 ad
2882 4859 3122 4916 caelestis
3172 4860 3412 4931 paradisi
3450 4855 3746 4916 hereditatem

2221 4949 2503 5020 perducat.
2533 4947 2727 5011 Amen,

2288 5034 2512 5109 Talique
2538 5038 2839 5096 intentione
2864 5040 3060 5113 repleri
3086 5041 3267 5100 valeas
3297 5058 3419 5115 quae
3442 5042 3489 5099 ei
3514 5042 3563 5097 in
3598 5047 3745 5109 pelliti“

2216 5138 2368 5184 tuum
2401 5128 2634 5199 placeat.
2664 5131 2859 5187 Amen.

2282 5221 2520 5294 Angelos
2543 5237 2672 5278 suos
2709 5223 2883 5280 bonos
2906 5239 3125 5295 semper
3149 5232 3203 5282 et
3232 5225 3451 5296 ubique,
3478 5225 3561 5295 qui
3584 5229 3629 5274 ιθ
3646 5227 3744 5288 μιν

2214 5314 2432 5382 cedant,
2467 5314 2820 5382 comitentur,
2864 5324 2918 5371 et
2947 5316 3370 5387 subsequantur,
3401 5316 3467 5372 ad
3494 5308 3741 5371 custodiam

2214 5409 2290 5464 tui
2313 5418 2510 5480 ponat;
2551 5419 2607 5466 et
2631 5426 2662 5465 a
2704 5419 2949 5480 peccato,
2980 5426 3078 5466 seu
3115 5411 3317 5483 gladio,
3363 5423 3421 5467 et
3461 5410 3524 5465 ab
3546 5403 3740 5462 omnium

2211 5503 2576 5574 periculorum
2632 5502 2948 5559 discrimine
2998 5503 3066 5559 de
3126 5518 3223 5559 sua
3288 5503 3522 5559 potentia
3567 5496 3736 5552 liberel-

2209 5597 2403 5652 Amen.

2282 5692 2530 5747 Inimicos
2559 5701 2678 5748 tuos
2707 5692 2774 5747 ad
2818 5693 2971 5762 pacis
3010 5693 3363 5762 caritatisque
3404 5683 3734 5758 benignitatem

2210 5792 2510 5850 convertat,
2543 5792 2597 5838 et
2642 5782 2953 5840 odientibus
2999 5795 3051 5841 te
3083 5785 3375 5856 gratiosum
3407 5790 3457 5837 et
3498 5769 3733 5832 amabilem
