3924 6318
136 351 240 413 785

1126 352 1557 413 FRANCORUM
1595 352 1836 412 REGUM
1868 351 2357 412 CAPITULARIA.

3301 358 3408 414 78G

138 466 315 525 lactat.
337 465 655 527 Pertinaces
680 479 896 540 quoque
936 465 991 524 in
1022 468 1098 527 tui
1130 467 1486 526 insectatione
1512 475 1567 525 et
1595 467 1720 525 odio
1747 478 1799 537 Α
1824 481 2030 540 regem,
2059 476 2115 524 et
2141 467 2196 524 in
2226 467 2481 539 praesenti
2511 466 2695 526 seculo
2729 468 2944 528 felicem
2969 479 3027 527 et
3052 477 3271 528 aeterne:
3296 471 3417 529 feli-

138 560 453 618 confusione
476 559 702 616 salutari
734 559 945 616 induat.
972 558 1149 630 Super
1193 568 1247 617 te
1269 568 1452 617 autem
1475 559 1720 619 sanctiﬁ-

140 653 280 710 catio
302 654 639 725 sempiterna
678 650 943 709 cﬁioreat.
970 652 1144 708 Amen

210 743 567 800 Victoriosum
588 751 642 801 te
665 752 830 815 atque
854 743 1307 813 triumphatorem
1328 742 1397 799 de
1415 741 1719 800 visibitibus

139 841 296 907 atque
323 833 686 891 invisibilihus
711 833 960 890 hostibus
985 832 1242 890 Dominus
1262 847 1477 906 semper
1496 832 1718 903 eﬁiciat,

140 935 200 984 et
222 924 393 982 sancti
422 925 660 983 nominis
703 927 787 983 sui
822 926 1075 982 timorem
1122 925 1328 997 pariter
1373 934 1429 982 et
1475 941 1718 983 amorem

141 1016 393 1074 continue
415 1016 567 1074 cordi
597 1023 692 1074 tuo
713 1016 983 1083 infundat,
1005 1015 1137 1072 etin
1170 1016 1274 1072 tide
1299 1025 1449 1073 recta
1476 1033 1543 1075 ac
1562 1018 1723 1075 bonis

141 1107 391 1180 operibus
432 1107 889 1179 perseverabilem
934 1107 1150 1172 reddat,
1195 1116 1252 1163 et
1284 1123 1419 1179 pace
1445 1108 1502 1165 in
1533 1109 1728 1166 diebus

142 1198 247 1255 tuis
269 1212 551 1266 concessa,
578 1214 701 1255 cum
729 1213 929 1256 corona
963 1198 1204 1256 victoriae
1229 1199 1297 1256 ad
1320 1209 1643 1272 perpetuum
1673 1207 1733 1258 te

141 1303 364 1362 regnum
389 1291 673 1363 perducat.
696 1290 892 1347 Amen.

212 1380 276 1437 Et
298 1381 397 1453 qui
426 1389 480 1440 te
520 1381 693 1439 voluit
720 1396 885 1453 super
913 1381 1172 1454 populum
1199 1397 1357 1438 suum
1396 1381 1730 1440 constituere

1827 558 2009 615 citatis
2039 559 2240 614 tribuat
2268 573 2390 616 esse
2418 569 2747 617 consortem.
2779 561 2974 618 Amen.

1895 647 2112 705 Clerum
2143 663 2210 705 ac
2239 649 2516 722 populum,
2540 667 2704 722 quem
2732 668 2830 709 sua
2856 653 3027 709 voluit
3052 662 3425 725 opttu.attone

1826 749 1933 797 tua:
1967 742 2201 799 subdere
2232 743 2444 811 ditioni,
2490 760 2586 801 sua
2615 745 3025 818 dispensatione
3051 757 3105 804 et
3131 757 3221 802 tua
3252 748 3421 804 admi-

1823 833 2147 891 nistratione
2190 852 2287 908 per
2316 838 2575 895 diuturna
2603 849 2849 912 tempora
2894 852 2948 899 te
2986 840 3153 898 faciat
3187 841 3423 898 feliciter

1825 923 2129 996 gubernare
2156 940 2173 980 :
2196 941 2305 998 quo
2331 927 2534 985 divinis
2563 932 2785 988 monitis
2816 944 3094 1003 parentes,
3123 933 3422 989 adversita-

1825 1017 1971 1073 tibus
1997 1018 2211 1075 cunctis
2241 1028 2513 1088 carentes,
2546 1022 2704 1079 bonis
2736 1024 2989 1081 omnibus
3032 1024 3420 1087 exnberantes,

1826 1115 1931 1165 tuo
1960 1108 2438 1169 ’ministerioﬁdeli
2484 1129 2673 1170 amore
2700 1096 3082 1187 obsequentes,
3109 1123 3168 1172 et
3194 1116 3248 1171 in
3278 1131 3422 1186 prae-

1827 1204 1969 1260 senti
2014 1205 2200 1261 seculo
2237 1205 2812 1277 pacistranquilhtate
2857 1206 3129 1273 fruantur,
3161 1214 3216 1260 et
3244 1214 3421 1261 tecum

1827 1297 2161 1351 tetérnorum
2237 1296 2437 1351 civium
2501 1296 2780 1352 consortio
2849 1298 3025 1369 potiri.
3086 1283 3423 1354 mercantur.

1830 1381 2028 1440 Amen.
2054 1385 2209 1454 Quod
2237 1386 2352 1458 ipse
2377 1396 2641 1459 praestare
2670 1387 2944 1458 dignetur.

447 1536 843 1598 HLUDOWICI
877 1537 1191 1597 JUNIORIS
1229 1540 1318 1596 ET
1357 1538 1752 1604 HLUDOWICI
1789 1542 2046 1600 KAROLI
2085 1544 2148 1600 Ε.
2189 1543 2606 1603 CONVENTUS
2639 1548 3098 1608 FURONENSIS.

1488 1694 1617 1770 (An.
1654 1698 1779 1757 878.
1818 1699 1960 1757 Nov.
1993 1700 2068 1771 1.)

138 1876 774 1956 manentia-"quiem!"
819 1880 1101 1956 gloriosos_
1129 1896 1308 1952 reges,
1361 1879 1732 1956 ﬁtudowi'cum
1763 1866 1809 1927 Β
1836 1889 1891 1935 et
1915 1877 2404 1947 Karolomannum,
2430 1892 2485 1938 et
2521 1882 2655 1938 alios
2687 1896 2824 1954 quos
2852 1883 3034 1940 divina
3072 1882 3247 1956 pietas
3292 1883 3433 1942 mihi

208 1950 380 2023 ﬂium
426 1948 1032 2023 Kuroiiimpefatoris,
1084 1948 1310 2023 iteuique
1361 1951 1732 2023 "(mimicum

208 2019 391 2093 filium
402 2018 891 2093 regisLHludotoici,
912 2024 968 2078 in
990 2018 1105 2077 [nco
1126 2018 1455 2093 qui'rocatnr
1473 2020 1732 2093 Furonis,

212 2088 486 2146 Kalendas
510 2088 846 2161 ANovembris,
875 2094 999 2159 ipsis
1023 2107 1073 2147 et
1099 2088 1463 2147 communibus
1492 2091 1736 2161 ﬁdelibus

208 2162 440 2232 ipsorum
492 2159 784 2232 faventibus
830 2173 880 2218 et
925 2164 1393 2227 consentientibus,
1434 2159 1579 2232 facta
1631 2172 1731 2228 est,

207 2229 351 2286 anno
384 2229 764 2301 incarnationis
792 2233 1072 2287 dominicw
1096 2233 1220 2297 879,
1252 2229 1537 2288 indictione
1566 2248 1632 2301 tt,
1650 2232 1737 2287 di-

207 2310 357 2355 cente
387 2316 503 2372 rege
533 2298 843 2357 Hludowico
873 2302 985 2372 ﬁlio
1020 2302 1211 2358 Karoli
1243 2322 1262 2361 :

208 2388 367 2447 Sicut
395 2390 539 2447 inter
561 2401 771 2462 patrem
806 2400 986 2450 meum
1015 2393 1271 2450 Karotum
1297 2404 1359 2451 et
1376 2402 1585 2466 patrem
1634 2408 1728 2451 ve-

149 2492 328 2539 strum
381 2479 755 2540 Hludowicum
803 2500 1027 2557 regnum
1051 2484 1315 2542 Hlotharii
1346 2486 1577 2542 divisum
1613 2484 1735 2551 fuit,

141 2572 394 2630 volumus
442 2582 504 2630 nt
536 2574 615 2631 ita
661 2576 953 2633 consistat.
993 2576 1062 2633 Et
1106 2577 1153 2633 si
1197 2575 1393 2648 aliquis
1422 2585 1735 2634 nostrorum

143 2662 396 2721 ﬁdelium
423 2664 494 2722 de
538 2680 713 2740 regno
746 2668 891 2739 paris
931 2669 1014 2725 sui
1044 2683 1114 2725 ex
1141 2669 1245 2725 hoc
1272 2669 1476 2740 aliquid
1519 2667 1740 2742 purpri-

141 2770 265 2812 sum
293 2755 477 2824 habet,
497 2756 653 2830 jussu
684 2767 873 2815 nostro
899 2759 1028 2815 illud
1057 2759 1321 2816 dimittat.

204 2850 292 2907 De
335 2865 506 2923 regno
548 2865 677 2908 vero
705 2852 849 2923 quod
878 2851 1224 2909 Hludowicus
1252 2853 1548 2924 imperator
1572 2851 1742 2909 Italire

140 2941 357 3028 h'bnit,
382 2941 513 3014 quia
535 2958 635 3000 nec
662 2943 791 3000 dum
814 2959 880 3001 ex
909 2944 1002 3000 illo
1031 2945 1213 3016 aliqua
1245 2945 1441 3002 divisio
1465 2944 1610 3001 facta
1632 2953 1740 3012 est,

142 3036 479 3107 quicumque
514 3038 675 3093 modo
709 3036 837 3094 illud
874 3045 1042 3106 tenet,
1071 3037 1144 3093 ita
1176 3045 1382 3105 teneat,
1413 3037 1587 3093 donec
1629 3036 1740 3092 Do-

140 3126 294 3184 mino
318 3126 538 3184 volente
564 3128 762 3184 iterum
797 3127 961 3183 simul
997 3130 1298 3194 venientes,
1337 3144 1460 3184 cum
1496 3141 1742 3184 commu-

138 3220 306 3276 nibus
330 3219 579 3276 ﬁdelibus
599 3220 799 3276 nostris
821 3220 1157 3277 inveniamus
1184 3228 1239 3276 et
1262 3218 1592 3277 diﬁiniamus
1611 3219 1743 3291 quid
1772 3232 1817 3297 ρ

140 3324 208 3368 ex
242 3310 351 3366 hoc
379 3311 572 3367 melius
598 3320 655 3367 et
684 3312 887 3384 justius
919 3312 1074 3368 nobis
1103 3312 1276 3368 visum
1310 3311 1493 3368 fuerit.

221 3404 300 3460 De
329 3419 500 3475 regno
526 3412 704 3461 autem
732 3405 917 3472 Italitr,
946 3405 1074 3476 quia
1104 3405 1266 3461 modo
1287 3405 1431 3461 nulla
1459 3405 1599 3460 ratio
1622 3417 1744 3460 esse

143 3503 348 3564 potest,
377 3507 570 3552 omnes
614 3495 814 3563 sciant,
856 3496 985 3567 quia
1015 3503 1227 3568 partem
1273 3504 1517 3551 nostram
1555 3495 1623 3554 de
1654 3494 1745 3549 illo

148 3602 319 3660 regno
368 3598 426 3646 et
476 3590 865 3661 requisivimus
893 3598 949 3647 et
1002 3590 1354 3662 requirimus,
1403 3597 1461 3646 et
1515 3587 1755 3645 Domino,

150 3679 452 3738 auxiliante
480 3680 847 3752 requiremus.

807 3784 1100 3827 CAPITULA.

513 3858 628 3915 lsta
651 3861 887 3933 sequenti
911 3859 997 3915 die
1017 3867 1219 3916 statuta
1244 3868 1389 3915 sunt.

224 3953 280 4007 1.
326 3953 395 4011 Ut
419 3955 547 4024 quia
572 3955 808 4012 ﬁrmitas
833 3955 1087 4012 amicitiae
1124 3963 1181 4012 et
1220 3953 1620 4026 majunctionis
1649 3968 1749 4010 no-

159 4050 283 4098 stne
311 4044 846 4117 modo,-quibusdam
875 4047 1332 4118 praepedientibus
1376 4047 1582 4113 causis,
1629 4060 1752 4103 esse

163 4146 267 4188 non
311 4137 508 4206 potuit,
552 4151 734 4208 usque
772 4137 841 4193 ad
888 4137 1019 4193 illud
1047 4138 1332 4209 placitum,
1361 4153 1472 4209 quo
1500 4136 1664 4194 simul
1694 4146 1754 4193 ut

168 4229 548 4285 cottvcniamus
573 4240 835 4285 statutum
867 4226 1154 4297 habemus,
1179 4229 1302 4286 talis
1330 4230 1476 4285 enim
1511 4227 1752 4285 amicitia

170 4316 305 4373 inter
332 4336 432 4378 nos
461 4322 707 4377 manebit
737 4321 968 4379 Domino
994 4322 1291 4377 auxiliante
1320 4321 1389 4377 de
1415 4322 1582 4377 corde
1616 4335 1756 4391 puro

170 4417 225 4464 ct
260 4413 594 4470 conscientia
624 4414 764 4469 bona
796 4421 851 4468 et
895 4412 1001 4467 ﬁde
1031 4427 1137 4469 non
1168 4413 1314 4480 ﬁcta,
1343 4420 1403 4467 ut
1450 4425 1613 4468 nemo
1656 4426 1756 4467 suo

172 4505 284 4570 pari
336 4508 524 4574 vitam,
576 4522 800 4578 regnum
854 4514 950 4562 aut
996 4504 1181 4562 ﬁdeles
1234 4519 1381 4570 suos,
1417 4503 1504 4559 vel
1552 4503 1756 4574 aliquid

1839 1972 2044 2029 donare
2071 1971 2325 2040 voluerit,
2358 1984 2418 2031 ut
2446 1991 2669 2048 regnum
2699 1984 2987 2047 paternum
3012 1977 3196 2048 quiete
3242 1986 3430 2032 tenere

1837 2064 2071 2135 possint,
2094 2065 2350 2123 similiter
2380 2076 2436 2123 et
2471 2067 2701 2124 consilio
2722 2076 2777 2124 et
2799 2068 3023 2137 auxilio,
3044 2079 3208 2140 prout
3238 2069 3434 2126 melius

1837 2158 2149 2230 potueritis,
2173 2169 2236 2217 ut
2262 2160 2533 2230 adiuvetis
2560 2176 2712 2234 rogo.

1910 2273 1967 2329 4.
2009 2272 2082 2331 Ut
2110 2274 2154 2330 si
2199 2274 2367 2345 aliqui
2412 2290 2738 2332 susurrones
2765 2285 2821 2333 et
2852 2275 3215 2341 detractores,
3242 2283 3299 2333 et
3334 2276 3441 2347 qui-

1837 2363 1960 2436 paci
2001 2372 2201 2420 nostra:
2232 2365 2473 2422 invident
2516 2374 2573 2421 ct
2612 2369 2854 2438 quietum
2898 2383 3122 2438 regnum
3157 2382 3279 2423 esse
3324 2383 3455 2420 ηοιι-

1837 2455 2142 2526 patiuntur,
2177 2456 2320 2512 inter
2361 2470 2462 2511 nos
2491 2455 2615 2512 lites
2665 2465 2720 2513 et
2748 2458 3126 2514 contentiones
3163 2458 3435 2527 atquctdi-

1840 2550 2085 2607 scordias
2130 2550 2403 2607 seminare
2445 2549 2748 2617 voluerint,
2798 2550 2975 2606 nullus
3027 2559 3275 2606 nostrum
3330 2551 3447 2605 hoe“

1840 2627 2069 2712 recipiat
2094 2649 2188 2695 aut
2228 2640 2461 2697 libenter
2483 2649 2746 2712 acceptct,
2781 2642 2884 2696 nisi
2916 2640 3055 2696 forte
3098 2642 3202 2697 hoc
3237 2640 3305 2696 ad
3347 2657 3434 2694 ra-

1841 2733 2043 2789 tionem
2073 2748 2257 2790 coram
2301 2733 2457 2790 nobis
2480 2735 2728 2806 utrisque
2766 2744 2819 2791 et
2840 2735 3223 2791 communibus
3255 2732 3438 2788 ﬁdeli-

1842 2823 1947 2880 bus
1973 2824 2173 2880 nostris
2196 2822 2496 2895 perducere
2521 2825 2775 2881 voluerit.
2807 2825 2865 2881 Si
2896 2840 3025 2880 vero
3053 2826 3157 2881 hoc
3181 2824 3435 2890 noluerit,

1844 2930 1967 2973 cum
1994 2917 2144 2973 nullo
2174 2925 2420 2972 nostrum
2459 2917 2694 2989 aliquam
2724 2918 3039 2975 societatem
3088 2918 3308 2982 habeat,
3343 2917 3437 2973 sed

1843 3021 2035 3064 omnes
2067 3008 2238 3075 illum,
2271 3008 2413 3065 sicut
2441 3011 2759 3067 mendacem
2783 3018 2839 3067 et
2865 3010 3181 3067 talsatorcm
3215 3019 3271 3067 et
3297 3010 3443 3065 inter

1846 3095 2047 3154 fratres
2087 3098 2359 3155 volentem
2404 3101 2680 3158 seminare
2714 3102 3035 3170 discordias,
3077 3104 3442 3159 communiter

1849 3205 1880 3245 a
1906 3191 2067 3275 nobis
2114 3192 2434 3259 abiciamus,
2476 3206 2545 3250 ne
2572 3194 2640 3250 de
2665 3203 2850 3251 cetero
2877 3196 3105 3267 quisque
3138 3194 3261 3250 talia
3291 3210 3442 3250 men-

1849 3284 2003 3339 dacia
2029 3284 2252 3341 auribus
2276 3285 2481 3342 nostris
2519 3285 2771 3343 inserere
2793 3286 3011 3342 audeat.
3167 3288 3199 3303 “

1918 3398 1975 3455 5.
2017 3398 2088 3455 Ut
2127 3400 2702 3473 communiter,,prout
2728 3401 2890 3458 citius
2923 3402 3281 3474 potuerimus,
3312 3401 3442 3456 mis-

1849 3507 1941 3549 sos
1974 3494 2287 3550 nostrosad
2317 3493 2778 3551 Karolomannum
2818 3504 2874 3551 et
2918 3494 3197 3560 Karolum,
3242 3493 3444 3565 glorio-

1848 3601 1939 3643 sos
1968 3600 2145 3657 reges,
2175 3586 2495 3658 dirigamus,
2520 3586 2612 3657 qui
2641 3601 2736 3644 eos
2764 3588 2832 3643 ad
2863 3586 3117 3658 placitum
3161 3586 3305 3657 quod
3354 3601 3449 3642 oc-

1852 3687 1975 3736 tavo
2000 3678 2125 3735 ldus
2154 3677 2435 3735 Februarii
2465 3687 2726 3735 statutum
2774 3679 3036 3736 habemus
3085 3679 3336 3747 invitent,
3364 3688 3447 3741 et,

1847 3779 1910 3828 ut
1931 3770 2239 3828 nullatenus
2259 3770 2441 3828 venire
2465 3769 2735 3836 differant,
2759 3771 3077 3833 obsecrent;
3102 3780 3156 3826 et
3181 3769 3228 3826 si
3250 3783 3444 3825 secun-

1851 3862 1979 3919 dum
2020 3863 2165 3934 quod
2213 3873 2463 3934 optamus
2511 3862 2699 3918 venire
2744 3861 3034 3929 voluerint,
3084 3861 3447 3918 communiter

1852 3967 1951 4008 nos
1978 3953 2045 4009 ad
2076 3952 2171 4009 Dei
2212 3952 2545 4008 voluntatem
2574 3961 2628 4008 et
2665 3959 2868 4008 sancta:
2898 3950 3144 4006 ecclesiae
3189 3949 3444 4006 salvatio-

1854 4058 1999 4111 nem,
2023 4059 2087 4100 ac
2114 4059 2455 4100 communem
2481 4043 2740 4100 honorem
2766 4051 3012 4098 nostrum
3036 4056 3099 4097 ac
3121 4040 3446 4111 profectum,

1854 4144 2016 4208 atque
2062 4136 2454 4191 salvamentum
2507 4134 2681 4191 totius
2715 4134 2893 4206 populi
2951 4132 3240 4190 christiani
3291 4132 3449 4188 nobis

1855 4227 2156 4293 commissi,
2201 4226 2431 4282 Domino
2476 4235 2802 4297 cooperante
2831 4226 2904 4281 ita
2949 4221 3364 4294 conjungamus,
3394 4232 3452 4276 nt

1856 4318 1923 4375 de
1951 4327 2134 4375 cetero
2160 4319 2211 4374 in
2242 4334 2308 4374 eo
2336 4318 2430 4391 qui
2459 4334 2599 4374 unus
2627 4327 2730 4386 est,
2774 4335 2942 4373 unum
2988 4319 3160 4374 simus
3202 4326 3257 4372 et
3286 4332 3450 4370 unum

1856 4411 2105 4478 velimus,
2134 4420 2189 4466 et
2219 4411 2453 4482 idipsum
2481 4410 2750 4477 dicamus,
2782 4405 3449 4478 secundum'Apostoltun,

1858 4512 1913 4559 et
1945 4504 2212 4560 faciamus
2256 4519 2471 4571 omnes,
2515 4512 2571 4560 ct
2618 4519 2725 4559 non
2757 4503 2867 4560 sint
2892 4502 2947 4558 in
2984 4501 3141 4559 nobis
3168 4500 3275 4557 ulla
3304 4500 3450 4556 schi-

176 4598 309 4666 qnod
357 4599 422 4655 ad
472 4598 702 4655 salutem
750 4598 868 4655 sive
910 4598 1333 4668 prosperitatem
1381 4610 1446 4653 ac
1490 4595 1754 4651 honorem
1784 4601 2056 4662 Dsmata.

178 4689 319 4759 regni
348 4690 605 4759 pertinet,
632 4689 902 4762 discupiat
928 4699 1023 4744 aut
1054 4687 1437 4746 t‘orsconsiliet.

238 4776 294 4830 2.
332 4777 404 4836 Ut
444 4780 493 4837 si
539 4780 595 4836 in
641 4778 1035 4850 cujuscumque
1064 4788 1311 4835 nostrum
1349 4794 1519 4851 regno
1562 4778 1760 4852 pagani

177 4866 286 4922 sive
348 4870 841 4940 pseudochristiani
904 4870 1346 4939 insurrexerint,
1387 4873 1762 4945 unusquisque

181 4960 437 5016 veraciter
465 4976 624 5018 suum
655 4977 863 5034 parem,
895 4962 1224 5034 ubicumque
1266 4978 1492 5021 necesse
1519 4964 1684 5020 fuerit
1704 4971 1763 5020 et

184 5043 290 5115 ipse
319 5051 714 5109 rationabiliter
742 5052 1003 5124 potuerit,
1030 5060 1126 5107 aut
1155 5066 1252 5123 per
1278 5053 1633 5125 semetipsum
1664 5062 1759 5109 aut

182 5148 273 5202 per
296 5155 422 5198 suos
458 5142 645 5200 ﬁdeles
686 5150 744 5200 et
769 5143 997 5200 consilio
1027 5151 1084 5199 et
1111 5142 1315 5200 auxilio
1357 5155 1521 5216 prout
1564 5146 1761 5203 melius

183 5231 409 5292 potuerit
433 5232 669 5301 adjuvet.

248 5319 305 5377 3.
342 5322 421 5380 Ut
443 5324 489 5380 si
518 5338 618 5395 ego
641 5323 800 5383 vobis
820 5334 1097 5397 superstes
1123 5325 1299 5394 fuero,
1322 5327 1490 5382 tilium
1518 5334 1758 5383 vestrum

183 5399 547 5469 Hludowtcum
572 5414 749 5471 adhuc
776 5415 1063 5487 parvulum
1106 5418 1162 5473 et
1207 5416 1342 5472 alios
1381 5416 1522 5473 ﬁlios
1553 5424 1763 5472 vestros

179 5510 317 5568 Quos
344 5505 495 5562 vobis
521 5506 780 5563 Dominus
806 5507 1107 5573 donaverit,
1133 5515 1193 5562 ut
1221 5520 1447 5580 regnum
1474 5515 1762 5580 paternum

179 5583 513 5652 hereditario
532 5595 658 5668 jure
686 5598 871 5670 quiete
899 5607 1082 5654 tenere
1117 5600 1349 5671 possint,
1375 5608 1432 5655 et
1458 5598 1687 5655 consilio
1711 5606 1767 5655 et

168 5689 401 5758 auxilio,
430 5700 593 5764 prout
626 5694 821 5750 melius
849 5702 1095 5764 potuero,
1141 5691 1427 5763 adiuvabo.
1479 5694 1535 5751 Si
1581 5704 1764 5750 autem

167 5784 280 5837 \os
304 5782 433 5841 mihi
462 5784 784 5856 superstites
803 5781 1031 5855 fueritis,
1059 5783 1198 5842 ﬁlios
1223 5801 1373 5844 meos
1396 5783 1766 5845 Hludowicum

1933 4685 1988 4741 6.
2028 4685 2086 4742 Si
2114 4695 2295 4743 autem
2323 4687 2420 4753 illi,
2445 4687 2823 4743 obsecratione
2849 4696 3035 4741 nostra
3075 4684 3250 4741 vocati
3279 4691 3335 4740 et
3375 4684 3458 4740 iu-

1861 4780 2041 4853 vitati,
2065 4790 2159 4837 aut
2185 4782 2335 4838 missi
2365 4796 2554 4837 eorum
2578 4781 2645 4837 ad
2673 4779 2958 4853 prmtalum
2989 4778 3247 4850 placitum
3271 4776 3457 4833 venire

1862 4844 2196 4938 distulerint,
2224 4887 2344 4938 nos,
2374 4844 2843 4942 secundum-quod
2872 4844 3134 4925 statutum
3168 4868 3452 4943 habemus,

1861 4962 1989 5019 illuc
2015 4963 2238 5018 omnino
2261 4964 2464 5029 venire,
2487 4971 2542 5019 et
2564 4977 2662 5019 nos
2685 4961 2981 5018 secundum
3007 4960 3100 5017 Dei
3124 4960 3463 5014 voluntatem.

1866 5053 2197 5124 conjungere
2222 5054 2550 5110 omnimodis
2575 5070 2680 5109 non
2702 5053 3037 5115 omittamus,
3067 5050 3169 5106 nisi
3199 5048 3339 5104 forte
3371 5056 3456 5100 ta-

1869 5144 1936 5201 lis
1965 5143 2294 5200 inevitabilis
2316 5146 2613 5199 necessitas
2641 5142 2905 5207 evenerit,
2945 5156 3042 5212 pro
3086 5154 3191 5209 qua
3235 5138 3288 5192 id
3338 5135 3459 5190 ﬁeri

1868 5235 2174 5291 nntiatenus
2213 5234 2406 5305 possit.
2453 5234 2525 5289 Et
2561 5234 2607 5290 si
2648 5234 2757 5290 hoc
2803 5231 3084 5297 acciderit,
3126 5229 3195 5285 ad
3242 5235 3461 5296 tempus

1868 5327 2101 5399 quisque
2138 5327 2257 5399 pari
2304 5341 2405 5382 suo
2434 5326 2538 5383 hoc
2582 5325 2784 5381 rescire
2834 5322 3029 5388 faciat;
3076 5331 3133 5376 et
3173 5326 3456 5390 propterea

1870 5418 2112 5474 amicitia
2141 5420 2325 5473 nostra
2354 5431 2455 5474 nec
2480 5416 2756 5472 minuatur
2789 5430 2890 5471 nec
2920 5414 3259 5475 immutetur,
3289 5409 3469 5464 donec

1867 5507 2094 5565 Domino
2122 5506 2347 5579 jubente
2395 5520 2636 5578 congruo
2686 5514 2928 5575 tempore
2974 5501 3213 5574 perfecte
3255 5498 3458 5554 co..ﬁr-

1869 5612 2014 5658 metu
2022 5617 2067 5657 l‘.

1940 5692 1993 5749 7.
2038 5693 2107 5750 Ut
2132 5707 2221 5751 res
2242 5692 2594 5750 ecclesiarum
2622 5690 2675 5745 in
2701 5690 3089 5762 cujuscumque
3110 5702 3277 5759 regno
3298 5695 3467 5757 caput

1869 5784 2059 5854 fuerit,
2082 5794 2194 5841 tum
2226 5784 2293 5842 de
2324 5782 2723 5856 cpiscopatibus
2767 5797 2927 5854 quam
2962 5784 3027 5839 de
3066 5780 3325 5849 abhatiis,
3346 5779 3463 5840 sine
