3924 6318
549 347 657 409 787

1290 357 1612 415 \APPEND.
1651 359 1745 415 AD
1781 359 1957 418 SIEC‘.
1983 359 2051 417 X.
2074 350 2163 404 ⁸-
2195 361 2641 423 MONUMENTK
2664 365 3144 428 ῡιινιιοΜΑτιςΑ.

3692 349 3817 432 ⁷788

544 460 657 517 ulla
706 461 1138 520 contradictione
1196 468 1730 543 rectoresipsarum
1778 472 2131 535 ecclesiarum
2159 480 2207 541 Α
2238 487 2441 532 rectam
2487 480 2892 553 subterfugeri-t,
2923 470 3111 541 ornnes
3140 485 3195 541 in
3231 498 3537 552 commune,
3569 487 3629 545 in
3670 462 3819 561 cuius

550 551 672 608 illas
704 553 1050 629 possideant;
1075 564 1129 609 et
1158 554 1203 609 si
1231 555 1433 627 aliquid
1461 558 1536 614 ibi
1562 561 1690 615 mali
1718 560 1919 619 factum
1948 578 1979 617 a
2008 579 2139 633 quo-

552 658 713 713 quam
740 652 842 710 est,
866 645 921 698 in
949 644 1335 718 cujuscumque
1370 664 1536 720 regno
1564 650 1668 707 illa:
1698 668 1785 710 res
1810 654 2133 725 consistunt,

547 732 794 804 legaliter
813 735 1007 790 exinde
1036 736 1305 807 justitiam
1339 740 1565 797 reddere
1591 740 1777 799 faciat.

615 823 669 878 8.
715 824 781 877 Et
802 825 926 894 quia
958 841 1055 896 per
1079 843 1241 896 vagos
1271 838 1326 884 et
1353 830 1403 885 in
1437 834 1719 902 tyrannica
1743 838 2133 894 consuetudine

545 915 916 974 inreverentes
943 919 1189 976 homines
1222 938 1327 993 pax
1364 933 1419 979 et
1449 927 1605 995 quies
1642 930 1793 1000 regni
1824 933 2130 1000 perturbari

544 1007 701 1073 solet,
751 1011 1023 1079 volumus,
1073 1025 1132 1070 ut
1160 1016 1229 1069 ad
1277 1033 1678 1090 quemcumque
1721 1037 1964 1080 nostrum
2013 1027 2136 1083 talis

543 1101 774 1186 venerit,
803 1110 861 1156 ut
906 1105 973 1159 de
1022 1106 1106 1161 his
1152 1122 1271 1177 qua:
1301 1110 1415 1180 egit
1463 1113 1728 1168 rationem
1771 1123 1825 1169 et
1866 1116 2132 1186 justitiam

543 1180 919 1266 subterfugere
961 1198 1154 1267 possit,
1202 1215 1360 1256 nemo
1408 1217 1473 1256 ex
1505 1204 1660 1259 nobis
1708 1180 1964 1261 illum'ad
1989 1208 2135 1265 aliud

508 1358 513 1363 ᾖ
545 1284 775 1355 recipiat
802 1286 887 1340 vel
918 1289 1165 1356 retineat,
1192 1292 1296 1347 nisi
1328 1301 1387 1347 ut
1415 1294 1481 1348 ad
1518 1303 1724 1351 rectam
1770 1299 2036 1354 rationem
2080 1308 2134 1356 et

548 1375 782 1433 debitam
826 1380 1259 1441 emendationem
1290 1385 1631 1454 perducatur.
1664 1386 1733 1443 Et
1779 1387 1825 1444 si
1859 1390 2125 1447 rationem

2240 582 2467 639 regnum
2511 571 2744 635 venerit,
2789 572 2937 627 'ri‘lum
2983 572 3395 648 persequamur,
3435 578 3611 634 donec
3639 588 3733 635 aut
3757 583 3821 637 ad

2237 658 2501 714 rationem
2531 661 2882 730 perducatur,
2934 674 3033 721 aut
3072 667 3149 723 de-
3188 683 3355 741 regno
3390 671 3696 742 expellatur
3738 675 3818 729 vel

2236 750 2496 808 deleatur.

2306 843 2360 898 9.
2405 844 2683 912 Volumus,
2701 857 2763 901 ut
2784 848 2837 903 hi
2863 849 2953 919 qui
2976 851 3171 907 merito
3192 854 3581 924 proprietatem
3605 855 3819 915 illorum

2233 933 2289 988 in
2326 950 2493 1007 regno
2538 946 2727 994 nestro
2775 927 3145 1010 perdiderunt,
3191 944 3265 1000 ita
3304 944 3638 1015 iudicentur,
3683 952 3821 1007 sicut

2233 1028 2568 1098 temporibus
2597 1040 2907 1087 nostrorum
2932 1044 3338 1092 antecessorum
3372 1038 3649 1094 inventum
3682 1039 3818 1107 fuit;

2233 1118 2323 1186 qui
2358 1114 2487 1174 vero
2515 1121 2699 1177 dicunt
2728 1123 2927 1194 injuste
2951 1140 3011 1181 se
3039 1128 3425 1198 preprietatem
3460 1129 3674 1184 illorum
3700 1145 3821 1200 per-

2233 1209 2455 1275 didisse,
2478 1212 2701 1268 veniant
2729 1214 2781 1267 in
2811 1223 3051 1269 nostram
3079 1212 3443 1287 prtesentiani,‘
3474 1228 3529 1275 et
3553 1221 3704 1276 sicut
3737 1218 3821 1290 ju~

2233 1310 2377 1359 stum
2406 1312 2521 1373 est,
2540 1304 2612 1360 ita
2642 1305 2746 1362 illis
2769 1306 3065 1379 iudicetur,
3091 1318 3147 1366 et
3169 1298 3591 1383 sua'recipian't.‘

1741 1559 2032 1618 BOSONIS
2072 1563 2278 1621 REGIS
2317 1565 2627 1624 ELECTI‘O.

1868 1678 1993 1746 (An.
2022 1678 2147 1736 879.
2182 1677 2299 1735 ea.
2335 1682 2446 1755 ιδ.)

614 1785 769 1865 _Edita
800 1787 1033 1865 primum
1067 1804 1095 1843 a
1123 1787 1390 1865 l’aradinn
1413 1788 1466 1865 in
1503 1792 1801 1865 Annalibus
1822 1791 2146 1861 Burgundiae
2171 1800 2293 1849 acta
2317 1805 2617 1854 conventus
2645 1797 3020 1865 Mantalensis,
3048 1802 3371 1862 Sirmondus
3402 1804 3557 1861 Tom.
3584 1804 3649 1863 111
3673 1804 3821 1864 ϐου»

539 1856 814 1952 eiliornm,’
838 1857 1064 1952 adjectis
1093 1875 1157 1952 ea
1191 1858 1444 1915 Paradini
1478 1863 1742 1920 relatione
1796 1856 2178 1937 episcoporum
2220 1865 2732 1940 subscrintionibus,
2785 1861 2948 1943 atque
2976 1856 3812 1952 Βουᾷὺίθῖὖξῖἆπῖίάίῇῖῦξ,

546 1927 746 1983 iterum
781 1927 1161 2000 vulgavernnt.

982 2079 1210 2123 ELECTIO
1247 2080 1465 2124 8080le
1504 2083 1678 2126 REGIS;

609 2155 742 2211 Cum
793 2157 1176 2213 convenissent
1211 2162 1388 2216 sancti
1433 2170 1615 2233 patres
1652 2163 1707 2218 in
1747 2162 1967 2219 nomine
2016 2165 2125 2230 Do-

540 2249 677 2303 mini
745 2247 1033 2305 salvatoris
1099 2236 1305 2317 nostri,

540 2434 612 2489 tis
647 2435 891 2491 ecclesiae
917 2436 1156 2508 negociis
1198 2440 1506 2507 tractaturi,
1531 2451 1586 2496 et
1616 2454 1821 2498 sanctae
1866 2443 2129 2499 sollicitu-

538 2528 680 2584 dinis
710 2531 1065 2585 secretarium
1094 2534 1452 2602 penetraturi,
1478 2535 1663 2590 multis
1702 2538 2123 2608 emergentibus,

505 2630 598 2697 ret
647 2620 845 2676 suimet
889 2623 1325 2680 consideratione
1370 2626 1707 2696 cogentibus,
1774 2628 2127 2699 sacerdotalis

539 2710 765 2768 allectus
791 2727 858 2768 ex
894 2713 1118 2784 antiquo
1146 2723 1358 2784 patrum
1387 2716 1642 2773 cordibus
1672 2716 1883 2774 infusus
1908 2720 2130 2776 eviden-

537 2815 622 2861 ter
651 2806 874 2861 dictavit
897 2806 945 2862 ei
969 2822 1214 2877 personae
1247 2822 1434 2863 curam
1463 2824 1674 2881 gerere,
1714 2812 1867 2882 cujus
1896 2812 2118 2868 admini-

490 2878 513 2901 ”
535 2897 659 2954 culo
702 2907 808 2953 tam
844 2897 896 2952 in
944 2899 1111 2954 veteri
1160 2908 1528 2968 testamento,
1566 2918 1728 2974 quam
1761 2912 1816 2959 et
1864 2903 1919 2959 in
1963 2918 2121 2968 novo,

537 2984 822 3046 consuevit
871 2991 1068 3063 populo
1114 2993 1440 3062 condignum
1490 2995 1730 3066 regimen
1762 2977 2029 3052 exhiberi.
2060 2996 2127 3057 Et

538 3086 795 3156 quoniam
830 3085 943 3157 jam
970 3085 1098 3140 olim
1133 3086 1375 3157 ejusdem
1420 3103 1667 3158 persome
1713 3089 1984 3159 praesidiis
2015 3097 2125 3144 tam

533 3178 637 3248 ipsi
693 3187 898 3247 patres,
942 3194 1079 3249 quos
1122 3179 1297 3249 gratia
1347 3179 1529 3234 divina
1589 3180 1872 3251 episcopos
1938 3182 2124 3238 vocari

536 3269 828 3335 concessit,
853 3284 1015 3338 quam
1048 3270 1320 3341 principes
1343 3280 1397 3326 et
1432 3279 1601 3326 totum
1631 3273 1822 3344 vulgus
1850 3283 2119 3340 carentes,

536 3359 697 3415 nullis
720 3348 1097 3430 compatientis
1124 3359 1486 3417 iniciebantur
1515 3363 1597 3419 vel
1618 3361 1951 3433 juvabantur
1974 3366 2123 3421 auxi-

530 3447 644 3514 liis,
674 3453 973 3519 prrcsertim
1004 3466 1150 3519 cum,
1182 3469 1309 3525 rege
1345 3455 1617 3510 communi
1667 3468 1841 3512 morte
1881 3466 2118 3528 recepto,

535 3543 717 3602 nullus
764 3545 818 3598 in
844 3560 937 3601 cos
986 3560 1081 3600 sua
1125 3546 1331 3601 viscera
1376 3563 1474 3618 per
1530 3548 1777 3604 caritatis
1816 3549 2121 3621 largitatem

569 3636 868 3701 atenderit,
919 3636 1128 3691 anxi‘ari
1167 3637 1459 3707 phtrimum
1508 3640 1770 3707 compulsi
1818 3650 1967 3706 sunt,
1995 3642 2121 3721 quia

530 3716 648 3782 non.
691 3726 864 3781 solum
916 3730 970 3783 i'n
1028 3728 1256 3784 internis
1292 3744 1391 3788 Der
1441 3730 1765 3787 invisibilem
1817 3716 2118 3799 inimicum,

531 3818 627 3873 sed
652 3818 816 3873 etiam
850 3818 903 3874 in
932 3820 1137 3890 apertis
1163 3835 1263 3890 per
1293 3820 1534 3877 visibiles
1558 3822 1828 3888 inimicos,
1861 3824 2022 3878 etiam
2051 3839 2120 3880 ex

529 3908 641 3974 his,
667 3924 803 3979 quos
841 3909 954 3981 ipsa
986 3910 1187 3967 Christi
1212 3912 1422 3983 peperit
1447 3922 1637 3967 sancta
1664 3923 1843 3969 mater
1863 3914 2115 3980 ecclesia,

529 4003 885 4070 pessumdari'
904 4001 1151 4059 fenditus
1177 4004 1521 4060 videbantur.
1551 4004 1738 4075 Itaque
1761 4005 1888 4060 dum
1922 4006 2120 4066 mentis

527 4094 702 4150 aciem
726 4111 1116 4168 usquequaque
1138 4106 1435 4165 verterent,
1456 4106 1511 4153 et
1534 4098 1696 4154 simul
1727 4114 1850 4154 cum
1887 4100 2119 4156 nobilio-

526 4187 682 4242 ribus
710 4178 952 4245 ad'hanc
991 4192 1373 4248 necessitatem
1424 4186 1851 4250 submovendam
1896 4195 2119 4251 idoneas

529 4294 793 4351 personas
845 4281 1279 4349 considerarent,
1331 4298 1440 4339 non
1498 4284 1843 4342 invenientes
1896 4286 1989 4357 qui
2034 4287 2115 4343 sui

530 4373 918 4431 consultationi
964 4378 1292 4448 respondere
1329 4378 1549 4445 vellent,
1581 4389 1769 4453 utpote
1799 4382 2117 4456 negligenti-

531 4461 636 4518 bus
682 4466 894 4522 cunctis
946 4474 1153 4524 tantum
1202 4468 1455 4525 laborem
1492 4472 1562 4527 ob
1609 4472 1870 4529 honorem
1919 4474 2016 4531 Dei
2061 4482 2117 4530 et

528 4566 841 4612 sanctorum
883 4558 1000 4628 ej‘us
1041 4569 1103 4617 et
1147 4561 1338 4617 matris
1384 4565 1628 4619 ecclesia:
1668 4579 1903 4631 sumere,
1925 4566 2116 4622 omnes

526 4650 845 4707 inﬂammati
876 4654 1044 4731 Deum
1088 4656 1329 4712 omnium
1364 4656 1663 4729 principem
1689 4674 1787 4729 pro
1822 4660 1923 4715 hac
1946 4676 2114 4730 angu-

526 4745 633 4799 stia
667 4746 977 4803 medullitus
997 4758 1381 4818 exoraverunt,
1406 4758 1465 4804 ut
1511 4751 1558 4806 is
1591 4752 1684 4823 qui
1711 4768 1899 4808 curam
1930 4753 2115 4826 singu-

526 4835 698 4891 larem
726 4839 889 4893 habet
940 4843 1273 4910 mortalium,
1329 4852 1384 4899 et
1417 4842 1572 4913 cujus
1611 4845 1894 4916 dispositio
1936 4849 2114 4903 cuni-

526 4928 647 4983 cula
698 4933 873 5002 vergit
922 4935 1165 4989 omnium
1216 4936 1549 5004 seculorum,
1599 4946 1655 4993 et
1699 4946 1908 4993 rectum
1960 4940 2114 4995 daret

527 5020 839 5086 ronsilium,
887 5030 937 5077 et
982 5025 1203 5080 evidens
1250 5026 1460 5081 consilii
1512 5037 1789 5097 promeret
1828 5028 2109 5085 indicium.

526 5111 770 5180 Denique
806 5112 890 5167 cui
916 5121 1065 5184 patet
1089 5129 1247 5170 omne
1271 5118 1642 5180 cor,etomnis
1663 5119 1912 5175 voluntas
1941 5119 2113 5191 loqui-

523 5210 637 5267 tur,
666 5201 922 5273 fatigatos
968 5204 1231 5273 majorum
1271 5215 1326 5263 et
1365 5208 1634 5267 minorum
1680 5209 1971 5280 inspiciens
1997 5212 2112 5267 ani-

524 5308 665 5359 mos,
693 5294 963 5364 quoddam
989 5297 1292 5354 clarescere
1321 5296 1452 5354 fecit
1474 5298 1749 5367 solatium,
1776 5312 1831 5356 et
1851 5302 2112 5371 quodam-

523 5383 685 5441 modo
710 5388 1057 5456 prarsentavit
1090 5389 1430 5461 suffragium.
1475 5388 1618 5446 Sane
1647 5391 1899 5449 omnibus
1942 5410 2108 5449 unum

524 5477 860 5549 sapientibus
889 5486 943 5533 et
989 5494 1087 5551 per
1121 5480 1359 5537 divinam
1399 5480 1765 5537 visitationem
1796 5482 1938 5538 idem
1975 5484 2112 5540 indi-

1388 2263 1714 2310 conventum
1796 2257 2125 2332 celebraturi
2206 2269 2213 2275 ‘

538 2339 679 2411 apud
714 2339 862 2411 (163)
892 2340 1182 2397 Mantalam
1229 2344 1488 2401 territorii
1521 2345 1873 2416 Viennensis,
1893 2350 1959 2405 de
1992 2348 2127 2405 mul-
2207 2358 2213 2363 ‘

2156 2051 2211 2147 Β
2231 2093 2518 2150 visibiliter
2555 2096 2945 2165 ambientibus,
2986 2099 3138 2156 cordi
3184 2096 3287 2156 fuit
3332 2082 3608 2158 exbibitus
3632 2101 3825 2167 homo,

2222 2184 2543 2256 jamdudum
2575 2189 2629 2243 in
2675 2191 2983 2275 principatu
3027 2191 3210 2275 domni
3250 2193 3432 2249 Κποιί
3476 2192 3736 2271 defensor
3766 2205 3815 2251 et

2228 2278 2446 2349 adj'utor
2488 2274 2835 2359 necessarius
2874 2302 2886 2337 :
2919 2274 3088 2363 cujus
3116 2293 3347 2356 postse.
3389 2286 3534 2342 ﬁlius
3579 2284 3817 2356 ejusdem

2228 2371 2607 2441 imperatoris,
2656 2387 2886 2430 cernens
2939 2372 3057 2443 ejus
3112 2375 3383 2447 insignem
3449 2375 3811 2445 prudentiam,

2227 2465 2563 2537 ampliﬁcare
2591 2466 2878 2541 delegerat
2895 2467 3130 2523 domnus
3171 2480 3267 2537 re;
3307 2465 3656 2525 Ludowicus.
3698 2466 3809 2537 Ipse

2204 2557 2394 2630 etiam
2424 2573 2530 2614 non
2574 2557 2869 2625 tantum_in
2896 2557 3108 2624 Galliis,
3137 2558 3315 2614 sedet
3330 2558 3393 2612 in
3416 2556 3576 2612 Italia
3610 2558 3811 2614 cunctis

2227 2649 2441 2717 enituit,
2482 2660 2543 2705 ut
2571 2650 2802 2706 dominis
2848 2650 3179 2721 apostolicus
3221 2646 3473 2705 Joannes
3509 2650 3807 2714 Romensis,

2228 2740 2402 2796 instar
2427 2741 2520 2797 lilii
2549 2741 2881 2812 complexus,
2926 2739 3167 2810 ejusdem
3215 2740 3589 2797 sinceritatem
3635 2741 3805 2797 multis

2224 2834 2513 2906 praeconiis
2550 2834 2827 2902 extulerit,
2859 2842 2916 2890 et
2943 2836 3010 2890 ad
3041 2843 3195 2890 suam
3246 2833 3494 2900 tutelam,
3541 2843 3805 2890 revertens

2227 2928 2293 2982 ad
2323 2928 2506 2983 sedem
2555 2928 2852 2999 propriam,
2891 2927 3175 2999 delegerit.
3205 2926 3349 2999 Ergo
3390 2936 3525 2981 nutu
3574 2925 3693 2989 Dei,
3720 2940 3803 3017 per

2204 2998 2482 3092 :suti‘ragia
2511 3028 2863 3097 sanctorum,
2889 3020 2960 3074 ob
2999 2998 3292 3082 instantem
3334 2998 3804 3080 necessitatemkt

2225 3128 2372 3179 eam,
2401 3128 2563 3183 quam
2596 3114 2650 3167 in
2677 3127 2743 3167 eo
2780 3120 3187 3182 compererunt,
3229 3110 3581 3182 expetibilem
3612 3111 3800 3166 utilita-

2206 3213 2335 3275 tem
2359 3213 2414 3261 et
2442 3205 2929 3276 prudentissimam
2962 3213 3128 3274 atque
3158 3204 3698 3275 providentissimam
3722 3218 3801 3259 sa-

2225 3297 2541 3368 gacitatem,
2584 3296 2859 3352 communi
2912 3295 3121 3362 animo,
3157 3296 3586 3373 pariquevoto,
3620 3304 3675 3351 et
3703 3307 3797 3348 uno

2150 3411 2195 3475 ο
2226 3405 2523 3457 consensu,
2566 3390 2933 3458 clarissimum
2981 3388 3284 3459 principem
3333 3387 3618 3443 dominum
3653 3386 3795 3442 Bose-

2225 3500 2385 3551 nem,
2429 3484 2649 3541 Christo
2689 3485 2978 3554 praeduce,
3027 3482 3096 3536 ad
3148 3481 3251 3536 hoc
3301 3479 3486 3551 regale
3542 3478 3791 3551 negotium

2223 3576 2520 3647 petierunt,
2549 3584 2604 3631 et
2632 3575 2961 3630 unanimiter
2988 3572 3289 3643 elegerunt.
3312 3570 3416 3651 Qui
3438 3569 3545 3626 etsi
3573 3568 3793 3625 conside-

2226 3671 2438 3734 ratione
2474 3670 2606 3725 tanti
2636 3656 3115 3731 laborisrenuerit
3137 3674 3194 3723 et
3222 3666 3521 3729 abdixerit,
3552 3660 3793 3734 oppositis

2224 3764 2309 3820 his
2331 3781 2450 3835 quae
2472 3765 2565 3819 Dei
2591 3771 2715 3834 sunt
2737 3772 2792 3818 et
2816 3762 2933 3832 ejus
2953 3761 3219 3828 ecclesiae,
3255 3759 3469 3815 tandem
3503 3759 3792 3814 obedienter

2223 3855 2359 3913 colla
2388 3855 2755 3927 promittendo
2790 3851 3066 3911 submisit.
3096 3850 3317 3907 Electus
3348 3858 3536 3905 autem
3568 3848 3679 3903 Deo
3701 3854 3789 3901 sta-

2224 3951 2414 4017 tuitur,
2442 3964 2631 4020 preces
2657 3947 2973 4012 funduntur,
2996 3945 3221 4006 domini:
3238 3944 3415 4001 nostri
3457 3942 3589 3999 Iesu
3613 3939 3789 3998 Christi

2222 4041 2416 4114 gratia,
2441 4055 2564 4111 qua:
2585 4037 2864 4109 praecessit
2884 4038 2937 4092 in
2960 4036 3117 4102 velle,
3138 4036 3191 4092 in
3231 4044 3382 4092 certo
3408 4034 3655 4106 perfecto
3676 4032 3787 4091 satis

2222 4130 2412 4193 elﬁcax
2441 4129 2767 4201 postulatur.
2793 4128 2861 4184 Et
2887 4137 2947 4183 ut
2984 4127 3102 4184 haec
3130 4126 3328 4200 electio
3357 4126 3714 4198 prmsentibus
3741 4128 3787 4178 et

2220 4223 2421 4281 futuris
2467 4224 2672 4279 certius
2721 4222 3046 4283 innotescat,
3076 4276 3079 4281 ,
3111 4219 3358 4279 omnium
3424 4219 3780 4289 episcoporum

2219 4316 2547 4387 subscriptio
2584 4315 2704 4371 luce
2733 4313 2934 4371 clarius
2980 4312 3206 4368 indicat.
3235 4315 3432 4368 Actum
3474 4312 3621 4382 apud
3660 4308 3785 4364 Han-

2221 4408 2386 4464 talam
2437 4407 2669 4479 publice,
2720 4420 2866 4463 anno
2910 4402 3304 4460 incarnationis
3340 4401 3634 4491 dominica:
3675 4395 3780 4458 879.

2217 4501 2399 4558 Idibus
2421 4499 2675 4557 Octobris

2287 4612 2357 4668 Et
2399 4611 2841 4682 subscripserunt
2889 4599 3167 4682 episcopi,“
3192 4598 3515 4665 Ottramnns
3555 4598 3783 4671 archiepi-

2218 4719 2413 4777 scopus
2448 4703 2794 4770 Viennensis,
2836 4702 3163 4758 Aurelianus
3196 4696 3641 4770 archiepiscopus
3663 4695 3779 4766 Lug-

2138 4771 2192 4831 D
2216 4771 2495 4865 dunensis,
2521 4796 2868 4853 Teutrannus
2886 4795 3326 4864 archiepiscopus
3346 4787 3776 4851 Tarantasiensim

2216 4889 2513 4945 Rothertus
2540 4876 2987 4958 archiepismpns
3014 4883 3307 4956 Aqnensis,
3340 4881 3648 4938 Radbertus
3683 4876 3777 4947 cpi.

2216 4995 2415 5052 sc0pus
2451 4979 2732 5045 Valentini,
2786 4978 3080 5033 Bernarius
3113 4977 3401 5046 episcopbs
3422 4973 3777 5070 “Gratianope-

2217 5071 2438 5137 litanus,
2465 5071 2649 5127 Helias
2696 5071 2983 5140 episcopus
3010 5065 3389 5132 Vasionensis,
3421 5064 3636 5119 Henrico
3678 5064 3774 5130 epi-

2215 5185 2413 5240 sc0pus
2453 5170 2686 5235 Diensis,
2729 5166 3055 5223 Adalbertus
3116 5166 3408 5236 episcopus
3449 5162 3768 5220 Maurienn-‘B.

2214 5276 2413 5331 ‘Biraco
2440 5276 2724 5347 episcopus
2758 5271 3119 5345 Wapicensis,
3164 5270 3488 5341 Eust‘orgius
3518 5268 3773 5340 episcopus

2219 5378 2560 5443 Tolonensis,
2589 5375 2880 5433 Girbaldus
2925 5375 3208 5445 episcopus
3242 5371 3628 5434 Cabilonensis,
3658 5365 3763 5420 llic-

2220 5498 2475 5555 ronymus
2497 5481 2782 5552 episcopus
2805 5477 3189 5544 Lausanensis,
3234 5476 3538 5534 Ricbardus
3582 5471 3757 5543 episco-

2027 5618 2254 5679 NOTJE.

621 5725 744 5811 1135)
768 5727 919 5811 {Vunc
947 5736 1031 5811 est
1075 5726 1223 5811 vicus
1253 5727 1373 5798 pagi
1418 5727 1734 5785 Viennensis
1782 5730 1833 5786 in
1865 5730 2257 5804 Allobrogibus,
2287 5735 2548 5792 Viennam
2582 5735 2718 5793 inter
2741 5746 2794 5792 et
2818 5734 3121 5791 Valentiam
3151 5734 3311 5801 situs,
3364 5739 3671 5798 vocatusque
3730 5802 3733 5811 γ

527 5796 728 5863 Gallice
762 5798 1055 5852 Mamm'llc.
1080 5796 1247 5865 Bono.
