3924 6318
97 328 237 453 άιρἐί

96 546 103 551 ’
128 528 329 623 hensis,
358 528 1120 623 Dostagnus‘ambiepiscopus
1148 528 1499 604 Arelatensis,
1531 539 1709 623 Theo-

96 646 337 706 'dericus
400 636 840 715 archiepiscopus
894 637 1373 711 Yesontioneusis,
1419 614 1710 689 Aetheriiis

126 826 330 895 liensis,
352 816 682 885 Germardus
700 825 984 895 episcOpus
1004 816 1401 895 Arausicensis.
1431 816 1711 873 Ratfridus

119 908 410 992 episcopus
439 916 849 981 Avenionensis,
879 913 1209 970 Walefridus
1252 904 1538 982 episc0pus
1571 908 1707 965 oce.

129 1015 364 1078 ticensis,
399 1011 634 1068 Edoldus
668 1010 951 1081 episcopus
978 1007 1283 1078 Regicnsis.

232 1104 434 1178 Syﬁodi
462 1105 532 1159 ad
557 1103 1007 1171 Bosonemugem
1032 1099 1365 1168 designatum,
1382 1097 1591 1167 legatio.

198 1198 367 1254 Sacra
390 1196 628 1268 synodus
675 1191 1025 1248 Manlalensis
1058 1189 1318 1245 territorii
1368 1187 1710 1253 Viennensis,

129 1289 185 1344 iu
227 1288 441 1343 nomine
484 1285 696 1340 Domini
750 1283 921 1339 nostri
970 1289 1328 1353 congregata,
1375 1270 1536 1334 simul
1589 1294 1710 1333 cum

127 1368 497 1455 primoribus,.
512 1377 809 1455 inspirante
831 1372 1111 1457 divinitate
1133 1386 1357 1453 summie
1391 1368 1710 1438 majestatis,

99 1451 339 1530 Isincera
380 1451 667 1549 devotione
707 1451 943 1523 vestram
984 1451 1714 1549 prudenﬁam,’clarissime

128 1546 575 1637 princepsaadit,
627 1569 817 1632 petens
864 1542 1145 1614 addiscere
1186 1565 1366 1612 vestra
1408 1555 1712 1610 certissima

98 1645 508 1733 responsione,
546 1658 759 1729 qualem
793 1671 889 1712 vos
925 1653 1105 1711 velitis
1144 1653 1197 1708 in
1242 1649 1572 1723 principatu,
1605 1661 1715 1719 quo

128 1768 226 1807 vos
261 1749 540 1806 sublimari
578 1763 676 1819 per
705 1746 940 1802 divinam
977 1741 1403 1799 misericordiam
1440 1747 1707 1809 Optamus,

1138 308 1571 398 riiaucouuu
1608 330 1851 389 uacua
1890 330 2377 390 cacuminis.

128 421 223 539 piis
251 461 401 536 (164)
428 455 771 539 ᾼειιιὶιθιιδίε,
798 452 1111 513 Guntardus
1135 422 1704 533 episcopds‘hlatisco-

1817 445 1975 499 corde
2001 422 2173 500 etc-re
2198 442 2456 514 rependo,
2485 441 2626 512 quod
2673 441 2798 498 licet
2833 442 3124 508 immerito,
3150 441 3262 497 sola
3304 457 3396 513 ve-

1774 611 1787 617 -
1815 547 1923 595 stra
1952 537 2351 603 benevolentia,
2377 553 2474 607 per
2502 535 2994 599 incommutabilem
3024 535 3116 589 Dei
3141 536 3393 606 gratiam,

3291 325 3393 383 790

1816 628 2072 700 amplecti
2096 643 2182 684 me
2225 627 2524 685 visceribus
2560 627 2756 684 vestris
2786 627 2852 682 ad
2883 626 3143 697 liquidum
3173 642 3396 696 compe-

94 734 407 820 ;episcopus
432 736 789 800 Vivariensis,
833 731 1139 788 Leodoiuus
1189 730 1474 799 episcopus
1516 725 1706 780 Massi-
1772 718 1783 791 ί
1817 725 1917 780 rio.
1964 722 2175 777 Pariter
2215 735 2450 791 quoque,
2498 719 2653 794 quod
2691 719 2885 802 fervor.
2928 726 3122 773 vestrae
3154 717 3399 772 caritatis

1816 817 1882 871 ad
1913 815 1962 871 id
1987 814 2223 871 cilicium
2249 802 2333 868 me
2362 811 2669 893 promoveri
2710 796 2966 893 divinitus
2997 817 3165 878 optat,
3194 816 3251 862 ut
3272 822 3397 871 mea

1814 910 2053 981 parvitas
2091 909 2248 963 matri
2298 888 2867 976 meat,‘qu:eecclesia
2905 904 2997 959 Dei
3045 903 3146 977 vivi
3198 911 3299 977 est.
3331 902 3400 956 ob

1762 992 1783 1043 -’
1817 1000 2174 1057 immortalem
2204 999 2689 1055 remunerationem
2744 999 3022 1052 decertare
3062 994 3255 1049 valeat.
3287 993 3402 1065 Ego

1816 1092 2307 1156 autem,..conscius
2349 1106 2481 1146 mea:
2526 1089 2850 1145 conditionis
2879 1098 2933 1143 et
2960 1088 3199 1157 ﬁgmenti
3237 1085 3405 1156 fragiv

1816 1187 1902 1250 lis,
1945 1187 2207 1255 imparem
2244 1200 2328 1239 me
2348 1184 2599 1254 jmlicans
2626 1191 2775 1238 tanto
2810 1182 3048 1251 negotio,
3076 1181 3405 1236 omnimodis
3465 1234 3473 1243 ,

1817 1281 2149 1345 abnuissem,
2182 1279 2282 1335 nisi
2323 1295 2418 1349 per
2450 1279 2541 1333 Dei
2569 1285 2754 1332 nutum
2788 1276 2939 1335 vobis
2982 1290 3075 1330 cor
3109 1290 3273 1329 unum
3302 1273 3399 1329 da-

1819 1384 1953 1439 tutn,
1984 1382 2038 1428 et
2064 1373 2299 1427 animam
2350 1385 2511 1425 unam
2556 1369 2609 1423 in
2651 1383 2819 1423 unum
2860 1382 3181 1422 consensum
3216 1367 3404 1419 adver-

1819 1468 2025 1522 tissem.
2072 1463 2439 1520 Obedieudum
2494 1462 2677 1532 itaque
2721 1475 2820 1530 pro
2866 1469 3016 1516 certo
3071 1442 3404 1529 cognoscens

1816 1558 2094 1628 inspiratis
2141 1572 2170 1609 a
2223 1557 2334 1611 Dco
2377 1563 2486 1610 tam
2538 1553 2911 1611 sacerdotibus
2974 1550 3136 1623 quam
3203 1550 3406 1605 nostris

1819 1651 2010 1706 amicis
2031 1658 2086 1705 et
2117 1649 2385 1715 ﬁdelibus,
2410 1665 2516 1704 non
2544 1647 2798 1712 reluctor,
2832 1661 2929 1701 nec
2976 1645 3169 1711 audeo,
3207 1643 3405 1699 vestris

1811 1745 2169 1816 jussionibus.
2201 1741 2353 1811 Quod
2385 1759 2511 1799 vero
2548 1741 2869 1813 requisistis,
2901 1726 3121 1810 qualem.
3148 1753 3230 1793 me
3261 1751 3402 1807 prae-

97 1840 386 1896 'omnibus
405 1839 714 1895 ostendere;
753 1835 809 1891 Si
837 1834 1087 1890 videlicet
1104 1826 1372 1888 honorem
1409 1828 1713 1885 Dei‘omni-

1821 1837 1949 1892 bere
1969 1835 2160 1891 vellem
2190 1836 2243 1890 in
2292 1834 2682 1891 committenda
2730 1849 2828 1904 per
2850 1833 2944 1888 Dei
2973 1830 3401 1885 misericordiam

94 1935 365 2013 potentis
411 1943 476 2011 et.
515 1930 853 1988 dilectionem
892 1928 944 1983 in
994 1927 1097 2011 tide
1137 1925 1402 1981 catholica
1430 1924 1720 1993 ,vcraciter

130 2025 409 2097 quaesituri
437 2006 589 2087 estis,
616 2029 672 2078 et
700 2020 986 2077 ecclesiam
1026 2006 1173 2074 illius
1209 2016 1543 2097 proviribus
1569 2014 1717 2072 exal-

132 2118 321 2174 taturi.
355 2117 413 2172 Si
441 2116 608 2172 vultis
633 2116 910 2181 omnibus,
950 2102 1094 2170 sicut
1129 2114 1253 2170 boni
1302 2113 1576 2183 principes
1623 2106 1718 2182 qui

100 2198 109 2203 “
132 2225 227 2265 vos
246 2208 668 2279 'prfecesserunt,
692 2216 745 2264 et
766 2204 1250 2287 quorumll'ormam
1278 2205 1473 2285 litteris
1494 2214 1549 2260 et
1574 2204 1717 2261 fama

134 2299 333 2365 nostis,
383 2299 578 2370 legem,
617 2297 887 2368 justitiam
943 2305 998 2351 et
1046 2307 1255 2352 rectum
1314 2298 1614 2352 concedere
1665 2306 1721 2354 et

134 2392 382 2456 servare;
418 2399 663 2465 tenentes
700 2389 1082 2471 humilitatem,
1109 2387 1231 2459 quas
1274 2397 1361 2443 cst
1403 2386 1719 2444 fundamen-

133 2493 245 2540 tum
275 2485 560 2563 virtutum,
585 2498 707 2539 cum
738 2484 1022 2555 patientia,
1057 2492 1112 2539 et
1150 2483 1332 2538 animo
1375 2497 1589 2549 sereno,
1620 2482 1721 2537 bu-

134 2578 382 2643 millimo,
412 2577 480 2634 ad
506 2577 869 2632 damnandum
911 2577 1210 2651 incondito,
1238 2575 1331 2630 sed
1370 2575 1421 2629 in
1468 2576 1720 2632 omnibus

128 2669 283 2740 juste
311 2667 596 2740 promissis
643 2668 823 2724 stabili
856 2676 911 2722 et
944 2677 1113 2733 certo,
1169 2667 1306 2722 bene
1342 2681 1438 2736 per
1473 2665 1564 2720 Dei
1596 2681 1721 2737 gra—

134 2762 266 2816 tiam
315 2767 621 2831 praeparato
664 2768 720 2815 et
764 2769 992 2825 ornato,
1048 2760 1340 2817 sobrietate
1394 2759 1720 2827 competenti

132 2859 381 2906 venusto.
414 2850 512 2918 Qui
538 2850 657 2907 sitis
692 2851 1035 2907 accessibiles
1063 2851 1313 2905 omnibus
1346 2858 1492 2904 recta
1527 2864 1722 2920 sugge-

130 2942 402 3007 rentibus,
450 2950 505 2997 ct
559 2957 658 3014 pro
704 2942 826 2998 aliis
870 2942 1361 3007 intercedentibus,
1412 2950 1719 3013 qumrentes

130 3033 307 3106 magis
338 3034 799 3113 prodessequam
846 3049 1102 3105 praeesse,
1153 3041 1441 3103 sequentes
1489 3034 1719 3105 vestigia

130 3128 452 3180 sanctorum
492 3126 797 3196 principum
825 3166 841 3191 ,
889 3125 1160 3181 calcantes
1225 3127 1381 3189 iram,
1429 3125 1715 3191 sarritiam,

1780 1922 1783 1927 “
1824 1930 1876 1984 in
1904 1929 2163 2000 regimine
2196 1926 2397 1990 futuro,
2430 1934 2486 1983 et
2511 1908 2671 1981 simul
2699 1924 3009 2003 ostendistis
3047 1936 3312 1985 normam,
3349 1929 3410 1976 et

1821 2020 2158 2078 instruxistis
2212 2019 2462 2091 dogmate
2513 2032 2702 2084 sacro,
2748 2015 3101 2072 libentissime
3145 2012 3405 2083 suscipio.

1819 2113 2133 2185 Amplector
2176 2112 2497 2167 catholicam
2565 2109 2758 2175 ﬁdem,
2806 2108 2861 2163 in
2914 2122 3017 2178 qua
3067 2114 3125 2161 et
3170 2104 3406 2159 nutritus

1822 2223 1964 2274 sum,
1990 2221 2152 2276 quam
2181 2202 2473 2276 purissimo
2497 2198 2662 2259 corde
2710 2196 2893 2264 teneo,
2920 2213 3015 2254 ore
3049 2190 3428 2252 veracissiiuo)

1820 2299 2141 2369 pronuncio,
2168 2311 2266 2367 pro
2295 2311 2401 2367 qua
2452 2303 2674 2367 paratus
2702 2308 2820 2349 sum
2853 2290 3088 2361 impendi
3124 2298 3178 2344 et
3213 2301 3405 2358 super—

1789 2390 2082 2462 impendi,
2116 2388 2270 2444 sisic
2312 2387 2579 2458 placuerit
2621 2384 2841 2440 domino
2895 2381 3007 2436 Deo
3053 2389 3257 2435 nostro.
3305 2376 3407 2431 Ec-

1786 2482 2110 2538 .clesiarum
2156 2478 2458 2549 privilegia,
2496 2476 2737 2546 ‘juvante
2781 2472 2998 2528 domino
3047 2479 3234 2525 nostro
3280 2465 3407 2522 Jesu
3450 2538 3459 2543 ί

1790 2571 2064 2637 .Cbristo,
2118 2579 2430 2625 restaurare
2497 2574 2561 2623 et
2612 2578 2959 2628 conservare,
3019 2568 3075 2615 et
3135 2556 3404 2626 justitiam

1822 2678 1922 2736 per
1971 2671 2216 2719 vestrum
2260 2676 2548 2718 commune
2592 2656 2895 2713 consilium
2957 2651 3190 2709 curabo.
3220 2648 3407 2705 Omni-

1822 2758 1947 2824 bus,
1977 2765 2037 2812 ut
2064 2756 2372 2821 mo'nuistis,
2404 2754 2597 2826 legem,
2624 2751 2887 2821 justitiam
2912 2759 2971 2803 et
2998 2750 3407 2807 rectum'mam-

1822 2853 2093 2922 burgium'.
2128 2846 2421 2906 auxiliante
2452 2850 2581 2913 Deo,
2612 2843 2946 2902 conservabo
2992 2849 3048 2896 et
3088 2828 3402 2909 impendere

1824 2944 2070 3005 curaboaz
2103 2959 2215 3016 quo
2231 2955 2461 3012 sequens
2483 2936 2898 3016 prmcedentium
2920 2934 3180 2989 bonorum
3205 2928 3406 3015 princi-

1824 3058 1951 3116 pum
1998 3010 2259 3111 vestigia',
2308 3010 2431 3092 “tam
2483 3010 2653 3090 sacris
2694 3012 2974 3086 ordinibus
3020 3040 3183 3097 quam
3215 3010 3403 3107 vobis,

1794 3110 2027 3192 nostris
2054 3110 2332 3196 ﬁdelibus,
2365 3126 2647 3184 consulere
2674 3133 2910 3188 certem,
2942 3120 3251 3189 aequitatem
3289 3110 3405 3172 ser-

132 3217 751 3284 duritiam,-avaritiam,
783 3219 1154 3289 cupiditatem,
1192 3220 1618 3288 indignationem
1664 3231 1717 3277 et
1745 3214 1794 3280 C
1824 3230 2017 3285 vando.
2057 3227 2133 3282 De
2157 3223 2399 3281 moribus
2432 3221 2599 3286 meis,
2644 3218 2770 3273 licet
2804 3231 2890 3271 me
2926 3222 3264 3285 peccatorem
3298 3206 3409 3280 prie

100 3308 442 3399 superbiam
489 3327 504 3363 :
542 3309 723 3379 justus
768 3310 1027 3381 patricius
1074 3311 1269 3367 vestris
1317 3312 1613 3383 majoribus
1664 3323 1718 3369 et

129 3400 437 3455 minoribus
461 3408 811 3471 apparentes,
849 3402 1132 3455 veritatem
1169 3416 1264 3456 ore
1294 3411 1348 3457 et
1389 3418 1552 3473 Opere
1581 3420 1718 3474 pra:-

128 3492 391 3556 ferentes,
464 3492 684 3548 salubre
755 3492 1039 3547 consilium
1118 3492 1348 3547 libenter
1411 3496 1715 3563 audientes,

127 3581 377 3641 monstra
410 3586 662 3641 vitiorum
703 3586 1039 3643 declinantes
1083 3596 1139 3641 et
1169 3598 1577 3658 persequentes,
1605 3590 1717 3642 vir-

127 3686 273 3733 tutes
324 3688 590 3745 amantes,
642 3678 1010 3734 defensionem
1059 3687 1113 3734 et
1170 3680 1567 3750 mamburginm
1625 3680 1716 3712 “3"

129 3769 363 3840 singulis
386 3770 725 3826 exhibentes.
753 3770 823 3826 Ut
848 3785 1022 3840 neque
1048 3770 1236 3827 eadem
1264 3781 1453 3827 sancta
1483 3773 1719 3844 synodus

129 3869 183 3915 et
209 3863 482 3932 primates
502 3863 672 3918 vestri
696 3878 821 3918 cum
855 3878 920 3918 ea
951 3864 1268 3930 sentientes,
1299 3880 1444 3920 nunc
1472 3865 1540 3920 de
1567 3866 1720 3923 vobis

134 3952 189 4006 in
219 3954 469 4010 bonitate
499 3954 894 4012 maledicantur
925 3955 1008 4011 vel
1038 3957 1399 4031 detrahantur
1432 3959 1485 4011 in
1516 3957 1717 4024 futuro,

108 4040 315 4115 ‘neque
344 4042 505 4103 sacro
543 4057 729 4103 vestro
760 4049 1085 4120 principatui
1130 4041 1308 4117 nobis,
1340 4060 1399 4106 ut
1425 4032 1735 4120 credimus,

140 4141 421 4204 profuturo
461 4137 609 4208 juste
650 4140 983 4211 derogetur:
1011 4143 1103 4197 sed
1142 4144 1215 4198 sit
1266 4159 1368 4214 pax
1414 4152 1470 4200 et
1518 4146 1721 4201 veritas

142 4228 756 4301 sanctormnsull‘ragiis,
792 4246 891 4300 per
917 4231 1157 4287 divinam
1205 4236 1458 4304 gratiam,
1491 4234 1724 4306 mnus

141 4326 195 4371 et
232 4320 488 4384 subditis,
533 4322 909 4383 sacerdotibus
935 4333 991 4377 et
1018 4323 1123 4378 illis
1147 4325 1452 4381 commissis
1480 4326 1721 4397 primati-

140 4408 261 4478 bus,
296 4413 423 4468 dum
449 4415 530 4469 eis
562 4414 938 4471 auctoritatem
974 4415 1338 4483 evahgelicam
1366 4426 1422 4471 et
1463 4414 1724 4487 apoStoll-

140 4516 258 4557 eam
289 4520 410 4559 cum
433 4504 579 4574 justa
602 4504 723 4576 lege
761 4507 992 4561 humana
1021 4508 1407 4564 consenseritis
1444 4516 1499 4565 et
1526 4510 1717 4565 obser-

138 4596 507 4662 vaveritis,‘ut
546 4612 644 4667 per
673 4599 854 4654 omnia
883 4608 936 4654 et
981 4599 1033 4654 in
1072 4600 1325 4656 omnibus
1366 4601 1719 4657 benedicatur

141 4683 302 4743 Deus.
331 4688 597 4744 Precatur
618 4690 783 4745 etiam
826 4691 1180 4748 sacerdotalis
1204 4702 1255 4748 et
1295 4691 1503 4749 laicalis
1550 4693 1721 4749 ﬁdeli-

139 4784 243 4843 tas,
287 4790 345 4836 ut
383 4780 550 4837 faciat
595 4791 778 4838 vestra
835 4784 1125 4853 prudentia
1172 4800 1610 4857 unumquemque
1662 4787 1718 4843 in

139 4880 318 4926 vestra
345 4873 508 4931 domo
537 4889 695 4930 suum
743 4889 837 4931 vas
863 4876 1145 4946 possidere
1191 4877 1261 4932 in.
1292 4879 1722 4936 sanctiﬁcatione

135 4968 189 5015 ct
210 4961 441 5020 honore.
1130 5031 1141 5039 .

294 5055 521 5112 Bosam’:
554 5059 688 5131 regis
714 5060 863 5115 electi
892 5061 1245 5134 ad'synodum
1278 5066 1562 5136 responsio.

208 5144 606 5205 Sacratissima:
627 5151 832 5222 synodo
857 5163 912 5208 et
932 5155 1145 5210 cunctis
1170 5155 1500 5225 primoribus
1521 5160 1723 5216 nostris

136 5235 389 5296 ﬁdelibus
424 5240 644 5297 humilis
689 5242 893 5299 Christi
938 5245 1258 5301 vernaculus
1288 5247 1447 5303 Boso.
1479 5249 1718 5305 Primum

139 5340 331 5388 vestra:
362 5333 761 5397 sincerissima:
811 5336 1081 5392 devotioni
1127 5338 1426 5409 gratiarum
1480 5342 1723 5398 actiones

1823 3324 2076 3381 omnibus
2109 3321 2277 3376 sciam
2302 3359 2316 3385 ,
2351 3316 2681 3372 voluntatem
2725 3326 2898 3367 meam
2935 3309 3075 3363 hanc
3105 3321 3223 3361 esse
3246 3312 3403 3361 vera-

1822 3418 1957 3473 citer
1984 3429 2191 3477 assero,
2223 3419 2280 3465 ut
2310 3425 2404 3480 per
2450 3407 2628 3463 omnia
2665 3403 2993 3473 morigerum
3023 3400 3310 3461 bonorum,
3353 3394 3413 3451 cl
3444 3449 3449 3455 ,

1822 3510 1878 3565 in
1919 3507 2066 3562 nullo
2115 3504 2381 3559 malorum
2429 3500 2733 3555 ostendam.
2791 3496 2847 3550 Si
2881 3501 3058 3548 autem
3086 3532 3101 3557 ,
3149 3489 3407 3559 quoniam

1822 3592 1986 3656 hamo
2037 3613 2197 3663 sum,
2251 3586 2798 3662 contra'qiiemlibet
2847 3586 3028 3639 animo
3079 3595 3407 3639 excessero,

1822 3687 2118 3746 secundum
2166 3693 2407 3739 vestrum
2456 3679 2743 3737 consilium
2789 3674 3063 3744 corrigere
3094 3671 3315 3727 curabo.
3351 3668 3406 3722 lu

1823 3797 1931 3852 quo
1965 3780 2161 3849 precor
2184 3782 2515 3837 reverenter,
2548 3779 2609 3825 ut
2637 3768 2778 3840 quod
2804 3766 3005 3836 justius
3030 3772 3085 3818 et
3113 3758 3404 3817 rationabi-
3454 3820 3461 3839 ἶ

1824 3849 1929 3926 lius
1957 3866 2304 3931 inveneritis,
2350 3862 2483 3939 mihi
2528 3873 2764 3930 congrue
2793 3864 3163 3937 pro'tempore
3204 3860 3260 3906 et
3289 3849 3407 3903 loco

1824 3944 2197 4034 suggerentes,
2220 3942 2318 4012 vos
2347 3955 2491 4027 ipsos
2519 3953 2572 4007 in
2600 3967 2686 4006 me
2712 3946 2993 4005 bonoretis
3024 3962 3036 3998 .-
3066 3942 3321 4014 quoniam
3352 3949 3407 3995 et

1825 4055 1945 4129 ego,
1971 4054 2016 4110 si
2043 4053 2164 4123 quis
2192 4058 2434 4106 vestrum
2457 4048 2508 4102 in
2534 4061 2619 4100 me
2644 4040 2957 4112 deliquerit,
2979 4034 3408 4092 emendationem

1827 4125 2220 4202 rationabiliter
2261 4136 2596 4196 accessibilis
2645 4129 3191 4201 lactus'eXSpectaho.
3235 4125 3414 4179 Evan-

1804 4241 2052 4315 ,gelieam
2085 4249 2141 4294 et
2171 4233 2524 4307 apostolicam
2552 4218 2928 4285 anetoritatem
2958 4238 3079 4279 cum
3106 4220 3253 4290 justa
3296 4218 3412 4288 lege

1827 4348 2026 4404 sequar
2054 4332 2313 4393 humana,
2346 4334 2405 4381 ut
2426 4325 2543 4395 ipso
2567 4321 2817 4392 pnetluce
2838 4325 2891 4372 et
2919 4315 3135 4376 comite,
3170 4325 3266 4382 per
3289 4326 3407 4364 oni-

1827 4403 1917 4479 nia
1955 4431 2013 4481 et
2035 4423 2087 4476 in
2115 4419 2365 4475 omnibus
2410 4413 2763 4471 benedicatur
2792 4408 2952 4463 Deus.
2992 4404 3069 4459 De
3111 4403 3271 4457 domo
3311 4414 3410 4453 no-

1812 4515 2136 4580 ‘stra,'sieut
2161 4527 2247 4566 me
2276 4505 2589 4571 monuistis',
2621 4504 2746 4575 quia
2777 4503 2915 4556 Dens
2937 4499 2992 4553 in
3028 4496 3231 4551 sanctis
3257 4494 3408 4548 hahi~

1826 4618 1922 4676 tat,
1953 4602 2369 4663 sollicitudinem
2397 4598 2682 4660 adhibebo,
2719 4602 2773 4649 et
2805 4601 2864 4646 ut
2896 4591 3152 4646 decenter
3175 4586 3404 4655 quisque

1822 4703 2040 4760 incedat
2064 4740 2079 4767 ,
2133 4694 2547 4755 studiosissime
2574 4686 2897 4761 procurabn.
2940 4683 3138 4755 Igitur,
3161 4696 3167 4707 '
3193 4679 3400 4735 domini

1825 4796 1953 4860 mei,
1978 4788 2307 4850 sacrosancti
2331 4784 2655 4858 pontifices,
2692 4778 2937 4837 ecclesia:
2975 4775 3171 4831 summi
3194 4774 3289 4829 Dei
3314 4788 3412 4827 no-

1826 4873 1924 4945 stri
1965 4885 2240 4958 prmsules,
2276 4889 2333 4937 et
2359 4893 2466 4935 vos
2480 4890 2672 4931 omnes
2701 4872 2870 4930 noStri
2900 4871 3105 4936 ﬁdeles,
3124 4934 3127 4937 ν
3146 4870 3409 4941 primates

1735 5036 1739 5041 .
1825 4990 1879 5035 et
1924 4976 2287 5048 subprimates
2311 4981 2333 5033 .'
2362 4970 2598 5041 conlisus
2622 4966 2714 5053 ide
2760 4964 2852 5019 Dei
2893 4963 3062 5035 gratia
3095 4970 3149 5016 et
3178 4959 3401 5022 auxilio,

1825 5088 1922 5142 per
1950 5076 2260 5125 sanctorum
2292 5063 2407 5131 ejus
2429 5050 2705 5130 suﬁragia,
2748 5057 2872 5128 quia
2915 5055 3111 5110 vestris
3151 5050 3414 5122 jussioni-

1824 5164 1927 5218 bus
1952 5160 2138 5225 faveo,
2169 5169 2362 5227 precor
2394 5167 2486 5207 vos
2516 5159 2571 5207 et
2599 5149 2825 5205 obsecro
2848 5187 2863 5213 ,
2913 5155 2972 5200 ut
3009 5159 3104 5216 per
3135 5145 3307 5212 ipsum
3351 5148 3407 5194 et

1826 5269 1948 5310 cum
1980 5252 2095 5321 ipso
2116 5289 2130 5314 ,
2164 5257 2273 5302 tam
2297 5244 2400 5316 piis
2426 5244 2493 5298 ad
2517 5242 2691 5313 ipsum
2714 5237 3129 5301 interventibus,
3171 5235 3223 5287 in
3254 5241 3407 5287 tanto

1826 5343 2108 5402 subeundo
2132 5341 2315 5396 labore
2339 5352 2514 5395 meam
2548 5335 2924 5391 necessitatem
2965 5339 3021 5386 et
3046 5326 3405 5384 humilitatem

3374 5438 3381 5449 ³
3416 5442 3437 5476 Ι

1405 5476 1639 5534 VARIIE
1681 5475 2086 5557 LECTIONES.
2180 5546 2185 5551 ι

215 5565 305 5599 ⁸⁸⁸⁷
334 5550 814 5625 mundeburdium.

148 5795 159 5806 ι
210 5698 807 5811 (λϐἀλεοιιιςίεοιιάιηηη
838 5731 1095 5811 Αλιιειιεὶᾗ
1141 5733 1206 5787 Et
1237 5741 1383 5793 certe
1427 5742 1552 5793 tunc
1582 5643 2478 5807 tcugggsgitlaricusAgatbensis
2510 5735 2639 5786 erat
2675 5726 3141 5797 ep‘scopus,~ncc-
3164 5733 3418 5789 unquam

147 5800 198 5855 in
228 5800 567 5884 Septimania
594 5803 834 5882 regnavit
864 5801 1023 5861 Boso.
1058 5803 1225 5869 Bono.
