3924 6318
98 385 194 444 793

1073 374 1508 434 raauconou
1547 374 1794 433 necom
1832 347 2321 432 CAPITULARIA.

3239 361 3348 419 793

95 508 291 559 statuta
319 513 600 556 sacrorum
627 510 895 554 canonum
926 509 1133 550 necnon
1160 495 1403 565 quaedam
1432 490 1668 562 capitula
1698 477 1744 536 Α
1773 491 1912 546 unde
1965 491 2151 545 vivere
2203 488 2363 544 debet
2412 485 2461 540 ei
2505 481 2660 556 tollit.
2720 480 2788 536 Et
2844 477 3046 534 scimus
3074 522 3090 542 .
3139 477 3356 533 dicente

94 604 494 649 antecessorutn
545 599 852 646 nostrorum
885 596 1308 651 renovarentur;
1341 585 1468 656 quia
1494 582 1670 654 gravi-

93 692 178 738 ter
206 691 259 736 et
288 681 513 736 moleste
541 679 788 744 ferimus,
813 677 954 748 quod
986 677 1219 746 peccatis
1253 673 1671 744 impedientibus

93 783 150 832 et
200 774 421 830 malitiis
471 787 850 844 perversorum
898 770 1175 824 hominum
1223 764 1672 835 exuberantibus,

93 867 233 922 ultra
288 865 506 921 modum
539 864 806 920 vilescunt
850 871 1014 932 atque
1057 875 1195 931 pene
1251 859 1520 915 adnullata
1565 857 1672 912 exi-

95 968 264 1023 stunt,
296 959 568 1028 praecipue
612 957 700 1012 illa
750 973 872 1028 qua:
918 966 1109 1012 contra
1158 955 1359 1009 malum
1389 953 1591 1024 rapina:
1621 959 1676 1006 et

95 1050 511 1122 depraedationis
541 1065 570 1104 a
601 1049 805 1105 sanctis
843 1049 1090 1118 patribus
1138 1055 1264 1103 sunt
1311 1045 1676 1118 promulgata,

97 1151 151 1197 et
176 1158 207 1197 a
231 1143 694 1198 christianissimis
722 1143 939 1213 regibus
971 1142 1294 1197 auctoritate
1315 1142 1458 1213 regia
1481 1141 1677 1196 confir-

97 1242 258 1289 mata.
290 1233 568 1305 Siquidem
612 1235 682 1289 ita
715 1235 917 1304 passim
961 1233 1118 1306 longe
1145 1233 1359 1305 lateque
1387 1235 1490 1290 hoc
1514 1247 1680 1289 vene-

99 1343 222 1382 num
252 1327 504 1383 diffusum
531 1337 588 1382 et
631 1327 935 1398 dispersum
964 1333 1077 1393 est,
1106 1335 1166 1382 ut
1195 1326 1347 1396 quasi
1379 1326 1544 1381 libere
1564 1323 1677 1392 jam

98 1417 236 1473 male
281 1419 572 1473 abutantur
619 1432 808 1472 omnes
854 1416 1038 1473 infecti
1085 1427 1140 1472 et
1176 1417 1412 1487 corrupti
1453 1431 1680 1488 corpore

98 1520 152 1566 et
205 1511 383 1566 anima
429 1511 534 1566 hoc
575 1521 682 1564 tam
730 1509 1152 1566 sceleratissimo
1197 1519 1359 1580 atque
1400 1507 1680 1564 mortifero

98 1604 307 1668 morbo,
365 1619 472 1660 non
526 1603 892 1674 recogitantes
936 1603 1037 1659 hoc
1086 1603 1226 1673 quod
1283 1601 1482 1656 Paulus
1527 1599 1676 1664 dicit,

100 1697 266 1752 immo
287 1696 797 1767 Deusomnipotens
823 1711 921 1765 per
961 1696 1134 1766 ipsum
1161 1713 1176 1749 :
1205 1695 1436 1765 Rapaces
1466 1709 1681 1764 regnum

93 1785 193 1886 Dei
223 1803 326 1886 non
371 1786 728 1886 possidebunt.
755 1785 942 1855 Neque
973 1785 1100 1840 illud
1127 1785 1268 1854 quod
1295 1784 1417 1839 alibi
1448 1784 1678 1854 Aposto—
1709 1826 1755 1886 Β

96 1879 181 1933 lus
209 1878 304 1944 ait,
349 1879 475 1949 quia
502 1879 546 1933 si
577 1879 933 1948 nosmetipsos
959 1877 1292 1933 comedimus
1319 1885 1372 1931 et
1397 1877 1676 1932 consumi-

102 1982 235 2032 mus,
269 1967 320 2022 id
365 1977 450 2022 est
474 1968 870 2038 deprtedamur,
910 1968 1020 2024 cito
1069 1966 1401 2022 deficiemtss.
1433 1966 1682 2036 Comple-

103 2065 187 2112 tur
215 2073 347 2128 ergo
379 2057 430 2112 in
468 2058 625 2113 nobis
644 2099 659 2123 ,
686 2059 852 2113 immo
882 2073 978 2127 per
1005 2071 1134 2118 nos,
1164 2057 1308 2126 quod
1336 2057 1681 2126 omnipotens

105 2146 242 2203 Deus
305 2163 404 2218 per
449 2149 641 2203 Isaiam
690 2149 1011 2218 prophetam
1065 2146 1396 2215 improperat
1447 2132 1678 2199 dicens:

107 2235 466 2310 Unusquisque
496 2239 934 2316 carnemibrachii
961 2237 1044 2292 sui
1077 2238 1297 2303 vorabit,
1330 2237 1381 2290 id
1423 2245 1526 2298 est,
1554 2233 1684 2291 sub-

103 2329 353 2382 stantiam
397 2329 583 2384 fratris
628 2330 708 2384 sui
741 2329 974 2400 diripiet.
1004 2327 1236 2382 Carnem
1287 2327 1429 2381 enim
1479 2325 1684 2381 brachii

104 2421 185 2475 sui
235 2422 480 2487 devorat,
527 2430 582 2476 et
629 2423 945 2493 sanguinem
993 2421 1197 2476 brachii
1249 2421 1330 2476 sui
1379 2420 1544 2485 bibit,
1595 2420 1684 2490 qui

109 2513 465 2567 substantiam
494 2512 723 2583 proximi
759 2512 840 2568 sui
876 2512 1030 2577 tollit,
1063 2513 1206 2566 unde
1236 2528 1365 2568 caro
1396 2511 1688 2566 sustentari

106 2603 306 2658 debuit.
353 2601 466 2658 Non
498 2612 582 2660 est
616 2611 798 2658 autem
829 2604 1059 2667 mirum,
1088 2603 1131 2659 si
1176 2603 1368 2673 pagani
1398 2611 1453 2656 et
1487 2610 1689 2657 extera:

107 2696 354 2751 nationes
382 2695 535 2752 nobis
564 2695 913 2751 dominantur
944 2696 1204 2766 nobisque
1232 2696 1374 2750 bona
1421 2704 1689 2765 tempora-

108 2784 174 2839 lia
207 2785 422 2850 tolluut,
450 2787 574 2841 dum
618 2788 987 2857 unusquisque
1016 2787 1265 2855 proximo
1307 2802 1406 2841 suo
1441 2802 1538 2855 per
1583 2787 1688 2840 vim

111 2877 245 2931 tollit
273 2879 415 2934 unde
453 2879 634 2934 vivere
671 2879 850 2934 debet.
899 2879 1024 2934 Ideo
1065 2879 1210 2949 juste
1256 2879 1507 2933 convenit
1539 2879 1693 2934 nobis

113 2967 237 3022 illud
271 2970 414 3038 quod
445 2972 790 3040 omnipotens
824 2971 964 3025 Deus
1008 2985 1106 3041 per
1139 2971 1332 3030 lsaiam
1374 2971 1694 3043 prephetam

117 3058 348 3114 minatur
378 3060 609 3116 dicens:
670 3059 761 3116 Va:
798 3063 888 3133 qui
934 3063 1231 3132 prazdaris,
1281 3081 1450 3119 nonne
1494 3075 1541 3119 et
1588 3067 1696 3136 ipse

115 3151 424 3218 prtt'dabert's
443 3154 469 3207 Ρ
489 3151 596 3208 Nos
631 3169 758 3209 vero
796 3155 1102 3224 prtedamur
1128 3156 1325 3212 fratres
1354 3167 1568 3214 nostros
1590 3197 1604 3222 ,
1644 3166 1698 3211 et

119 3239 311 3298 idcirco
353 3244 547 3314 pagani
579 3247 772 3300 merito
817 3263 915 3301 nos
958 3257 1308 3318 nostramque
1335 3249 1695 3304 substantiam

119 3329 512 3401 deprzedantur.
545 3334 826 3402 Quomodo
859 3337 1024 3408 igitur
1050 3341 1224 3394 securi
1259 3341 1556 3410 poterimus
1584 3355 1700 3411 per-

120 3437 241 3492 gere
264 3433 453 3480 contra
484 3426 734 3484 inimicos
763 3438 964 3484 sanctae
991 3429 1082 3484 Dei
1112 3430 1355 3486 ecclesia:
1380 3441 1435 3486 et
1461 3440 1698 3496 nostros,

120 3527 237 3568 cum
278 3516 466 3588 rapina
495 3518 750 3589 pauperis
788 3519 994 3573 inclusa
1041 3529 1130 3574 est
1180 3521 1232 3575 in
1283 3521 1444 3577 domo
1475 3521 1702 3577 nostra?

123 3612 174 3658 et
202 3621 306 3662 non
347 3607 519 3664 solum
567 3609 707 3664 domi
742 3609 950 3665 reclusa
995 3619 1101 3676 est,
1147 3626 1336 3666 verum
1380 3612 1543 3666 etiam
1586 3611 1701 3680 ple-

127 3710 347 3768 rumque
376 3700 581 3766 evenit,
619 3710 678 3756 ut
723 3701 883 3771 pleno
913 3711 1106 3757 ventre
1152 3703 1342 3772 rapina
1389 3703 1442 3757 iu
1488 3703 1700 3758 hostem

124 3787 332 3856 quidam
360 3789 796 3860 proficiscantur.
841 3791 908 3844 Et
953 3792 1226 3860 quomodo
1270 3792 1568 3862 poterimus
1594 3791 1702 3846 iui-

124 3877 287 3934 micos
312 3889 528 3938 nostros
554 3881 858 3948 devincere,
890 3897 1014 3937 cum
1065 3883 1286 3955 sanguis
1329 3883 1557 3939 fratrum
1603 3897 1701 3938 no-

124 3975 354 4024 atrorum
393 3972 462 4026 ab
499 3985 595 4027 ore
638 3982 826 4028 nostro
874 3972 1120 4039 distillat,
1165 3983 1220 4030 et
1265 3989 1459 4032 manus
1507 3986 1706 4031 nostrae

125 4058 289 4126 plenae
316 4071 443 4116 sunt
471 4063 750 4130 sanguine,
776 4073 830 4118 et
849 4063 1074 4119 br’achia
1101 4065 1339 4136 pondere
1365 4066 1704 4121 miseriarum

125 4158 176 4202 et
204 4151 516 4221 rapinarum
547 4162 844 4225 gravantur
866 4195 881 4218 ,
912 4163 1134 4226 totaque
1176 4158 1346 4211 virtus
1391 4157 1556 4211 animi
1588 4172 1708 4214 cor-

125 4240 380 4312 porisque
447 4243 796 4298 debilitatur?
847 4243 1046 4300 Preces
1095 4253 1295 4302 nostrae
1353 4261 1381 4300 a
1432 4247 1542 4302 Deo
1600 4263 1705 4303 non

129 4329 506 4400 recipiuntur,
552 4332 677 4401 quia
733 4333 1006 4390 clamores
1071 4341 1128 4389 et
1197 4335 1438 4405 ploratus
1497 4336 1710 4407 altaque

128 4425 358 4493 suspiria
409 4441 706 4497 pauperum
783 4436 840 4482 et
909 4429 1277 4498 orphanorum
1308 4470 1324 4494 ,
1381 4429 1708 4498 pupillorum

128 4521 289 4585 atque
316 4518 599 4573 viduarum
631 4528 1009 4589 praeoccupaut
1055 4527 1112 4575 et
1158 4520 1496 4590 praeveniunt
1521 4535 1712 4592 preces

131 4615 376 4674 nostras,
416 4624 538 4678 quae.
574 4610 758 4665 crudis
807 4611 1061 4667 carnibus
1112 4611 1342 4667 fratrum
1398 4622 1710 4668 nostrorum

131 4711 368 4765 gravata:
397 4703 792 4760 raueitudinem
829 4715 1176 4774 acceperunt,
1210 4704 1712 4762 nullamsonorita-

134 4799 240 4846 tem
294 4795 554 4851 virtutum
595 4795 876 4853 habentes.
923 4797 990 4852 Et
1018 4807 1146 4853 sunt
1172 4798 1325 4853 multi
1357 4799 1448 4868 qui
1485 4814 1552 4854 ex
1599 4799 1713 4868 ipsa

137 4885 321 4956 rapina
341 4887 589 4944 videntur
600 4889 970 4961 eleemosynas
985 4889 1183 4955 facere,
1201 4907 1304 4946 non
1323 4891 1716 4962 intellegentes,

137 4978 277 5044 quod
308 4980 375 5034 de
400 4980 601 5035 talibus
629 4981 760 5036 dicit
796 4980 984 5036 Esaias
1020 4995 1035 5035 :
1081 4982 1186 5048 Qui
1213 4983 1366 5052 offert
1407 4981 1626 5036 Domino
1654 4981 1719 5036 de

136 5070 321 5136 rapina
360 5071 693 5136 oblationem,
739 5073 890 5143 quasi
927 5074 1017 5134 qui
1060 5082 1248 5126 mactet
1285 5053 1454 5141 ﬁlium
1481 5083 1602 5125 ante
1625 5088 1722 5141 pa-

138 5168 290 5213 trem.
320 5161 386 5215 Et
414 5171 544 5217 sunt
568 5162 806 5218 nonnulli
845 5163 936 5231 qui
965 5163 1031 5216 de
1052 5162 1380 5226 homicidiis,
1415 5161 1718 5227 adulteriis,

144 5249 409 5319 periuriis,
456 5253 721 5310 incendiis
754 5247 1041 5308 corisilium
1069 5262 1124 5308 et
1158 5255 1532 5323 paenitentiam
1563 5269 1713 5323 qure-

147 5351 289 5405 runt,
314 5352 368 5398 et
397 5344 594 5398 malum
622 5346 822 5414 rapina:
849 5360 948 5415 pro
978 5345 1149 5400 nihilo
1173 5346 1396 5409 ducunt,
1426 5361 1532 5400 non
1564 5344 1722 5398 intel-

147 5427 379 5502 legentes
407 5435 533 5504 quia
562 5445 695 5503 quot
724 5449 990 5504 pauperes
1033 5436 1156 5504 quis
1191 5435 1459 5503 exspoliat
1489 5444 1544 5491 et
1576 5435 1720 5490 fame

149 5535 212 5576 ac
239 5525 478 5580 nuditate
528 5525 823 5596 periclitari
873 5525 1022 5593 facit,
1071 5535 1150 5582 tot
1192 5527 1482 5582 homicidia
1531 5541 1720 5597 perpe-

153 5618 253 5668 trat
297 5629 312 5670 :
368 5615 495 5686 quia
533 5624 662 5671 tunc
697 5617 1004 5685 proximum
1050 5631 1206 5673 suum
1261 5615 1536 5681 interficit,
1591 5616 1718 5670 dum

1731 581 1938 648 ,Paulo
1991 577 2255 650 apostolo,
2303 577 2428 646 quia
2478 573 2655 629 omnis
2703 569 2973 626 homicida
3025 583 3134 624 non
3191 567 3356 621 habet

1772 675 1937 729 vitam
1973 673 2023 727 in
2062 687 2226 741 regno
2254 669 2367 734 Dei,
2400 675 2454 722 et
2481 664 2779 721 homicidas
2817 672 2871 718 et
2898 660 3172 715 adulteros
3205 657 3356 726 judi-

1773 765 1918 822 cabit
1958 765 2117 818 Deus.
2174 762 2310 829 Quia
2367 773 2496 829 ergo
2544 769 2768 826 rapaces
2829 768 3058 824 regnum
3109 749 3200 804 Dei
3248 764 3357 803 non

1771 856 2146 926 possidebunt,
2199 851 2299 906 nisi
2351 865 2413 904 ea
2463 846 2795 903 reddiderint
2842 859 2962 914 qua":
3009 841 3246 902 tulerint,
3301 847 3359 893 et

1775 949 1996 1018 insuper
2023 943 2399 1016 pmnitentiam
2431 938 2664 1011 egerint,
2707 935 2973 1008 fugiamus
3014 932 3115 986 hoc
3146 938 3354 985 tantmu

1775 1041 1999 1106 malum,
2027 1038 2168 1094 unde
2213 1044 2291 1092 tot
2330 1048 2394 1090 ac
2441 1039 2587 1087 tanta
2635 1027 2741 1084 alia
2773 1027 2913 1082 mala
2941 1023 3257 1097 procedunt,
3301 1029 3358 1076 et

1776 1133 2061 1202 diligamus
2092 1128 2365 1200 proximos
2407 1125 2550 1180 sicut
2589 1119 2968 1189 nosmetipsos.
3001 1113 3359 1184 adimplentes

1777 1227 1948 1298 legem
1985 1239 2104 1294 qum
2140 1221 2270 1276 dicit
2298 1237 2311 1272 :
2343 1216 2466 1272 Non
2496 1213 2835 1284 concupiscas
2873 1227 2978 1264 rem
3007 1206 3232 1278 proximi
3257 1205 3360 1267 tui,

1778 1295 1870 1373 nec
1899 1318 2072 1372 omnia
2101 1331 2216 1384 qua:
2243 1311 2385 1365 illius
2414 1317 2556 1363 sunt.
2596 1304 2732 1373 Quia
2765 1303 2924 1357 aliter
2955 1315 3130 1370 neque
3176 1295 3360 1351 inimi-

1778 1412 1858 1468 cis
1901 1404 2441 1477 nostris‘poterimus
2469 1399 2743 1464 resistere,
2789 1409 2966 1466 neque
3011 1405 3237 1461 regnum
3270 1388 3367 1443 Dei

1777 1500 2072 1576 possidere.

1851 1599 1905 1654 l.
1946 1595 2207 1652 Volumus
2238 1591 2442 1661 itaque,
2489 1595 2548 1642 ut
2591 1593 2852 1657 patattum
2899 1588 3165 1642 nostrum,
3216 1585 3369 1629 more

1780 1688 2239 1759 prcedecessorum
2293 1689 2622 1742 nostrorum,
2660 1684 2715 1730 et
2757 1673 2849 1728 Dei
2897 1670 3068 1734 cultu,
3119 1677 3174 1724 et
3204 1663 3368 1735 regali

1785 1753 2020 1842 honore,
2064 1774 2158 1829 sed
2208 1781 2263 1828 et
2316 1767 2594 1840 religionis
2641 1764 2851 1829 habitu,
2893 1769 2948 1816 et
2993 1753 3372 1813 unanimitatis

1784 1869 2119 1932 concordia,
2169 1877 2332 1936 atque
2381 1861 2528 1932 pacis
2579 1857 2770 1916 ordine
2825 1853 3148 1916 stabiliatur,
3199 1856 3256 1904 et
3315 1847 3373 1901 in

1784 1963 1970 2019 eodem
2007 1959 2207 2031 palatio
2236 1963 2419 2010 nostro
2444 1967 2548 2023 pax
2571 1948 3029 2021 praedecessorum
3059 1950 3368 1997 nostrorum

1785 2051 2155 2110 sanctionibus
2201 2053 2446 2108 serrata,
2495 2056 2597 2113 per
2643 2051 2805 2093 omne
2849 2048 3076 2106 regnum
3121 2037 3372 2086 nostrum

1786 2144 2100 2214 exequenda
2129 2139 2456 2212 proferatur.

1856 2237 1912 2291 2.
1956 2233 2307 2290 Deccrnimus
2336 2228 2518 2299 igitur,
2551 2233 2610 2278 ut
2654 2234 2843 2277 omnes
2872 2218 2923 2272 in
2954 2214 3152 2286 palatio
3193 2219 3379 2266 nostro

1789 2335 2218 2388 commauentes,
2263 2331 2319 2377 et
2367 2319 2496 2374 illud
2547 2315 2785 2384 undique
2825 2311 3104 2370 adeuntes,
3155 2302 3379 2376 paci’iice

1789 2421 1994 2473 vivant.
2024 2416 2175 2483 Quod
2203 2414 2248 2468 si
2287 2411 2481 2480 aliquis
2507 2415 2761 2475 corrupta
2790 2416 2920 2472 pace
2951 2399 3192 2470 rapinam
3222 2408 3380 2449 exer-

1792 2512 1988 2576 cuerit,
2041 2525 2135 2579 per
2183 2514 2420 2562 nostram
2458 2501 2658 2570 regiam
2711 2494 3089 2551 auctoritatem
3134 2495 3189 2542 et
3230 2482 3379 2538 missi

1791 2605 1959 2662 nostri
1977 2577 2276 2671 iussionem
2292 2597 2358 2651 ad
2381 2593 2670 2665 palatinam
2693 2587 2993 2642 adducatur
3011 2577 3376 2637 audientiam;

1808 2706 1870 2753 ut
1899 2692 2192 2750 secundum
2222 2688 2362 2759 quod
2396 2687 2448 2739 in
2481 2680 2731 2754 capitulis
2763 2684 3164 2731 antecessorum
3207 2662 3384 2720 conti-

1796 2795 1978 2850 netur,
2019 2782 2179 2854 legali
2228 2757 2486 2834 multetur
2526 2772 2753 2842 judicio,
2805 2765 2961 2838 tripla
2991 2757 3382 2831 compositione

1796 2885 2015 2951 peracta
2045 2889 2168 2930 cum
2205 2868 2475 2925 dominico
2504 2865 2706 2919 banuo.

1866 2971 1919 3026 5.
1962 2967 2019 3023 Si
2051 2967 2173 3037 quis
2202 2977 2332 3019 vero
2362 2961 2565 3029 absque
2595 2955 2807 3011 seniore
2837 2957 2928 3006 aut
2958 2945 3097 3002 infra
3125 2940 3383 3014 palatium

1800 3072 1892 3118 aut
1920 3063 2063 3118 circa
2093 3059 2224 3114 illud
2254 3057 2455 3126 degens
2485 3053 2587 3107 hoc
2631 3050 2770 3104 idem
2809 3044 3000 3100 fecerit
3027 3084 3041 3107 ,
3073 3042 3216 3096 hunc
3257 3037 3388 3091 mis-

1803 3169 1896 3208 sus
1925 3158 2109 3207 noster
2137 3148 2318 3211 adeat,
2341 3152 2395 3198 et
2424 3143 2491 3198 ad
2507 3129 2692 3211 ipsum
2743 3136 3000 3207 palatium
3021 3131 3175 3202 jussu
3201 3135 3390 3182 nostro

1805 3260 1928 3300 eum
1957 3243 2142 3297 venire
2170 3237 2472 3310 prtecipiat.
2523 3231 2676 3300 Quod
2709 3231 2754 3286 si
2796 3243 2928 3282 ausu
2970 3222 3260 3280 temerario
3290 3231 3387 3271 ve-

1804 3336 1922 3390 nire
1951 3308 2341 3401 contempserit
2360 3368 2376 3393 ,
2406 3326 2458 3379 vi
2486 3323 2552 3379 ad
2583 3329 2825 3377 nostram
2858 3312 3199 3388 praesentiam
3224 3308 3391 3363 addu-

1804 3434 1980 3492 catur,
2013 3422 2323 3479 subdendus
2347 3418 2801 3490 przedecessorum
2825 3419 3130 3464 nostrorum
3160 3397 3393 3458 sanctio-

1807 3516 1985 3570 nibus.
2028 3512 2086 3568 Si
2130 3521 2310 3566 autem
2351 3516 2407 3563 et
2448 3520 2547 3560 nos
2593 3511 2649 3557 et
2700 3501 2925 3556 missum
2978 3503 3220 3550 nostrum
3263 3503 3396 3543 con-

1807 3601 2109 3673 tempserit,
2132 3608 2187 3655 et
2205 3599 2270 3653 ad
2295 3614 2391 3653 nos
2408 3597 2592 3651 venire
2621 3589 2871 3652 uoluerit,
2899 3595 2952 3642 et
2975 3600 3032 3640 se
3056 3575 3394 3638 defendendo

1807 3698 1878 3751 ibi
1908 3695 2121 3752 occisus
2152 3691 2336 3756 fuerit,
2365 3698 2420 3745 et
2450 3687 2646 3757 aliquis
2669 3690 2953 3754 parentum
2977 3685 3069 3732 aut
3093 3673 3392 3729 amicorum

1806 3789 1926 3858 ejus
1958 3787 2080 3842 inde
2113 3784 2308 3839 faidam
2343 3779 2591 3834 fidelibus
2618 3773 2820 3830 nostris
2870 3769 2962 3840 qui
3011 3780 3134 3822 eum
3184 3759 3395 3817 occide-

1808 3849 1919 3935 rint
1943 3886 2164 3947 portare
2194 3871 2446 3931 voluerit.
2477 3865 2803 3937 potestative
2847 3874 2969 3914 eam
2993 3856 3184 3926 jnrare
3229 3849 3398 3904 facie-

1808 3985 1970 4034 mus,
2033 3975 2088 4023 et
2142 3951 2328 4020 ﬁdeles
2373 3969 2590 4016 nostros
2647 3954 2794 4026 regia
2839 3946 3161 4006 auctoritate
3201 3938 3400 3996 exinde

1809 4059 2204 4129 adjuvabimus.

1879 4120 1934 4206 λ.
1975 4148 2185 4206 Placuit
2249 4145 2412 4201 etiam
2460 4139 2618 4195 nobis
2664 4143 2720 4191 et
2780 4129 3028 4188 fidelibus
3073 4120 3296 4184 nostris,
3338 4123 3402 4171 ut

1811 4243 2136 4314 quicumque
2175 4236 2313 4292 infra
2361 4245 2584 4302 regnum
2637 4233 2880 4282 nostrum
2924 4214 3125 4286 aliquid
3161 4206 3401 4280 rapuerit

1814 4305 1906 4388 aut
1933 4305 2271 4402 deprtcdatus
2303 4322 2485 4386 fuerit,
2515 4316 2696 4373 omnia
2730 4315 2783 4369 iu
2824 4309 3042 4380 triplum
3073 4305 3402 4402 componat,

1815 4434 1870 4480 et
1892 4385 2130 4479 baniium
2170 4415 2500 4472 dominicum
2533 4405 2828 4480 persolvat,
2880 4408 2934 4456 et
2984 4399 3205 4465 insuper
3231 4385 3404 4480 publi:

1818 4532 1936 4573 eam
1974 4509 2350 4584 paenitentiam
2399 4478 2731 4558 inde‘faciat
2759 4537 2774 4561 ,
2821 4495 2964 4548 sicut
3011 4489 3064 4543 in
3119 4478 3403 4553 capitulari

1819 4579 2224 4663 antecessorum
2259 4596 2587 4652 continetur.
2631 4587 2689 4643 Si
2719 4594 2898 4640 autem
2928 4579 3151 4635 colonus
3175 4580 3267 4627 aut
3288 4583 3404 4625 sero

1818 4713 1918 4753 vus
1965 4694 2171 4757 fuerit,
2203 4687 2456 4745 similiter
2504 4679 2686 4737 omnia
2742 4677 2794 4730 in
2844 4671 3064 4743 triplum
3094 4666 3406 4731 componat,

1822 4799 1917 4847 aut
1947 4787 2197 4844 dominus
2243 4796 2342 4852 pro
2387 4793 2452 4834 eo
2498 4771 2779 4842 sexaginta
2829 4768 2972 4821 ictus
3014 4763 3150 4816 bene
3185 4765 3404 4827 pressos

1824 4844 2094 4953 accipiat,
2139 4886 2195 4932 et
2240 4844 2460 4942 insuper
2508 4865 2776 4936 publicam
2848 4854 3224 4931 pmnitentiam
3283 4844 3408 4946 inde

1825 4934 1984 5046 agat‘;
2018 4968 2174 5039 cujus
2205 4963 2395 5019 modus
2426 4958 2530 5014 erit
2576 4957 2631 5009 in
2661 4948 3096 5009 consideratione
3143 4934 3407 5011 episcopi,

1825 5033 2121 5122 secundum
2155 5054 2512 5128 quantitatem
2547 5047 2675 5103 facti
2720 5063 2732 5098 :
2776 5042 2903 5114 quia
2934 5033 3318 5094 fornicationes
3352 5033 3408 5080 et

1827 5152 2090 5212 adulteria
2114 5121 2277 5219 atque
2302 5139 2617 5200 homicidia.
2647 5149 2854 5192 necnon
2885 5127 3152 5189 incendia,
3175 5121 3410 5219 ebrieta:

1828 5260 1910 5306 tes
1964 5208 2538 5314 aliaque-quamplura
2586 5230 2716 5285 vitia
2767 5223 2963 5282 exinde
3011 5218 3294 5314 prodeunt.
3349 5208 3406 5264 Si

1827 5341 1949 5412 quis
2014 5337 2194 5392 autem
2262 5325 2542 5401 negaverit
2608 5321 2850 5382 factum,
2919 5313 2962 5368 si
3027 5303 3409 5412 conrprobatps

1830 5391 1934 5488 lion
1984 5428 2170 5493 fuerit,
2222 5420 2444 5496 propria
2499 5431 2659 5473 manu
2701 5411 3011 5482 iuramento
3061 5415 3120 5455 se
3156 5391 3414 5494 cxcondi-

1827 5534 1916 5581 cat
1945 5521 2068 5587 “'3;
2119 5523 2342 5587 excepto
2374 5511 2572 5567 nostris
2600 5505 2774 5561 vassis
2815 5493 3102 5555 dominicis
3123 5531 3136 5556 .
3162 5503 3260 5559 ι)το
3288 5482 3412 5587 τιυξ·

1829 5618 1929 5670 bus
1975 5612 2189 5668 illorum
2218 5606 2465 5664 homines
2497 5599 2753 5658 meliores
2789 5591 3159 5662 juramentum
3202 5574 3412 5652 persol-

1416 5730 1651 5788 V'ARUE
1686 5723 2092 5785 LECTIONES.

219 5819 304 5854 “"‘
332 5837 389 5880 se
420 5823 715 5880 abscondat
739 5823 792 5878 3.
