3924 6318
517 269 622 325 799

1247 220 1556 317 APPEXD:
1579 259 1669 314 AD
1709 257 1879 313 SA'IC.
1922 256 1988 312 Χ.
2016 287 2084 296 -
2124 251 2558 311 MONUMENTA
2596 249 3081 308 DIPLOMATICA.

3695 246 3793 304 800

593 380 644 435 1.
681 378 737 434 lu
761 376 949 449 primis
979 391 1224 443 oramus,
1254 385 1503 447 aptamus
1523 388 1852 444 operamque
1886 373 2099 436 damus,
2134 360 2176 416 Λ
2205 381 2330 421 cere
2355 371 2688 436 presumunt,
2735 363 2790 418 hi
2843 377 2968 418 cum
3013 354 3210 430 quibus
3260 364 3568 423 morantur,
3596 367 3697 413 aut
3730 360 3796 412 ad

523 484 583 530 ut
623 481 797 528 mater
835 480 1018 528 nostra
1060 479 1250 527 sancta
1291 469 1534 524 Romana
1585 467 1814 523 ecclesia
1863 465 1916 520 in
1966 473 2107 520 statu

521 575 577 623 et
600 566 804 621 honore
838 579 935 619 suo
959 578 1078 618 eum
1115 561 1367 616 omnibus
1402 559 1697 632 privilegiis
1725 567 1782 613 et
1815 557 2110 612 auctorita-

522 659 687 723 tibus,
739 658 878 712 sicut
909 657 977 711 ab
1009 655 1246 726 antiquis
1291 663 1346 710 et
1378 653 1652 710 modernis
1698 650 2112 723 imperatoribus

489 813 493 816 λ
522 759 686 821 atque
714 749 929 820 regibus
955 747 1242 838 sublimata
1268 755 1350 802 est
1369 788 1383 811 ,
1413 747 1485 801 ita
1513 746 1799 809 habeatur,
1839 752 2111 808 teneatur,

524 849 582 896 et
615 839 968 910 perhcnniter
999 834 1336 894 custodiatur
1359 837 1528 892 illcsa.
1560 835 1723 891 Nefas
1751 844 1836 890 est
1862 834 2031 897 enim,
2055 841 2115 888 ut

525 933 627 989 hec
654 949 774 1003 quae
807 933 975 987 totius
1012 933 1256 1004 corporis
1298 931 1545 988 ecclesia:
1573 940 1734 1001 caput
1763 939 1868 992 est,
1902 940 1957 984 et
1985 944 2116 985 con—

524 1023 730 1095 fugium
755 1032 917 1094 atque
949 1023 1206 1079 relevatio
1229 1023 1640 1086 infirmantium,
1669 1038 1698 1077 a
1723 1035 1994 1092 quoquam
2033 1027 2114 1075 te-

525 1129 676 1169 mere
723 1113 1026 1184 pmpulsari
1082 1114 1338 1168 vexarive
1385 1114 1764 1183 permittatur,
1828 1109 2115 1181 presertim

528 1222 652 1263 cum
681 1208 888 1262 sanitas
916 1207 1084 1278 ipsius
1107 1215 1416 1262 nostrorum
1440 1206 1679 1261 omnium
1704 1205 1775 1260 sit
1801 1203 2114 1260 salubritas.

526 1298 646 1371 Ipse
673 1315 887 1370 quoque
923 1315 1170 1356 summus
1202 1299 1445 1369 pontifex
1482 1314 1511 1354 a
1541 1299 1753 1354 cunctis
1786 1295 2119 1368 principibus

527 1402 582 1448 et
611 1392 892 1448 christiani
923 1394 1154 1449 nominis
1182 1394 1482 1449 cultoribus
1508 1395 1672 1464 digno
1705 1407 1921 1462 semper
1951 1407 2118 1447 vene-

532 1492 684 1539 retur
710 1484 937 1551 honore,
967 1485 1254 1554 debitaque
1281 1485 1539 1555 precellat
1569 1484 1895 1540 reverentia.

604 1577 663 1632 2.
706 1577 1053 1649 Singulorum
1103 1579 1476 1649 episcoporum
1528 1577 1770 1634 ecclesia
1823 1591 1946 1632 cum
2008 1575 2121 1631 suis

530 1668 826 1740 privilegiis
853 1679 907 1725 et
945 1672 1374 1742 possessionibus
1423 1680 1533 1726 tam
1579 1669 1927 1728 interioribus
1956 1683 2118 1738 quam

2212 455 2541 510 audientiam
2587 468 2682 508 eos
2705 451 2973 507 adducant
2998 458 3090 504 aut
3119 464 3216 520 pro
3241 449 3322 503 eis
3349 447 3664 511 emendent.
3707 464 3797 504 ne-

2211 561 2315 616 que
2336 559 2430 601 eos
2463 543 2687 599 ulterius
2714 541 2988 597 in‘talibns
3016 540 3163 594 ausis
3191 554 3288 595 sua
3313 547 3582 610 potestate
3611 537 3800 594 defert-

2212 636 2338 692 dere
2366 635 2630 698 audeant;
2663 631 2806 703 quod
2832 633 2876 688 si
2921 630 3170 694 fecerint,
3193 630 3333 684 inter
3365 628 3800 684 excommunica-

2214 736 2299 785 tos
2326 728 2630 783 habeantur
2671 739 2954 796 quousque
2980 724 3324 794 resipiscam.

2283 841 2336 896 9.
2378 838 2632 894 Pretcrea
2662 837 2788 908 quia
2813 836 3080 907 gloriosus
3107 851 3203 891 rex
3247 832 3410 890 Wido
3445 833 3701 905 dignatus
3723 844 3802 889 est

2213 931 2369 986 nobis
2391 929 2727 1000 promittere,
2771 935 3195 984 conservaturus
3225 941 3284 981 se
3327 926 3636 996 prescripta
3663 927 3804 994 capi-

2217 1023 2323 1078 tula
2347 1022 2671 1078 necessitate
2710 1037 2818 1076 non
2848 1020 3070 1076 minima
3098 1019 3343 1076 confecta
3381 1027 3436 1074 et
3468 1035 3592 1090 qua:
3633 1019 3686 1074 in
3729 1021 3811 1074 eis

2216 1118 2580 1180 continentur,
2611 1131 2799 1171 curam
2830 1116 3053 1181 habens,
3080 1115 3192 1170 Deo
3224 1115 3556 1182 inspirante,
3575 1128 3692 1167 suae
3715 1128 3807 1166 uo-

2216 1215 2452 1278 strreqne
2495 1207 2706 1271 salutis,
2745 1207 2886 1262 sicut
2930 1205 3139 1276 apertis
3185 1204 3392 1260 inditiis
3441 1203 3557 1272 jam
3586 1203 3806 1258 demon-

2217 1307 2390 1364 strat;
2427 1297 2546 1353 ideo
2571 1297 2727 1353 nobis
2752 1297 3006 1352 omnibus
3037 1294 3388 1366 complacuit,
3418 1293 3629 1366 eligere
3663 1293 3807 1348 illum

2193 1391 2273 1447 in
2328 1406 2508 1462 regem
2557 1399 2613 1446 et
2643 1391 2913 1447 seniorem
2955 1397 3118 1459 atque
3145 1387 3510 1448 defensorem.
3556 1387 3808 1456 quatinus

2220 1483 2424 1548 amodo
2453 1490 2510 1538 et
2547 1481 2820 1552 deinceps,
2870 1481 2962 1537 illo
2989 1497 3089 1536 nos
3113 1479 3410 1535 secundum
3438 1478 3628 1549 regale
3656 1477 3806 1531 mini-

2221 1575 2445 1630 sterium
2475 1573 2827 1645 gubernante,
2863 1571 3061 1643 singuli
3102 1579 3346 1626 nostrum
3396 1569 3452 1623 in
3493 1583 3597 1628 suo
3629 1568 3810 1622 ordine

2224 1669 2560 1725 oboedientes
2585 1677 2640 1724 et
2667 1666 2942 1737 adjutores
2959 1681 3060 1738 pro
3087 1679 3247 1736 posse
3288 1664 3596 1721 existamus
3626 1661 3703 1717 illi
3751 1660 3813 1717 ad

530 1760 891 1816 exterioribus
933 1761 1246 1818 inconvulse
1267 1771 1320 1817 et
1348 1762 1680 1832 incorrupte,
1712 1761 1916 1830 absque
1940 1760 2119 1829 aliqua
2155 1733 2201 1794 Β
2227 1779 2379 1820 suam
2407 1763 2666 1834 regnique
2692 1763 2773 1819 sui
2801 1760 3173 1818 salvationem.

537 1851 620 1905 sui
646 1851 1076 1908 deminoratione
1116 1853 1200 1910 vel
1224 1853 1587 1924 quorumlibet
1613 1867 1901 1923 pravorum
1947 1852 2122 1906 homi-

533 1956 663 1994 num
697 1941 893 2012 injusta
921 1943 1204 1998 vexatione
1243 1951 1621 2012 permaneant,
1662 1942 1801 1998 sicut
1851 1951 2121 2012 praecepta

537 2023 723 2103 regunt
748 2044 801 2092 et
826 2037 1212 2105 imperatorum
1240 2039 1341 2093 sibi
1372 2039 1564 2094 collata
1589 2039 1888 2094 continent.
1933 2039 2126 2094 Recto-

538 2143 733 2196 resque
783 2144 968 2184 earum
1023 2130 1194 2186 libere
1231 2130 1593 2201 pontificalem
1641 2139 1936 2186 exerceant
1976 2140 2125 2200 pote-

539 2227 768 2283 statem,
812 2228 920 2275 tam
973 2221 1025 2275 in
1080 2221 1429 2292 disponendis
1459 2220 1843 2276 ecclesiaSticis
1875 2221 2126 2291 negotiis,

539 2326 704 2381 quam
751 2311 803 2365 in
850 2312 1274 2382 comprimendis
1313 2310 1446 2383 legis
1490 2310 1584 2367 Dei
1636 2310 2130 2378 transgressorihus

539 2415 828 2456 universus.

609 2489 663 2543 5.
709 2489 994 2546 Sancimus
1023 2491 1206 2557 etiam,
1238 2500 1297 2546 ut
1326 2507 1500 2562 neque
1532 2492 1584 2548 in
1612 2491 2012 2561 episcopatibus
2035 2507 2133 2547 ne-

541 2598 646 2654 que
670 2583 722 2637 in
753 2585 984 2639 abhatiis
1015 2584 1097 2639 vel
1142 2585 1193 2639 in
1233 2585 1573 2640 senedochiis
1619 2593 1712 2638 aut
1743 2584 1866 2639 ullis
1893 2585 2004 2639 Deo
2045 2597 2132 2636 sa-

499 2719 502 2725 .
547 2676 714 2731 cratis
743 2675 890 2736 locis.
923 2676 1027 2730 ulla
1057 2677 1307 2733 violentia
1344 2688 1432 2731 aut
1463 2693 1615 2732 novre
1645 2677 1975 2732 conditionis
2003 2693 2129 2747 gra-

543 2765 759 2820 vamina
805 2767 1169 2838 imponantur,
1199 2769 1291 2823 sed
1339 2769 1632 2824 secundum
1678 2769 1956 2839 antiquam
2004 2784 2135 2823 con-

544 2857 886 2912 suetudinem
929 2874 1120 2915 omnes
1163 2860 1216 2914 in
1253 2875 1352 2916 suo
1403 2869 1546 2916 statu
1597 2875 1803 2931 suoque
1851 2859 2134 2931 privilegio

545 2955 806 3016 perpetuo
829 2957 1096 3003 maneant.

617 3038 674 3092 4.
712 3039 784 3094 Ut
813 3042 1156 3096 sacerdotum
1189 3041 1428 3097 omnium
1457 3049 1511 3097 et
1541 3040 1912 3096 ministrorum
1934 3041 2135 3097 Christi

548 3131 923 3200 unusquisque
955 3133 1007 3186 in
1036 3149 1133 3188 suo
1165 3134 1357 3189 ordine
1397 3135 1664 3204 condigne
1700 3145 1991 3188 veneretur
2037 3137 2136 3190 ho-
2165 3116 2211 3178 (ἶ

551 3233 686 3274 nore
715 3230 771 3275 et
806 3223 1137 3287 reverentia,
1167 3233 1222 3279 et
1264 3239 1386 3279 cum
1411 3224 1664 3278 omnibus
1694 3223 1853 3279 rebus
1883 3225 2140 3280 ecclesia-

551 3310 706 3365 sticis
733 3326 797 3364 ac
825 3311 1042 3367 familiis
1073 3314 1139 3366 ad
1189 3329 1250 3369 se
1289 3314 1685 3385 pertinentibus
1733 3315 1833 3369 sub
1875 3323 2142 3384 potestate

555 3401 763 3470 proprii
798 3403 1033 3472 episcopi
1063 3404 1279 3474 quietus
1313 3414 1367 3460 et
1410 3405 1765 3461 inconcussus
1805 3414 2139 3476 permaneat,

554 3494 701 3550 salva
727 3496 1095 3552 ecclesiastica
1125 3499 1426 3568 disciplina.

627 3584 684 3639 5.
719 3585 901 3639 Plebei
940 3587 1185 3644 hoinines
1205 3597 1260 3644 et
1293 3589 1531 3643 universi
1574 3589 1817 3644 ecclesia:
1845 3588 1938 3644 filii
1976 3589 2145 3652 libere

532 3678 674 3735 .suis
705 3688 925 3735 utantur
953 3679 1174 3750 legibus.
1230 3681 1306 3736 Ex
1342 3691 1495 3752 parte
1524 3682 1760 3753 publica,
1808 3681 1948 3736 ultra
1981 3696 2142 3751 quam

555 3768 766 3838 legibus
795 3770 1063 3826 sancitum
1093 3779 1196 3835 est,
1246 3773 1313 3828 ab
1337 3775 1418 3829 eis
1444 3787 1549 3828 non
1588 3773 1868 3844 exigatur,
1912 3789 2011 3828 nec
2034 3773 2148 3827 vio-

556 3860 732 3917 lenter
755 3863 1160 3933 opprimantur;
1189 3865 1332 3933 quod
1362 3865 1405 3920 si
1432 3865 1634 3919 factum
1675 3865 1858 3929 fuerit,
1903 3865 2150 3936 legaliter

559 3967 657 4022 per
683 3955 936 4009 comitem
981 3955 1150 4023 ipsius
1191 3955 1294 4010 loci
1338 3959 1672 4019 emendetur,
1716 3956 1887 4012 si.suo
1917 3956 2150 4011 voluerit

562 4041 817 4111 deinceps
845 4044 1005 4112 potiri
1037 4044 1273 4109 honore;
1307 4045 1351 4098 si
1387 4060 1516 4100 vero
1549 4045 1661 4114 ipse
1696 4045 2024 4114 neglexerit,
2066 4044 2150 4098 vel

563 4131 786 4200 fecerit,
834 4133 1165 4189 autfacienti
1219 4137 1498 4204 prebuerit
1533 4149 1814 4190 assensum
1846 4134 1961 4200 ¹⁶⁰⁸,
1989 4151 2018 4188 a
2049 4135 2150 4190 loci

564 4221 820 4290 episcopo
848 4237 1014 4289 usque
1036 4225 1103 4276 ad
1131 4223 1221 4254 ¹⁸⁰⁹
1251 4223 1468 4295 dignam
1491 4223 1911 4279 satisfactionem
1942 4239 2154 4280 excern-

568 4309 879 4365 mnnicatus
903 4310 1188 4367 habeatur.

646 4391 699 4454 6.
735 4398 963 4454 Palatini
986 4403 1075 4470 qui
1108 4402 1160 4457 in
1190 4404 1338 4476 regio
1369 4414 1650 4460 morantur
1685 4406 1963 4476 obsequio,
2014 4406 2157 4477 paci-

2689 1911 3005 1954 ELECTIONlB
3049 1908 3357 1951 DECRETCM.

2300 2033 2430 2088 Post
2455 2033 2661 2089 obitum
2701 2033 3049 2092 recordanda:
3076 2032 3352 2088 memorim
3388 2029 3576 2085 domui
3621 2028 3814 2092 Karoli,

2231 2128 2452 2198 gloriosi
2487 2129 2828 2198 imperatoris
2849 2138 2904 2183 et
2929 2127 3162 2183 senioris
3201 2125 3397 2191 nostri,
3426 2135 3563 2195 quot
3595 2135 3816 2196 quanta-

2233 2237 2339 2291 que
2385 2220 2623 2291 perieula
2663 2221 2790 2276 huic
2832 2219 3022 2275 Italico
3065 2232 3233 2286 regno
3279 2231 3449 2287 usque
3499 2217 3553 2271 in
3602 2230 3814 2284 presens

2235 2322 2446 2382 tempus
2497 2311 2950 2382 supervenerint,
2997 2326 3095 2366 nec
3147 2309 3324 2380 lingua
3355 2317 3537 2379 potest
3575 2308 3809 2363 evolvere

2234 2420 2335 2460 nec
2368 2403 2612 2459 calamus
2641 2402 2935 2472 explicare.
2977 2400 3114 2471 Ipsis
3157 2400 3391 2471 denique
3437 2399 3636 2455 diebus
3677 2402 3810 2470 quasi

2235 2493 2302 2549 ad
2335 2504 2543 2549 certum
2578 2493 2789 2564 signum
2835 2499 3290 2563 supervenerunt,
3326 2492 3418 2560 qui
3462 2506 3565 2562 pro
3598 2492 3700 2546 hoc
3741 2506 3814 2545 re.

2237 2600 2363 2658 gno,
2398 2593 2458 2639 ut
2483 2584 2583 2640 sibi
2619 2584 2862 2639 volentes
2886 2583 3242 2654 nolentesque
3269 2582 3684 2648 adsentiremus,
3720 2582 3813 2635 mi-

2238 2677 2323 2732 nis
2368 2675 2599 2732 diversis
2642 2683 2697 2730 et
2743 2675 3087 2730 suasionibus
3131 2675 3376 2730 inretitos
3416 2674 3514 2706 ¹⁸¹⁰
3541 2675 3731 2729 furtive
3756 2689 3812 2727 ac

2237 2765 2613 2822 fraudulenter
2658 2767 3037 2820 adtraxerunt.
3085 2757 3191 2820 Sed
3232 2765 3357 2836 quia
3401 2765 3518 2830 illi,
3572 2779 3808 2835 superve-

2239 2861 2423 2916 niente
2467 2861 2752 2931 perspicuo
2780 2859 3024 2929 principe
3051 2857 3302 2923 Widone,
3336 2858 3422 2914 his
3451 2857 3566 2927 jam
3599 2857 3720 2929 fuga
3749 2856 3811 2909 la-

2239 2951 2348 3022 psi,
2379 2961 2440 3006 ut
2474 2949 2654 3005 fumus
2700 2956 3060 3015 evanuerunt,
3105 2961 3311 3016 nosque
3345 2948 3399 3002 in
3425 2947 3685 3017 ambiguo
3713 2946 3822 3000 reli-

2241 3049 2478 3112 querunt
2509 3049 2783 3110 tamquam
2813 3054 2943 3095 oves
2971 3054 3076 3094 non
3105 3038 3369 3094 habentes
3395 3048 3695 3109 pastorem,
3736 3050 3817 3090 nec

2245 3133 2540 3188 cessarium
2569 3131 2819 3186 duximus
2848 3131 2915 3185 ad
2945 3138 3191 3184 mutuum
3227 3127 3559 3197 colloquium
3589 3127 3748 3196 Papie
3771 3126 3824 3179 in.

2246 3224 2366 3281 aula
2397 3225 2546 3296 regia
2577 3222 2901 3288 convenire;
2935 3222 3118 3292 ibique
3154 3221 3220 3276 de
3258 3219 3538 3276 communi
3569 3219 3740 3274 salute
3772 3229 3824 3272 et

2245 3328 2391 3374 statu
2418 3317 2577 3388 hujus
2608 3315 2761 3386 regni
2790 3313 3019 3369 sollicite
3046 3319 3473 3382 pertractantes,
3495 3309 3820 3365 decrevimus

2245 3425 2352 3466 uno
2383 3411 2567 3464 animo
2594 3409 2894 3477 eademque
2914 3405 3206 3469 sententia,
3235 3402 3523 3475 praefatum
3560 3403 3818 3472 magnani-

2244 3518 2391 3558 mum
2414 3500 2712 3571 principem
2737 3498 3022 3554 Widonem
3054 3497 3121 3552 ad
3156 3495 3550 3567 protegendum
3587 3503 3644 3549 et
3683 3507 3813 3561 regao

2247 3593 2372 3648 liter
2397 3591 2805 3660 gubernandum
2839 3603 2938 3644 nos
2964 3589 3018 3643 in
3055 3583 3236 3658 regem
3269 3597 3324 3640 et
3358 3586 3635 3642 seniorem
3683 3583 3813 3638 nobis

2247 3685 2446 3756 eligere
2471 3691 2526 3738 et
2555 3683 2607 3738 in
2632 3680 2780 3753 regni
2803 3681 3087 3753 fastigium.
3103 3681 3214 3736 Deo
3235 3680 3530 3734 miserante
3551 3677 3811 3748 preﬁgere,

2249 3791 2347 3846 pro
2372 3790 2436 3831 eo
2462 3773 2604 3844 quod
2629 3773 2798 3828 isdem
2822 3771 3154 3844 magnificus
3188 3786 3304 3837 rex,
3355 3771 3541 3825 divino
3573 3778 3634 3823 ut
3658 3768 3811 3823 credi-

2251 3885 2371 3923 mus
2391 3876 2666 3938 protectus
2699 3865 2926 3930 auxilio,
2969 3864 3035 3918 de
3075 3863 3324 3918 hostibus
3366 3870 3621 3933 potenter
3652 3861 3817 3914 trium-

2251 3959 2458 4031 phavit,
2487 3967 2542 4014 et
2569 3958 2671 4012 hoc
2701 3973 2807 4012 non
2836 3971 2932 4011 sue
2960 3956 3143 4008 virtuti
3177 3955 3290 4020 "‘“,
3328 3953 3422 4008 sed
3447 3961 3623 4007 totum
3649 3950 3816 4004 divin:

2253 4051 2639 4108 misericordia:
2667 4049 2964 4120 prudenter
2997 4047 3089 4078 ¹⁸¹¹
3123 4045 3405 4111 adtribuit,
3436 4045 3661 4112 insuper
3679 4041 3816 4095 etiam

2253 4152 2495 4200 sanctam
2523 4143 2820 4197 Romanam
2843 4138 3127 4194 ecclesiam
3153 4152 3220 4192 ex
3247 4135 3412 4190 corde
3437 4149 3500 4189 se
3536 4133 3750 4202 diligere
3770 4137 3817 4182 et

2254 4237 2519 4302 exaltare,
2541 4245 2596 4289 et
2615 4232 2987 4290 ecclesiastica
3006 4231 3132 4302 jura
3159 4229 3211 4283 in
3242 4227 3499 4284 omnibus
3527 4225 3813 4281 observare,

2255 4340 2311 4386 et
2339 4331 2481 4402 leges
2517 4328 2764 4400 proprias
2791 4325 3017 4396 singulis
3041 4322 3342 4394 quibusque
3369 4320 3472 4374 sub
3515 4333 3615 4374 sua
3642 4316 3821 4371 ditione

2262 4423 2450 4495 positis
2477 4422 2792 4484 concedere,
2823 4427 2880 4473 et
2920 4417 3140 4488 rapinas
3181 4415 3248 4469 de
3284 4427 3383 4467 suo
3413 4425 3586 4482 regno
3635 4408 3818 4480 penitus

567 4489 667 4585 “eo
692 4490 810 4546 sine
846 4491 1232 4562 depredatione
1261 4497 1372 4568 regi
1401 4497 1728 4563 deserviant,
1773 4498 1887 4552 suis
1913 4498 2152 4553 contenti
2189 4499 2234 4556 1)
2259 4489 2551 4585 extirpare,
2581 4521 2636 4566 et
2683 4525 2869 4580 pacem
2902 4507 3200 4563 reformare
3225 4512 3280 4558 et
3306 4501 3585 4558 custodire
3605 4517 3664 4556 se
3687 4497 3814 4557 velle.

567 4582 874 4652 Stipendiis.

642 4673 694 4727 7.
738 4675 804 4730 Hi
853 4693 983 4734 vero
1010 4679 1101 4751 qui
1146 4689 1390 4751 tempore
1429 4681 1612 4752 placiti
1641 4680 1874 4736 diversis
1894 4695 1958 4736 ex
1993 4681 2158 4751 parti-

569 4769 674 4824 bus
703 4775 1049 4842 Conveniunt,
1082 4778 1282 4834 nullam
1309 4789 1754 4849 pertranseuntes
1786 4780 1841 4834 in
1884 4779 2027 4832 villis
2064 4791 2158 4831 seu

571 4860 883 4918 civitatibus
917 4867 1158 4936 rapinam
1186 4879 1498 4938 exerceant,
1531 4871 1630 4926 sibi
1677 4869 1990 4925 necessaria
2026 4867 2164 4922 anti-

571 4965 679 5020 qua
715 4957 1101 5013 consuetudine
1132 4959 1294 5032 digno
1323 4962 1498 5032 pretio
1525 4971 1790 5017 ementes.

643 5044 697 5098 8.
739 5045 1073 5119 Quicumque
1100 5053 1168 5106 ab
1210 5055 1414 5110 exteris
1463 5055 1758 5123 provinciis
1782 5053 2157 5116 adventantes,

576 5134 987 5206 depredationes
1009 5152 1170 5215 atque
1197 5146 1413 5218 rapinas
1444 5146 1585 5202 infra
1626 5162 1849 5218 regnum
1886 5147 1987 5200 hoe
2009 5161 2162 5199 excr-

2262 4607 2373 4661 Deo
2404 4613 2540 4660 teste
2565 4601 2840 4673 professus
2861 4607 2963 4654 est.
2999 4597 3104 4652 Pro
3146 4595 3229 4650 his
3253 4607 3386 4664 ergo
3412 4601 3469 4646 et
3511 4591 3635 4645 aliis
3661 4588 3817 4643 multis

2259 4699 2376 4769 ejus
2399 4699 2552 4754 bona:
2579 4691 2875 4749 voluntatis
2928 4688 3157 4752 iuditiis,
3205 4686 3404 4754 ipsum,
3446 4692 3508 4737 ut
3554 4678 3816 4752 prelibavi-

2265 4806 2406 4854 mus,
2437 4788 2507 4842 ad
2551 4784 2702 4856 regni
2736 4781 2895 4851 hujus
2932 4777 3295 4852 gubernacula
3334 4775 3649 4836 ascivimus,
3684 4771 3818 4837 eique

2268 4893 2380 4939 toto
2412 4881 2613 4936 mentis
2653 4879 2773 4933 nisu
2800 4876 3134 4938 adhesimus,
3165 4870 3436 4927 seniorem
3466 4866 3748 4938 piissimum
3771 4868 3819 4912 et

2267 4989 2446 5044 regem
2468 4968 2984 5038 excellentissimum
3008 4964 3124 5036 pari
3149 4974 3416 5019 consensu
3447 4973 3520 5014 ex
3541 4957 3661 5012 hinc
3693 4960 3740 5007 et
3768 4950 3814 5003 in

2264 5074 2537 5136 posterum
2565 5063 2940 5118 decernentes.

1898 5298 2130 5356 VARle
2167 5289 2567 5352 LECTIONES.

561 5438 567 5442 “
653 5423 748 5501 ¹⁵⁰ξ
779 5441 832 5501 a.
861 5441 914 5497 ι).
951 5426 1058 5484 SS.
1138 5429 1230 5463 ί⁸⁸⁹
1268 5431 1407 5486 deest
1436 5433 1487 5488 in
1511 5431 1610 5489 SS.
1641 5433 1789 5488 adest
1818 5432 1872 5487 in
1902 5431 2105 5501 Antiqq.
2191 5430 2281 5461 ¹⁵¹⁰
2313 5430 2384 5482 ita
2417 5425 2625 5495 Antiqq.
2651 5421 2878 5477 inlectos
2908 5415 3010 5475 SS.
3088 5415 3176 5454 ¹⁸⁸¹
3206 5411 3424 5469 virtutis
3455 5406 3553 5467 SS.
3621 5402 3700 5437 “”
3723 5397 3818 5452 ωί·

581 5498 866 5553 scrationis
905 5501 1242 5569 providentia
1275 5504 1382 5559 SS.
