3874 5340
987 311 1413 373 FRANCORUM
1453 306 1695 364 REGUM
1735 299 2226 362 CAPITULARIA.

3129 279 3246 341 80!

1190 444 1488 506 ΝΠ)οΝιὸ
1521 440 1726 500 REGIS
1759 439 1890 496 LEG
1899 439 2006 496 ES.

1289 607 1409 660 ’An.
1455 603 1579 659 889.

1614 599 1724 655 Mai
1756 599 1850 670 li.)

97 783 297 856 Capitula
333 782 382 836 in
410 776 736 856 edi_tion_ibus
756 773 933 855 legum
962 766 1441 856 hangobardorum
1476 763 1844 856 vulgatan-ope
1873 758 2116 814 codicum
2141 753 2503 856 Ambrosiam,
2532 749 2926 834 hondinensis,
2963 746 3235 804 Vindobo-

49 850 200 924 uernis,
226 850 558 914 Veronensis,

595 826 841 903 Estensi:
865 851 1004 912 apud
1034 826 1384 894 Mliratorium
1406 878 1421 904 ,
1451 826 1864 905 recognovimus
1891 845 2140 898 annoque
2169 842 2266 884 suo
2293 826 2720 896 adsignavimus.

47 1033 252 1103 Incipiunt
282 1027 366 1103 ‘f"
395 1022 630 1103 ﬁnpituta
665 1037 782 1103 qum
809 1020 1040 1103 ’(Ιρηςημδ
1072 1017 1250 1103 wide.
1270 1017 1556 1096 imperator
1584 995 1630 1054 Α
1660 1010 1964 1067 sculdasius
2010 1009 2102 1040 ⁸⁵³³
2144 1011 2212 1063 ab
2250 1007 2548 1060 artmannis
2597 1005 2712 1060 suis
2749 999 2950 1072 aliquid
2995 1015 3094 1070 per
3138 997 3250 1051 vim

96 1088 261 1159 addidit
297 1100 346 1152 in
386 1088 651 1149 Kalendas
678 1088 862 1146 'Madu
887 1091 1096 1144 civitate
1138 1088 1424 1159 Ticinensi,
1457 1101 1558 1137 an-

97 1158 146 1228 no
171 1169 348 1240 imperii
371 1167 482 1236 ejus
506 1164 698 1234 primo,
730 1161 1016 1215 indictione
1051 1175 1119 1213 vtt
1152 1158 1264 1211 ωδ.

97 1269 136 1321 l.
168 1261 356 1317 Placuit
403 1257 558 1313 nobis
597 1254 768 1309 eciam
806 1264 1146 1320 summOpere
1171 1247 1263 1280 ¹⁵¹⁸
1295 1255 1560 1308 statuere,

51 1349 307 1422 utepiscOpi
339 1355 392 1401 et
434 1343 659 1400 comites
695 1341 831 1396 uniti
879 1339 990 1393 sint
1037 1339 1087 1391 in
1121 1337 1232 1391 suis
1268 1333 1563 1406 pareacbiis

53 1459 88 1502 rt
108 1443 410 1500 comitatibus
451 1453 550 1508 pro
585 1452 718 1506 pace
762 1443 816 1489 et
868 1433 1164 1489 salvatione
1215 1433 1265 1485 in
1315 1429 1565 1484 omnibus

52 1535 291 1593 hominibus
315 1531 410 1564 ¹⁸³⁶
440 1529 738 1585 honoribus
767 1526 858 1557 “‘7
893 1525 1004 1579 suis
1057 1521 1445 1583 habitantibus,
1493 1519 1566 1573 ita

52 1639 90 1680 ut
126 1624 297 1679 nullum
326 1621 656 1692 prazdonem,
701 1625 972 1687 raptorem
1012 1613 1097 1669 vel
1146 1615 1408 1668 incestum
1446 1625 1568 1681 per-

49 1720 210 1774 mittant
231 1714 421 1769 morari
455 1713 508 1766 in
544 1712 656 1766 suis
681 1708 899 1765 sedibus
931 1707 1015 1762 vel
1043 1705 1319 1762 concessis
1343 1703 1566 1759 honori-

50 1811 133 1862 bus.
162 1807 214 1860 Et
237 1804 278 1859 si
308 1801 671 1858 intellexerint
694 1798 807 1864 ¹³¹⁸,
851 1813 916 1853 ex
945 1797 1122 1868 aliqua
1164 1805 1316 1864 parte
1354 1809 1451 1866 per
1477 1807 1569 1848 eo-

50 1913 132 1952 rum
175 1895 413 1950 terminos
456 1892 594 1947 velle
629 1899 723 1945 aut
751 1888 949 1944 debere
989 1886 1223 1941 transire
1254 1894 1470 1940 exteros
1501 1881 1570 1936 ad

50 1988 163 2040 istius
188 1985 318 2054 regni
349 1983 726 2045 vastationem,
756 1980 968 2034 obviam
999 1979 1082 2034 eis
1104 1978 1300 2032 missos
1323 1990 1569 2030 commu-

51 2079 222 2132 uitorios
255 2076 505 2146 dirigant,
535 2082 593 2127 ut
635 2071 858 2143 pacitice
882 2071 1000 2126 sine
1035 2068 1214 2140 prreda
1251 2083 1348 2138 per
1381 2082 1570 2122 eorum

51 2177 271 2221 transeant
299 2175 518 2220 terram.
549 2162 794 2217 Vendere
834 2170 1011 2215 autem
1050 2161 1131 2216 eis
1163 2175 1284 2229 qua:
1328 2173 1575 2214 necessa-

51 2262 106 2313 ria
125 2271 225 2314 sunt
248 2259 464 2322 faciant,
517 2273 620 2311 non
660 2257 780 2327 plus
804 2256 894 2294 ¹³¹⁹
921 2270 1127 2319 carum,
1154 2255 1247 2310 sed
1278 2254 1573 2309 secundum

53 2365 164 2403 usum
181 2358 226 2405 et
245 2349 685 2404 consuetudinem
708 2355 884 2402 terrze.
913 2344 972 2399 Si
1010 2360 1138 2399 vero
1165 2344 1435 2399 noluerint
1474 2347 1569 2398 ad-

54 2441 293 2508 quiescere,
334 2438 427 2494 sed
458 2438 669 2509 pratdas
697 2445 752 2490 et
780 2435 997 2506 rapinas
1022 2436 1383 2490 exercuerim.
1422 2434 1575 2504 quic‘

55 2529 144 2597 quid
161 2528 296 2583 alteri
329 2527 635 2599 rapuerint.
660 2525 905 2597 legaliter
929 2541 1052 2580 curn
1087 2525 1268 2580 banno
1294 2533 1480 2579 nostro
1510 2523 1578 2579 ab

55 2623 249 2691 episcopo
275 2631 325 2676 et
351 2621 553 2674 comite
577 2617 816 2686 ejusdem
843 2616 944 2672 loci
971 2617 1264 2672 emendare
1290 2624 1576 2686 cogantur.

57 2715 163 2779 Quod
186 2715 224 2768 si
253 2714 440 2784 exequi
471 2712 763 2776 noluerint,
793 2711 976 2765 statim
1001 2709 1068 2764 ab
1091 2711 1342 2780 episcopo
1367 2724 1580 2764 excorn~

59 2805 358 2870 munirentur.
391 2804 587 2859 Postea
619 2817 750 2857 vero
771 2802 816 2857 si
842 2801 1149 2872 contigerit,
1181 2810 1239 2855 ut
1274 2815 1457 2856 comes
1481 2799 1580 2855 loci

58 2897 328 2966 papulasque
368 2905 530 2952 terra:
572 2909 735 2964 super
789 2894 934 2963 ipsos
990 2895 1270 2964 praedones
1315 2892 1580 2955 venerint,

59 2986 565 3056 rteosimpedierint,
613 2995 667 3040 et
698 2984 898 3039 mortui
945 2983 1169 3046 fuerint,
1220 2997 1394 3052 neque
1441 2981 1580 3034 faida

58 3076 146 3129 inde
169 3077 494 3146 praecipimus
524 3083 754 3141 crescat,
785 3088 960 3144 neque
992 3072 1312 3143 compositio
1337 3071 1586 3142 aliquan-

59 3167 104 3223 do
127 3169 400 3238 requiratur
427 3181 528 3238 pro
551 3165 636 3221 his
666 3165 758 3236 qui
793 3163 991 3219 ibidem
1042 3161 1414 3218 occubuerint.
1447 3161 1511 3214 Et
1538 3160 1584 3215 si

59 3275 192 3314 tentes
220 3259 451 3330 ejusdem
502 3257 601 3312 loci
642 3257 746 3312 hoc
774 3253 1069 3324 adimplere
1110 3253 1424 3323 neglexerit,
1457 3266 1587 3321 pros-

57 3355 140 3419 prio
174 3353 362 3408 honore
407 3352 674 3423 privetur.
711 3350 776 3403 Et
822 3349 868 3403 si
911 3349 1212 3420 Oportuerit
1264 3356 1319 3402 et
1366 3360 1588 3401 necesse

59 3441 178 3497 fuerit
208 3455 261 3498 ut
311 3445 363 3498 in
397 3459 500 3498 suo
535 3441 734 3497 auxilio
761 3441 997 3495 vicinum
1040 3456 1196 3496 suum
1233 3441 1458 3494 advocet
1497 3430 1590 3495 coé

58 3551 141 3590 mes
179 3537 279 3602 "’°,
326 3548 382 3592 et
411 3537 504 3591 ille
551 3549 610 3592 se
644 3534 1011 3597 subtraxerit,
1071 3533 1322 3588 similiter
1368 3533 1590 3602 proprio

60 3626 245 3694 privetur
270 3630 496 3694 honore,
528 3634 584 3682 et
613 3626 833 3696 insuper
873 3624 942 3678 30
969 3625 1135 3679 libras
1165 3623 1373 3694 argenti
1403 3623 1590 3678 comiti

61 3719 126 3750 ""-
151 3722 422 3790 persolvat.

108 3810 150 3866 Ξ.
180 3811 511 3883 Quicumque
541 3811 703 3882 igitur
752 3823 817 3864 cx
850 3807 1034 3863 iaicali
1061 3808 1250 3865 ordine
1284 3817 1394 3863 tam
1433 3806 1588 3863 liberi

62 3915 179 3968 quam
213 3903 347 3958 servi
391 3902 642 3958 homines
677 3902 730 3956 in
773 3901 1028 3955 comitatu
1060 3909 1464 3956 commanentes
1490 3939 1506 3967 ,
1557 3914 1590 3954 a

62 3995 230 4064 proprio
251 3995 452 4050 comite
477 3994 559 4049 vel
588 4010 615 4048 a
644 3993 856 4064 publica
878 4004 1050 4063 parte,
1098 3994 1151 4048 id
1181 4001 1265 4049 est
1295 3994 1362 4049 ab
1389 3993 1472 4048 his
1497 3993 1590 4064 qui

63 4086 419 4154 rempublicam
466 4097 650 4157 agunt,
684 4085 963 4140 ammoniti
1001 4085 1232 4152 fuerint,
1286 4085 1330 4141 si
1374 4101 1432 4142 se
1464 4086 1593 4141 sub-

64 4179 275 4231 traxerint
311 4179 381 4233 ab
422 4177 692 4246 adiutorio
735 4177 816 4231 sui
848 4177 1054 4247 proprii
1100 4179 1335 4243 comitis,
1389 4187 1591 4242 etcum

66 4283 143 4322 non
172 4268 533 4338 adjuvaverint
559 4269 698 4324 infra
730 4269 902 4339 ipsum
933 4270 1250 4342 comitatum
1283 4278 1472 4325 contra
1505 4284 1596 4324 su-

64 4364 388 4429 pervenientes
449 4365 731 4434 praedones
776 4363 830 4416 in
883 4378 980 4419 suo
1028 4364 1285 4418 comitatu
1313 4405 1329 4430 ,
1381 4362 1596 4417 tertiam

65 4461 231 4518 partem
284 4454 441 4510 liberi
486 4469 553 4508 ex
599 4454 711 4510 suis
759 4454 1046 4510 mobilibus
1075 4465 1423 4527 componant,
1458 4457 1600 4511 servi

68 4553 206 4598 autent
232 4545 296 4600 60
323 4546 462 4601 ictos
485 4544 836 4614 vapulentur;
869 4547 912 4601 si
949 4555 1126 4602 tamen
1169 4547 1453 4618 probatum
1485 4547 1602 4602 fue-

69 4632 118 4686 rit
139 4637 262 4704 quod
293 4637 423 4708 ipsis
453 4636 828 4692 denuntiatum
859 4636 1072 4693 fuisset.

1662 1103 1872 1175 exigat,
1914 1110 2110 1172 praeter
2165 1097 2307 1168 quod
2352 1096 2562 1167 legibus
2601 1093 2954 1150 constitutum
2988 1099 3089 1145 est.
3138 1085 3248 1140 διεά

1663 1210 1837 1264 neque
1867 1208 1963 1263 per
2003 1207 2155 1247 suam
2183 1189 2410 1245 forciam
2445 1188 2497 1242 in
2531 1186 2812 1241 mansione
2849 1181 3118 1237 arimanni
3169 1179 3254 1233 sui

1664 1288 1896 1358 applicet
1931 1284 2044 1350 "",
2071 1292 2164 1337 aut
2210 1281 2467 1352 placitum
2500 1287 2709 1342 teneat,
2751 1286 2845 1330 aut
2875 1273 3112 1343 aliquam
3137 1270 3254 1325 vio-

1663 1379 1884 1435 lentiam
1929 1377 2115 1432 faciat.
2163 1375 2219 1430 Si
2269 1389 2396 1428 vero
2441 1373 2507 1428 de
2554 1369 2824 1440 praedictis
2871 1365 3118 1436 personis
3160 1379 3258 1432 pu-

1664 1475 1820 1530 biicis
1860 1473 1951 1504 ¹⁵¹⁸
1993 1473 2094 1526 hoc
2126 1469 2340 1525 irritum
2382 1465 2595 1527 fecerit,
2634 1465 2840 1517 honore
2883 1456 3102 1530 proprio
3145 1455 3262 1509 sive

1666 1562 1968 1623 ministerio
1989 1563 2255 1633 privetur,
2283 1567 2340 1614 et
2356 1557 2654 1613 secundum
2674 1555 2846 1623 legem
2871 1548 3121 1605 emendet
3143 1546 3260 1600 ¹⁸¹⁶.

1735 1659 1790 1714 4.
1836 1657 1894 1712 Si
1926 1657 2089 1728 igitur
2113 1670 2176 1709 ex
2219 1659 2488 1723 przecepto
2519 1646 2782 1717 imperiali
2824 1659 3010 1700 comes
3039 1642 3142 1698 loci
3187 1640 3256 1695 ad

1667 1751 2043 1809 defensionem
2074 1745 2264 1817 patria:
2300 1757 2412 1800 suae
2446 1756 2574 1798 suos
2605 1741 2698 1772 "’7
2730 1738 3046 1794 arimannos
3087 1733 3265 1788 hosti-

1667 1842 1791 1900 liter
1833 1852 2125 1914 properare
2185 1837 2276 1868 ³⁸⁸³
2323 1833 2596 1890 monuerit
2632 1839 2726 1886 aut
2777 1845 2875 1900 per
2925 1843 2983 1883 se
3027 1835 3122 1882 aut
3165 1840 3265 1896 per

1669 1951 1826 1992 suum
1876 1933 2132 1995 missum,
2176 1936 2230 1985 et
2279 1926 2475 1995 aliquis
2521 1937 2712 1979 eorum
2763 1918 3118 1982 remanserit,
3167 1932 3264 1972 ex-

1671 2028 1842 2099 ceptis
1878 2025 1968 2057 ²⁵²⁹
2014 2023 2099 2079 his
2147 2035 2284 2091 quos
2329 2018 2616 2088 epismpus
2661 2014 2714 2067 in
2757 2026 2854 2067 sua
2901 2009 2993 2041 ¹⁸³⁰
3043 2005 3271 2079 elegerit

1673 2097 2000 2177 necessitate
2039 2123 2133 2171 aut
2177 2127 2363 2170 comes
2405 2109 2682 2164 dimittere
2721 2103 2971 2169 voluerit,
3012 2099 3114 2155 nisi
3164 2097 3268 2154 ali-

1674 2213 1795 2283 quis
1816 2211 1907 2243 ⁸⁵³⁸
1942 2206 2133 2264 sunnis
2165 2213 2221 2259 et
2256 2201 2452 2258 ceteris
2480 2193 2878 2266 impedimentis
2897 2207 3018 2262 qua:
3063 2189 3274 2260 legibus

1674 2303 2023 2360 continentur
2068 2297 2318 2353 detentus
2369 2289 2552 2354 fuerit,
2599 2283 2870 2355 widrigild
2919 2296 3077 2337 suum
3123 2293 3275 2334 eom-

1604 2378 1649 2438 Β
1676 2402 1862 2465 ponat.
1895 2392 1962 2445 Et
2004 2390 2105 2444 hoc
2148 2385 2325 2441 nullus
2353 2381 2611 2437 comitum
2649 2385 2742 2431 aut
2781 2382 2932 2428 actor
2974 2371 3064 2402 ¹⁸³³
3094 2368 3273 2441 publi-

1679 2463 1776 2543 cus
1831 2484 1922 2517 ³³³³
1969 2487 2290 2552 potes'atem
2336 2474 2531 2529 habeat
2571 2467 2941 2537 exigendum,
2998 2463 3105 2518 nisi
3151 2476 3276 2517 cum

1680 2577 1849 2633 misso
1870 2575 1937 2628 de
1967 2571 2169 2642 palatio
2199 2562 2562 2636 imperatoris.

1754 2686 1806 2740 5.
1870 2685 1945 2738 De
1991 2679 2159 2736 cartis
2208 2691 2336 2730 vero
2387 2670 2800 2729 interdicimus,
2857 2663 3061 2720 nemini
3121 2662 3282 2717 liceat

1683 2780 1891 2835 alienas
1927 2790 2016 2831 res
2051 2769 2398 2844 praasumtive
2436 2764 2698 2821 invadere
2735 2760 3022 2817 occasione
3061 2757 3284 2811 cartulte

1685 2873 1752 2928 ab
1780 2886 1846 2926 eo
1865 2869 2051 2933 facta},
2082 2865 2172 2936 qui
2221 2861 2542 2917 vestituram
2586 2857 2882 2927 legitimam
2927 2867 3033 2908 non
3079 2849 3284 2904 habens

1687 2962 2025 3032 dignoscitur
2085 2955 2177 2988 ³⁸³⁵
2231 2951 2516 3008 invasisse.
2570 2946 2677 3002 Sed
2722 2947 2767 3001 si
2814 2944 2935 3014 quis
2984 2938 3286 3010 adquisitor

1686 3053 1948 3115 extiterit,
1979 3064 2082 3103 non
2113 3054 2270 3100 antea
2298 3040 2555 3096 invadere
2581 3037 2787 3093 alienas
2830 3034 2921 3066 ’⁸³⁵
2963 3047 3068 3097 res,
3101 3028 3282 3086 eccle-

1688 3145 1782 3202 sia:
1823 3143 1906 3198 vel
1947 3138 2248 3210 cujuspiam
2301 3133 2456 3190 liberi
2502 3130 2596 3163 “3‘
2637 3128 2909 3192 hominis,
2958 3129 3284 3196 praesumat,

1690 3243 1982 3305 antequam
2023 3238 2215 3286 auctor
2257 3223 2480 3282 cartulue
2521 3220 2679 3292 legali
2726 3231 2781 3274 et
2817 3214 3059 3288 iudiciali
3094 3211 3288 3267 difﬁni-

1692 3304 1847 3382 tione
1861 3340 1956 3379 eas
1985 3320 2256 3383 vendicet,
2284 3327 2340 3372 et
2368 3323 2494 3369 tunc
2528 3313 2746 3368 demum
2783 3309 2869 3364 cui
2905 3306 3020 3360 vult
3049 3304 3282 3359 liberam

1701 3415 1951 3473 tradendi
2004 3413 2202 3468 habeat
2252 3406 2585 3461 facultatem.
2637 3401 2704 3455 Et
2742 3399 2788 3454 si
2831 3397 2952 3467 quis
3004 3395 3154 3466 ipsas
3200 3389 3291 3424 ¹⁵³⁷

1693 3511 1810 3566 sine
1839 3508 1955 3578 lege
1986 3501 2266 3566 invaserit,
2292 3513 2399 3554 non
2440 3495 2613 3552 solum
2642 3494 2786 3562 ipsas
2810 3489 2904 3524 ¹⁵³⁸
2935 3501 3022 3545 res
3051 3485 3284 3552 amittat,

1693 3601 1788 3658 sed
1815 3600 2037 3667 insuper
2063 3597 2303 3650 bannum
2328 3598 2578 3646 nostrum
2602 3589 2892 3654 componat

1613 3743 1662 3807 ε
1766 3713 1819 3769 6.
1871 3710 1963 3743 ¹⁸³⁰
2011 3709 2086 3763 De
2123 3707 2287 3762 cartis
2335 3701 2495 3758 etiam
2545 3697 2627 3754 vel
2667 3695 3102 3767 quibuscumque
3152 3689 3291 3746 scri-

2446 3796 2477 3807 ..
2588 3795 2598 3807 .
2743 3805 2786 3807 η
3012 3785 3157 3807 an-“
3193 3801 3254 3807 --

1696 3807 1971 3880 ptionibns
2011 3803 2102 3837 ‘5“
2127 3815 2246 3872 qua!
2291 3818 2321 3854 a
2369 3795 2691 3869 quibusdam
2731 3789 2978 3862 personis
3011 3785 3161 3842 falsa:
3190 3801 3290 3856 apo

1697 3878 1988 3976 pellantur,
2018 3895 2327 3956 statuimus,
2369 3890 2413 3944 si
2457 3885 2700 3942 notarius
2732 3879 3095 3953 supervixerit
3125 3878 3215 3909 ‘5“
3243 3886 3297 3933 et

1700 3975 1884 4060 testes,
1924 3999 1984 4047 ut
2018 3991 2158 4046 idem
2191 3985 2433 4042 notarius
2463 3997 2584 4038 cum
2624 3975 2878 4049 legitimis
2920 3979 3294 4028 sacramenta-

1700 4091 1844 4146 libus
1889 4085 1990 4150 12,
2041 4079 2201 4138 simul
2243 4088 2299 4134 ct
2347 4073 2439 4108 ³⁵⁸⁸
2486 4087 2609 4128 cum
2652 4069 2785 4141 ipsis
2831 4063 3055 4120 testibus
3108 4061 3198 4130 qui
3245 4060 3300 4114 in

1702 4183 1890 4239 eadem
1922 4185 2072 4232 carta
2114 4170 2302 4242 scripti
2334 4176 2482 4230 sunt,
2522 4164 2695 4234 ipsam
2733 4165 2938 4214 carlam
2967 4167 3154 4206 veram
3199 4148 3295 4180 ηδ’

1703 4273 1886 4335 faciat.
1932 4265 2196 4324 Similiter
2228 4270 2291 4318 et
2342 4267 2505 4316 certa:
2539 4263 2788 4310 ostensor
2830 4260 2956 4301 cum
2995 4242 3063 4297 12
3109 4254 3298 4296 saera-

1703 4364 2030 4423 menlalibus
2051 4361 2193 4415 sicut
2219 4354 2455 4425 legitime
2471 4351 2657 4420 jurare
2679 4343 2876 4405 valeat,
2901 4339 3070 4408 ipsam
3094 4343 3302 4387 certam

1707 4471 1894 4512 veram
1935 4461 1989 4507 et
2030 4424 2493 4504 idoneamifaciat.
2536 4437 2914 4507 Interpellator
2960 4433 3143 4482 autem
3187 4424 3300 4492 pri-

1714 4564 1860 4603 mum
1888 4547 2053 4617 juret,
2086 4539 2229 4612 quod
2257 4551 2315 4592 se
2343 4534 2551 4590 sciente
2590 4529 2724 4585 nihil
2753 4529 2898 4583 aliud
2938 4529 3042 4584 nisi
3079 4527 3298 4584 verissi-

1706 4652 1850 4692 mam
1890 4615 1944 4690 et
1972 4634 2175 4705 justam
2220 4629 2273 4682 in
2317 4623 2570 4681 omnibus
2605 4621 2871 4676 rationem
2917 4619 3189 4689 exquirat.
3239 4615 3302 4671 Si

149 4724 338 4782 'Nemo
365 4741 554 4783 comes
583 4741 752 4797 neque
776 4727 894 4783 1000
914 4730 1119 4798 ροεὶιιιε
1149 4728 1263 4800 eius
1307 4729 1404 4764 ¹³¹²
1430 4739 1606 4796 neque
1709 4736 1890 4782 autem
1917 4724 2164 4782 notarius
2202 4734 2260 4776 se
2300 4714 2651 4779 subtraxerit,
2686 4719 2988 4768 et‘eartam
3035 4723 3134 4766 suo
3179 4707 3325 4764 scri-

1334 4889 1576 4947 V'ARIAE
1614 4887 2019 4945 LECTIONES.

127 5026 201 5058 ¹⁵¹⁸
227 5027 331 5078 lucc
353 5020 630 5089 inscriptio
654 5021 872 5076 habetur
904 5021 1111 5077 nonnisi
1143 5024 1196 5076 in
1233 5024 1388 5077 codd.
1416 5023 1596 5078 Ambr.

74 5097 82 5107 .
127 5026 201 5107 ¹⁵ξ⁸
227 5027 331 5107 lucc
353 5020 630 5107 inscr-iptio
654 5021 877 5107 habent»:
904 5021 1111 5107 nonnisi
1139 5024 1196 5107 in
1233 5023 1596 5107 εοιΙιΙλΑηιρὶν.
1639 5032 1686 5077 et
1723 5020 1900 5107 'Irmnd.
1936 5021 2134 5107 ροπινςςι
2174 5013 2329 5068 Vind.
2353 5012 2563 5094 _Vcron.
2590 5020 2635 5062 et
2665 5008 2775 5088 Est:
2808 5005 3007 5086 Ita-bent
3045 5019 3056 5032 '

72 5097 146 5141 ςρι..
166 5102 311 5156 tinnis
339 5099 545 5169 regalis
574 5108 747 5156 sermo
777 5092 1024 5170 (Sidonis.
1053 5093 1336 5170 Goldaslns
1366 5093 1700 5170 Davtr._P.api:_e
1723 5091 1980 5170 Kalendis
2008 5089 2129 5170 Maii
2177 5081 2566 5170 annuoin‘tperii
2600 5078 2772 5170 rm'stri

2804 5077 3012 5144 primo.

2827 5145 2924 5170 uio
2985 5138 3215 5170 -n1nlillc
3301 5138 3340 5170 1

2985 5135 3215 5170 -nanlinc

3097 5065 3187 5098 ειη
3225 5065 3410 5134 un.
