3924 6318
59 365 142 427 805
155 371 160 377 ”

1039 354 1469 412 FllANCOllUM
1499 354 1741 411 REGUM
1781 352 2268 410 CAPITULARIA.

3168 345 3273 415 806

58 485 113 540 ad
138 478 504 553 reprimendam
549 475 903 532 barbarorum
931 474 1195 531 saevitiam
1237 473 1414 528 minus
1451 469 1594 527 sulli-
1620 477 1672 534 Α
1701 472 1825 527 dum
1862 471 2204 527 decrevimus
2234 489 2246 524 :
2271 469 2579 538 iudicantes
2623 471 2772 528 illum
2805 471 2873 528 ad
2913 472 3017 529 hoc
3045 457 3303 543 dignum,-

59 590 157 631 cere
197 573 502 636 videretur,
554 577 734 622 tamen
780 568 1039 623 nobilium
1089 566 1392 637 principum
1441 565 1597 619 istius

58 667 202 738 regni,
226 678 446 734 quorum
481 677 583 716 non
625 675 821 730 parvus
851 668 932 714 est
964 674 1244 722 numerus,
1288 657 1516 710 consilio
1541 665 1594 710 et

57 757 353 820 fortitudine,
391 755 504 808 Deo
537 754 781 824 juvante,
819 753 1329 821 comprimerentur.
1363 749 1593 803 Maxime

56 848 206 919 inclyti
231 846 477 901 Richardi
502 845 654 900 ducis
669 845 966 914 eximiique
992 843 1250 914 principis
1276 841 1405 896 fulta
1435 840 1595 910 juva-

53 940 200 1001 mine,
250 936 373 1006 quin
431 936 594 990 etiam
646 935 879 988 dominae
933 932 1343 1004 ﬂirmengardis
1397 931 1597 1002 glorio-

53 1030 242 1083 sissimte
265 1028 475 1098 reginae,
502 1025 749 1080 utilitatis
771 1027 944 1095 regni,
970 1027 1131 1081 insita
1157 1026 1255 1078 sibi
1280 1023 1596 1078 acutissima

53 1133 183 1190 atque
210 1119 628 1190 profundissima
659 1134 689 1172 a
725 1117 836 1173 Deo
859 1118 1170 1188 prudentia,
1203 1115 1458 1185 adjuncto
1493 1116 1595 1170 sibi

51 1213 443 1282 supradicton
488 1212 864 1282 episcoporum
908 1212 1071 1283 digno
1115 1212 1357 1274 hortatu,
1406 1225 1596 1281 proce-

56 1309 244 1363 rumque
283 1293 447 1348 totius
489 1294 637 1364 regni
681 1293 930 1357 consilio,
969 1293 1267 1348 secundum
1300 1292 1391 1346 Dei
1437 1293 1597 1346 timo-

55 1400 142 1439 rem
177 1374 547 1440 decentissime
578 1383 1060 1438 administrabitur.
1103 1383 1342 1452 Denique
1379 1381 1499 1436 freti
1541 1390 1596 1436 et

55 1483 172 1527 tanta
194 1473 448 1528 sublevati
482 1473 700 1537 fiducia,
729 1490 826 1544 per
857 1474 1059 1538 Dei,'ut
1085 1475 1376 1540 credimus,
1408 1473 1597 1528 volun-

53 1574 180 1618 tatem
213 1553 578 1640 supradictum
619 1565 976 1631 Ludovicum,
1010 1567 1452 1622 excellentissimi
1493 1567 1596 1621 Bo-

49 1654 166 1709 sonis
187 1654 320 1727 regis
351 1653 545 1722 lilium,
576 1655 858 1726 elegimus,
885 1667 1048 1727 atque
1075 1657 1128 1710 in
1175 1672 1352 1728 regem
1391 1672 1608 1728 ungen-_

1701 564 1788 619 cui
1840 564 2321 634 praestantissimus
2350 564 2580 620 Karolus
2610 565 2904 636 imperator
2939 565 3052 636 jam
3087 568 3288 637 regiam

1701 663 2047 710 concesserat
2081 655 2439 726 dignitatern;
2477 667 2532 711 et
2569 655 2848 721 Arnull'us,
2879 658 2970 726 qui
3003 674 3290 714 successor

1701 747 1818 816 ejus
1845 747 2044 809 extitit,
2065 761 2162 815 per
2185 762 2339 800 suum
2365 757 2659 815 sceptrum,
2683 762 2884 817 perque
2906 762 3031 802 suos
3053 737 3292 817 sagacis-

1699 838 1866 892 simos
1887 837 2110 908 legatos,
2135 837 2451 893 Reoculfum
2477 839 2725 893 videlicet
2747 840 3056 909 episcopum
3081 849 3135 894 et
3163 840 3291 894 Ber-

1702 930 1904 984 taldum
1937 931 2213 995 comitem,
2246 928 2422 985 fautor
2451 931 2597 1001 regni
2631 939 2928 1001 auctorque
2957 931 3009 986 in
3037 931 3290 986 omnibus

1700 1037 1819 1078 esse
1843 1023 2244 1092 comprobatur.
2272 1022 2383 1078 llac
2411 1034 2556 1078 tanta
2583 1024 2784 1094 talique
2808 1025 2922 1078 fulti
2949 1025 3289 1080 auctoritatis

1699 1113 1940 1178 licentia,
1987 1113 2256 1168 communi
2297 1129 2485 1170 omnes
2533 1115 2586 1170 in
2631 1115 2743 1184 jam
2777 1117 2976 1170 dictam
3009 1116 3286 1170 civitatem

1699 1193 2048 1260 advenientes
2073 1220 2361 1270 consensu,
2393 1208 2535 1261 hanc
2567 1208 2769 1277 regiam
2803 1207 2916 1262 fieri
2946 1207 3288 1262 decrevimus

1698 1296 2191 1366 conscriptionem,
2237 1299 2592 1369 manibusque
2643 1300 2862 1370 insuper
2913 1300 3148 1369 propriis
3197 1315 3284 1354 ra-

1698 1395 1828 1452 tam,
1858 1387 2291 1456 perennibusque
2326 1403 2446 1442 eam
2497 1391 2830 1460 temporibus
2866 1390 3074 1445 felicem
3107 1390 3290 1458 vigere

1696 1471 2092 1548 praecpiantes,
2149 1479 2554 1547 roboravimus,
2605 1480 2910 1552 singulique
2966 1478 3298 1550 subscripsi-'

1698 1585 1819 1626 mus
1845 1569 1961 1623 1850.
2449 1597 2454 1601 .

1007 1763 1319 1822 .ARNULFI
1355 1764 1728 1823 CONCILIUM
1768 1764 2259 1822 TllIBURlENSE.

1173 1859 1180 1863 ’
1422 1855 1546 1926 (An.
1581 1856 1705 1912 895.
1727 1856 1896 1936 Mai.)
1943 1869 1946 1872 ’
2107 1865 2111 1872 ’
2292 1867 2298 1874 ’

101 1955 160 2009 Et
188 1955 313 2010 actis
339 1951 717 2009 Triburiensis
741 1951 980 2016 concilii,
1007 1966 1148 2006 anno
1173 1952 1310 2007 ιεεὶι
1335 1967 1362 2006 a
1391 1950 1639 2006 Cochlaeo
1653 1935 1929 2006 ex’codice
1953 1951 2262 2006 Brmnenst
2295 1937 2533 2021 primum
2564 1951 2714 2014 editi,
2750 1951 2969 2006 nonnisi
2995 1935 3296 2020 epistolam‘

45 2026 326 2090 generalem,
357 2025 507 2093 regis
531 2024 976 2093 constitutionem
1001 2022 1068 2077 de
1089 2023 1575 2093 excerninunicatis
1607 2023 1783 2090 capite
1805 2024 1838 2076 5
1865 2033 2198 2085 exstantem,
2225 2032 2280 2076 et
2305 2024 2683 2092 episcoporum
2715 2025 3150 2091 subscriptiones
3177 2039 3293 2092 ope‘

49 2097 210 2149 (ZodiCis
233 2092 463 2151 Caesarei
501 2093 936 2150 Vindobonensis
967 2092 1110 2147 inter
1133 2092 1467 2150 librosluris
1509 2093 1759 2149 canonici
1788 2109 1843 2146 ιι.
1877 2093 1966 2160 99,
2018 2095 2182 2159 mhr.,
2218 2109 2343 2150 saec.
2365 2109 2372 2125 ·
2397 2109 2477 2159 xi,
2525 2093 2858 2160 emendatas,
2908 2095 3289 2163 proponenda:

47 2167 326 2220 censuimus.

98 2277 206 2331 Cum
245 2284 451 2332 constet
506 2275 779 2342 omnibus,
807 2275 1043 2331 divinam
1091 2275 1264 2347 legem
1298 2274 1585 2330 tractanti-
1619 2263 1662 2322 Β
1693 2275 1871 2353 villam
1900 2277 2126 2346 regiam,
2158 2277 2408 2332 videlicet
2432 2275 2760 2338 Triburiam,
2795 2276 2847 2329 in
2879 2283 3023 2331 terra
3050 2275 3290 2334 Franco-

51 2369 138 2429 hus,
159 2376 266 2435 post
291 2365 575 2436 evangelia
602 2374 658 2420 et
682 2365 1058 2435 liinpidissima
1095 2363 1228 2419 Novi
1259 2363 1588 2419 'l‘estamenti

50 2455 554 2523 lluenta,‘.beatorum
595 2457 899 2512 canonibus
947 2457 1337 2527 apostolorum,
1366 2465 1423 2511 et
1459 2471 1588 2511 san-

49 2557 212 2601 ctorum
255 2535 462 2618 patrum
505 2548 646 2618 apud
675 2539 894 2603 Nicea‘tn
929 2547 1194 2619 Bithynia:
1239 2556 1589 2618 congregato-

54 2651 139 2690 rum
163 2640 489 2694 constitutis-
523 2654 623 2693 nec
653 2627 760 2695 non
803 2649 858 2694 et
887 2639 1304 2709 apostolicorum
1334 2637 1590 2692 Romanae

55 2728 157 2782 sedis
175 2731 468 2798 pontificum
511 2731 762 2795 decretis,
791 2739 926 2785 satis
949 2731 1274 2797 occurrisse,
1299 2731 1588 2797 restitisse,

55 2827 92 2894 et
121 2833 458 2892 cppuguasse,
486 2821 605 2876 sive“
647 2821 940 2884 haereticis,-
963 2822 1504 2888 sive'schismaticis,
1537 2831 1592 2878 et

55 2911 248 2967 omnibus
277 2928 416 2968 verm
448 2913 585 2968 ﬁdei
611 2915 1050 2984 oppugnantibus
1078 2915 1328 2986 regulas;
1370 2916 1464 2971 sed
1495 2933 1591 2971 ano

57 2999 191 3068 tiquus
227 3018 464 3072 serpens,
503 3004 596 3072 qui
623 3004 824 3072 dicitur
851 3004 1101 3060 diabolus
1135 3014 1195 3060 et
1218 3016 1457 3072 satanas,
1489 3006 1591 3061 ini-

56 3091 183 3146 micus
221 3077 427 3150 humani
497 3094 732 3164 generis,
788 3108 926 3148 nova
973 3110 1180 3150 venena
1221 3095 1440 3150 malitiae
1478 3111 1590 3152 suae

57 3180 157 3236 dulci
180 3187 354 3253 poculo
397 3202 455 3242 sa
471 3186 583 3240 neti
612 3184 849 3255 Spiritus
889 3187 1211 3256 admiscere,
1239 3198 1296 3244 et
1321 3189 1462 3245 bono
1506 3205 1589 3246 se-

57 3274 149 3328 mini
185 3269 345 3332 sancti
364 3277 649 3347 evangelii
702 3279 909 3333 zizania
939 3295 1052 3335 sua:
1080 3283 1360 3350 pravitatis
1385 3292 1440 3337 et
1466 3299 1590 3353 pro-

55 3364 155 3423 fana:
195 3371 493 3442 iniquitatis
521 3372 898 3428 subseminare
930 3387 1038 3427 non
1081 3375 1300 3430 desiuit.
1352 3374 1506 3430 Sicut
1533 3376 1588 3430 in

55 3459 265 3532 llatthieo,
293 3483 409 3522 cum
441 3469 607 3521 bonae
635 3466 798 3521 messi
845 3465 1054 3520 zizania
1077 3465 1313 3522 afuissent
1360 3469 1587 3535 inserta,

55 3545 259 3621 scriptum
287 3565 404 3612 est:
442 3554 713 3610 Inimicus
753 3555 910 3610 homo
952 3555 1050 3608 hoc
1080 3555 1233 3624 fecit.
1280 3555 1350 3608 Et
1383 3557 1447 3611 de
1471 3555 1588 3625 ejus

56 3644 340 3710 satellitibus,
373 3649 486 3703 sub
516 3661 864 3717 squamarum
892 3647 1093 3717 specie,
1124 3647 1178 3701 in
1203 3645 1304 3702 Job
1342 3644 1587 3718 perhibe-

56 3732 265 3789 turzUna
295 3740 383 3792 uni
425 3738 801 3808 coniungitur,
826 3749 874 3792 ct
919 3755 982 3793 ne
1010 3738 1335 3809 spiraculum
1377 3741 1589 3810 quidem

56 3823 194 3881 incedit
212 3847 294 3898 per
309 3849 414 3898 eas,
447 3829 611 3891 Unde,
644 3846 863 3887 necesse
888 3841 991 3898 est,
1022 3831 1138 3901 ejus
1165 3835 1590 3903 perversissimis

57 3920 493 3978 machinationibus
519 3932 573 3976 ct
594 3923 884 3978 satellitum
915 3941 1134 3978 suorum
1166 3925 1590 3986 insecutionibus

55 4019 100 4058 et
124 4014 363 4068 autentica
410 4016 1014 4084 potestatecontraire,
1042 4025 1097 4071 et
1135 4033 1331 4072 novum
1378 4012 1591 4088 paradi-

55 4112 144 4165 gma
180 4107 683 4161 verreassertionis
733 4122 1026 4178 opponere.
1105 4109 1444 4180 Quapropter
1494 4125 1588 4166 rex

55 4205 212 4260 regum,
241 4199 384 4268 cujus
418 4215 663 4267 regnum,
694 4209 753 4252 ut
771 4198 1060 4254 Psalmista
1081 4202 1250 4266 canit,
1277 4218 1489 4271 regnum
1513 4211 1589 4255 est

54 4287 234 4341 omnium
261 4287 604 4354 necatorum,
634 4291 886 4346 omnibus
925 4291 1307 4346 ecclesiasticae
1345 4293 1591 4347 sublimi-

59 4374 152 4428 tatis
171 4379 458 4445 ordinibus,
493 4375 598 4434 uec
629 4375 735 4433 neu
762 4389 816 4435 et
840 4381 1114 4436 saecularis
1137 4383 1390 4450 potentia:
1415 4382 1591 4452 digni-

56 4468 469 4539 tatilius,gnovurn
503 4473 804 4542 principem
832 4473 1112 4528 Arnulfum
1154 4489 1333 4546 regem
1364 4475 1590 4545 pacifico

55 4560 203 4617 ordine
239 4576 512 4635 perpeture
562 4567 971 4636 tranquillitatis
1003 4578 1006 4582 ·
1039 4567 1295 4637 praeferre
1341 4568 1590 4638 dignatus

53 4660 128 4703 est.
162 4654 314 4724 Cujus
341 4674 440 4713 cor
468 4657 645 4713 sancti
680 4659 914 4728 Spiritus
945 4660 1139 4714 ardore
1177 4657 1510 4713 inflammare
1535 4667 1591 4713 et

55 4741 139 4795 zelo
161 4745 310 4803 divini
342 4751 548 4804 amoris
574 4751 743 4805 voluit
781 4751 1108 4815 accendere,
1135 4758 1194 4804 ut
1223 4760 1368 4806 totus
1395 4765 1590 4820 cogno-

52 4842 134 4886 seat
160 4841 398 4906 mundus,
433 4857 540 4896 non
571 4840 638 4895 ab
665 4841 901 4905 homine,
953 4856 1130 4910 neque
1160 4856 1258 4910 per
1291 4840 1584 4906 hominem,

1694 2383 1814 2426 rum
1846 2369 2256 2431 consistentem,
2311 2382 2434 2422 cum
2468 2366 2753 2436 episcopis-
2773 2364 2912 2420 infra
2939 2367 3288 2437 conscriptis,

1695 2459 2006 2524 abbatibus,
2063 2457 2351 2513 comitibus
2376 2467 2430 2512 et
2459 2458 2712 2513 omnibus
2748 2459 2897 2527 regni
2926 2458 3008 2512 sui
3037 2459 3290 2530 principi-

1694 2549 1814 2612 bus,
1863 2563 1964 2603 nec
2014 2563 2119 2603 non
2173 2549 2620 2604 convenientibus
2681 2549 3176 2605 ecclesiasticorum
3223 2561 3280 2607 et

1693 2638 2035 2694 saecularium
2070 2639 2368 2694 innumeris
2398 2639 2568 2694 turbis
2595 2656 2609 2692 :
2641 2650 2921 2709 quatenus
2951 2641 3284 2712 infatigabili

1692 2730 2117 2800 perseverantia,
2151 2729 2330 2784 divina
2358 2740 2412 2786 et
2443 2731 2676 2785 humana
2708 2739 3092 2795 tractarentur,
3120 2719 3285 2802 atque

1693 2821 2220 2892 emerge‘ntiafmala
2275 2823 2790 2891 comprimerentur,
2842 2830 2902 2877 ut
2944 2807 3009 2877 eo
3043 2821 3284 2884 liberius

1693 2922 1878 2968 sancta
1905 2913 2000 2968 Dei
2023 2913 2254 2969 ecclesia
2281 2928 2379 2968 suo
2399 2914 2666 2982 potiretur
2685 2913 2917 2992 honore.
2940 2913 3074 2969 Gum
3101 2923 3282 2969 autem

1693 3003 2132 3074 sapientissimus
2164 3019 2260 3058 rex
2287 3005 2580 3060 concilium
2607 3021 2823 3081 sacrum
2853 3006 3163 3086 con_tinuari
3194 3007 3286 3076 de-

1693 3096 1980 3162 crevisset,
2018 3095 2229 3166 placuit
2273 3097 2376 3152 sibi
2403 3106 2458 3152 et
2488 3097 2743 3152 universo
2769 3096 2939 3179 clero,
2971 3107 3031 3152 ut
3059 3109 3283 3179 peracto

1695 3189 1940 3244 triduano
1980 3187 2209 3257 jejunio,
2237 3189 2446 3244 litaniis
2477 3198 2532 3245 et
2555 3190 2894 3264 orationibus
2918 3177 3104 3261 super
3129 3207 3188 3247 se
3213 3177 3280 3247 de

1692 3278 1844 3334 caelis
1870 3270 2196 3349 promissum
2237 3279 2536 3334 invitarent
2567 3280 2897 3351 adjutorium
2927 3299 2941 3334 :
2981 3283 3124 3336 sicut
3171 3282 3288 3352 ipse

1692 3371 1932 3426 salvator
1954 3373 2256 3428 ascendens
2285 3373 2338 3427 in
2370 3374 2586 3440 caelum,
2618 3375 2894 3446 discipulis
2943 3377 3055 3432 suis
3084 3378 3285 3448 promi-

1691 3463 1779 3527 sit,
1812 3462 2037 3518 dicens:
2065 3462 2199 3518 Ecce
2225 3480 2317 3534 ego
2358 3465 2623 3520 vobiscum
2658 3484 2775 3521 sum
2814 3468 3056 3523 omnibus
3096 3469 3278 3524 diebus

1693 3568 1855 3623 usque
1880 3555 1948 3606 ad
1977 3556 2478 3623 consummationem
2503 3557 2688 3610 διεσαιὶ
2701 3575 2722 3623 ;
2764 3567 2822 3612 ιιι
2848 3557 3029 3613 futura
3054 3560 3285 3616 concilia

1695 3641 1748 3694 in
1777 3643 2315 3722 ipsoiinchoarentur
2337 3655 2391 3700 et
2417 3661 2514 3715 per
2537 3650 2710 3716 ipsum
2742 3649 3050 3715 (inirentur,
3074 3653 3166 3720 qui
3197 3661 3286 3707 est

1693 3731 1904 3786 initium
1934 3743 1989 3788 et
2014 3733 2161 3799 ﬁnis,
2185 3736 2700 3808 etsuppleuientum
2725 3739 2877 3813 legis,
2911 3748 2967 3794 ut
2993 3741 3286 3818 Apostolus

1691 3821 1954 3878 Romanis
1979 3826 2225 3880 scribens
2243 3827 2360 3880 ait:
2389 3826 2540 3881 Finis
2566 3830 2720 3882 enim
2748 3829 2874 3898 legis
2902 3829 3169 3895 Claristus,
3213 3831 3284 3886 ad

1682 3914 1947 3984 justitiam
1970 3917 2112 3969 omni
2139 3917 2393 3971 credenti.
2423 3917 2539 3984 Quo
2566 3930 2806 3988 peracto,
2835 3935 3064 3990 pergens
3097 3921 3162 3975 ad
3187 3937 3281 3992 pa-

1692 4004 1900 4072 latium,
1935 4006 2114 4077 regale
2147 4009 2287 4062 sedit
2314 4008 2534 4088 solium,
2581 4011 2801 4064 iudutus
2843 4024 2994 4066 veste
3049 4012 3284 4082 Splendi-

1691 4101 1916 4158 dissima
1949 4118 2114 4172 quam
2168 4103 2305 4157 texit
2335 4105 2894 4176 sapientia,‘repletus
2919 4094 3003 4161 est
3041 4107 3278 4177 prudem

1695 4194 1800 4258 tia,
1833 4203 2140 4249 erectus'et
2180 4197 2446 4264 potentia,
2487 4212 2586 4266 pro
2628 4212 2725 4252 sua
2767 4197 3138 4268 magnitudine
3186 4198 3258 4252 sti

1693 4294 1849 4354 patus
1887 4286 2253 4352 multitudine,
2280 4297 2518 4342 tractans
2553 4290 2894 4358 practicede
2923 4287 3276 4362 statu‘regni,

1691 4389 1747 4432 et
1801 4379 2045 4434 theoriee
2095 4381 2161 4434 de
2217 4381 2409 4436 ordine
2460 4392 2515 4436 et
2562 4383 2858 4438 stabilitate
2921 4382 3279 4438 ecclesiarum

1691 4467 1914 4533 Christi,
1962 4478 2017 4524 et
2054 4470 2293 4539 qualiter
2340 4472 2468 4526 boni
2513 4473 2696 4541 quiete
2739 4473 3004 4538 viverent,
3049 4482 3104 4526 et
3156 4472 3284 4526 ntali

1693 4559 1864 4616 inulte
1909 4578 2016 4615 non
2063 4571 2369 4632 peccarent.
2440 4564 2658 4618 Interim
2708 4565 3082 4632 episcoporum
3131 4579 3285 4618 sacer

1692 4661 1992 4707 conventus
2023 4655 2076 4706 in
2109 4653 2330 4708 basilica
2363 4655 2632 4723 praedicta:
2657 4655 2795 4709 villae
2824 4664 2941 4723 post
2968 4670 3285 4728 communes

1692 4745 1970 4810 orationes
2003 4753 2058 4798 et
2090 4759 2278 4812 preces
2307 4744 2508 4810 ﬁnitas,
2541 4745 3088 4800 honoriﬁcentissime
3138 4744 3281 4800 infu-

1693 4836 1808 4900 lali,
1843 4837 2243 4907 pontificalibus
2289 4837 2508 4892 sedibus
2550 4837 2772 4898 sull‘ulti,
2816 4824 3090 4914 mentibus
3136 4853 3280 4892 sere-

52 4923 119 4975 sed
153 4926 238 4994 per
266 4930 438 5001 ipsum
485 4933 767 4986 Dominum
797 4948 918 4987 eum
962 4948 1085 4988 esse
1121 4933 1371 4988 electum.
1403 4933 1589 4990 Consi-
1620 4971 1666 5028 υ
1693 4930 1830 4994 nati,
1858 4931 2140 4999 prudentia
2171 4930 2403 5000 praediti,
2435 4941 2843 4986 sacrosanctum
2887 4931 3114 5002 ingressi
3158 4939 3284 4992 sunt

52 5010 208 5073 derans
267 5025 412 5077 enim
465 5024 605 5077 idem
667 5021 1098 5093 sapientissimus
1158 5042 1250 5080 rex
1309 5026 1587 5094 profundae

53 5113 209 5164 mentis
253 5115 470 5180 intuitu,
524 5117 891 5171 abundantem
945 5119 996 5171 in
1050 5133 1108 5173 se
1149 5116 1318 5174 sancti
1352 5120 1588 5188 Spiritus

51 5202 258 5270 gratiam,
288 5209 414 5277 quia
443 5225 578 5278 quos
599 5209 892 5280 repleverit
920 5211 1173 5265 ardentes
1203 5211 1252 5264 in
1276 5226 1352 5274 se,
1385 5213 1588 5281 pariter

51 5294 89 5336 et
123 5289 381 5360 loquentes
431 5299 556 5352 facit
600 5299 685 5354 de.
715 5315 812 5355 se:
844 5316 985 5354 anno
1034 5302 1424 5356 incarnationis
1461 5301 1587 5356 Jesu

52 5372 214 5436 Christi
262 5388 461 5443 domini
508 5391 677 5444 nostri
727 5393 852 5456 895,
887 5393 1038 5463 regni
1085 5408 1212 5447 vero
1257 5393 1337 5447 sui
1380 5393 1432 5458 8,
1460 5394 1592 5447 indi-

34 5467 293 5534 ‘(ttionel5.
325 5495 508 5534 mense
539 5481 697 5546 Maio,
749 5481 988 5550 ejusdem
1036 5484 1210 5538 sancti
1239 5483 1474 5552 Spiritus
1515 5483 1592 5536 in-

35 5565 214 5616 ‘sunctu
263 5576 318 5621 et
362 5570 652 5638 primatum
728 5588 952 5627 suorum
1000 5574 1243 5629 consultu
1272 5615 1286 5639 ,
1341 5574 1486 5627 venit
1541 5575 1592 5628 in

105 5791 195 5868 ”"_
221 5795 631 5871 Subscripticncs
656 5803 1050 5858 desiderantur.

1699 5020 1956 5090 synodale
1984 5020 2340 5090 colloquium.
2381 5019 2529 5074 lnter
2558 5021 2660 5075 alia
2693 5036 2946 5090 namque,
2978 5021 3176 5090 quibus
3206 5020 3288 5072 di-

1699 5112 1820 5164 vina
1849 5120 1903 5164 et
1933 5110 2169 5164 humana
2219 5112 2506 5165 tractaturi
2545 5121 2721 5176 erant,
2773 5113 3056 5175 communi,
3081 5120 3203 5166 voto
3232 5121 3287 5166 et

1697 5202 1812 5271 pari
1862 5216 2153 5267 consensu,
2199 5201 2265 5257 de
2304 5202 2529 5273 collegio
2579 5215 2890 5282 sanctorum
2941 5204 3286 5258 sacerdotum

1693 5310 1891 5363 gnaros
1929 5305 1984 5350 et
2027 5295 2251 5350 idoneos
2297 5296 2610 5351 direxcrunt
2645 5297 2970 5351 mediatores
2999 5297 3066 5350 ad
3093 5293 3288 5365 praefa-

1682 5397 1809 5444 .tum
1841 5390 1990 5459 pium
2031 5403 2236 5460 regem,
2273 5377 2640 5459 inquirentes,
2679 5406 2786 5460 quo
2827 5390 3006 5444 studio
3034 5389 3114 5443 vel
3143 5388 3287 5457 quali

1698 5482 2034 5551 benignitate
2075 5482 2368 5536 secundum
2418 5482 2740 5551 sapientiam
2781 5491 2836 5535 et
2871 5480 3284 5551 possibilitatem

1701 5573 1770 5624 ah
1807 5573 1922 5641 ipso
1947 5573 2060 5631 Deo
2107 5575 2208 5632 sibi
2243 5575 2448 5640 datam,
2497 5575 2782 5630 ecclesiam
2813 5572 3039 5640 Christi,
3089 5571 3161 5628 illi
3191 5585 3288 5641 per

1259 5687 1494 5745 ΥΑιῖΙᾹΞ
1530 5688 1933 5744 LliCTlONES.
