3874 5340
537 188 642 249 807

1256 185 1550 245 APPEND.
1591 184 1686 243 AD
1721 182 1897 243 SA'ZC.
1936 182 2006 241 Χ.
2029 213 2099 225 -—
2135 181 2575 244 MONUMENTA
2613 185 3098 248 DlPLOMATICA.
3652 202 3725 259 gos

539 300 1155 377 regalempotestatem,
1184 306 1242 355 et
1270 297 1404 371 ipsis
1436 312 1534 369 per
1560 294 1955 354 sacerdotalem
1983 294 2123 353 emi-
2153 298 2200 359 Α
2231 293 2554 352 inclinantes
2582 310 2664 363 se,
2694 312 2877 353 coram
2903 296 2979 371 pii
3031 297 3293 371 principis
3332 303 3605 364 astantibus
3640 311 3729 368 mis.

537 393 803 459 nentiam,
834 390 1124 448 comissatn
1154 388 1464 455 defendere,
1515 395 1572 445 et
1597 386 1960 444 ministerium
2006 385 2125 443 illo-

545 502 669 543 rum
691 483 1027 557 ampliﬁcare
1054 492 1111 540 et
1137 483 1428 540 sublimare
1449 482 1782 555 dignaretur.
1808 481 2123 555 Proponen-

541 588 628 637 tes
656 581 705 635 ei
734 579 1010 651 propriam
1040 577 1183 648 regis
1217 577 1589 644 eminentiam,
1617 576 1673 632 id
1701 584 1805 641 est,
1832 583 1894 630 ut
1915 573 2127 631 miseri-

539 670 727 727 cordia
763 677 819 725 et
852 667 1118 724 modessia
1150 682 1341 724 omnes
1370 665 1665 739 praecellat,
1694 674 1750 723 et
1778 680 1885 721 non
1927 680 2125 720 secun-

539 762 673 817 dum
698 774 987 831 personam
1010 758 1237 830 judicet,
1267 757 1605 830 atquejnxta
1639 755 2006 821 Salomonem,
2019 755 2124 826 jn-

536 849 756 917 stitiam,
773 846 1040 918 judicium
1064 858 1113 902 et
1135 846 1429 918 (equitatem
1452 844 1655 917 diligat.
1682 845 1955 901 Addentes
1978 845 2127 900 insu-

540 958 640 1014 per
664 957 946 999 sacrarum
977 939 1223 1011 exempla
1265 939 1596 1005 litterarum,
1625 939 1821 1009 quibus
1861 938 2123 1010 sapientia

538 1036 789 1093 alumnos
838 1034 954 1091 suis
1006 1034 1280 1090 laboribus
1340 1034 1609 1103 educatos.
1652 1031 1960 1097 instruens,
2019 1031 2122 1086 ait:

538 1125 720 1181 Meum
752 1136 826 1181 est
854 1125 1137 1180 consilium
1167 1134 1218 1181 et
1256 1125 1497 1196 a'quitas,
1524 1140 1639 1179 mea
1677 1123 1978 1195 prudentia,
2009 1140 2125 1179 mea

537 1229 614 1275 est
639 1220 935 1290 fortitudo:
962 1235 1055 1290 per
1079 1235 1160 1273 me
1191 1235 1333 1290 reges
1370 1228 1620 1291 regnant,
1642 1228 1693 1272 et
1721 1216 1893 1290 legum
1938 1218 2125 1272 condi-

539 1320 679 1367 tores
698 1312 850 1382 justo
878 1313 1163 1368 decernunt
1187 1328 1206 1368 :
1227 1330 1320 1383 per
1352 1329 1433 1367 me
1472 1312 1734 1384 principes
1770 1312 2054 1383 imperant,
2075 1320 2125 1366 et

537 1415 774 1476 potentes
806 1406 1091 1461 decernunt
1113 1407 1399 1476 justitiam.
1435 1404 1503 1460 Et
1532 1405 1659 1460 item
1686 1421 1700 1458 :
1729 1402 1840 1459 Rea:
1864 1405 1954 1474 qui
1976 1405 2128 1476 judi-

540 1509 625 1552 cat
655 1499 708 1551 in
734 1497 980 1564 veritate,
1021 1498 1240 1553 thronus
1285 1498 1400 1568 ejus
1440 1497 1496 1552 in
1519 1507 1770 1552 a’ternum
1797 1496 2122 1566 ﬁrmabitnr.

539 1587 902 1652 Pus-ferentes
946 1588 1111 1644 etiam
1150 1589 1201 1644 ci
1239 1589 1608 1645 institutiones
1636 1587 1852 1645 Martini
1885 1588 2124 1660 episcopi

2227 383 2326 450 sis,
2354 383 2743 456 gratiﬁcantes,
2772 397 2828 442 et
2857 402 3054 457 magno
3097 388 3326 462 principi
3374 392 3545 451 laudes
3572 396 3728 458 debitas

2225 473 2619 544 persolventes,
2662 477 2858 534 deinde
2904 490 3057 536 recto
3098 481 3291 538 ordine
3322 486 3661 557 consederunt,
3692 502 3729 551 et

2224 565 2426 638 prmvio
2452 576 2645 623 sancto
2685 566 2918 640 Spiritu,
2954 572 3200 644 quasdam
3248 574 3477 646 capitula
3504 581 3731 652 magisne-
3806 602 3807 609 η

2226 660 2461 716 cessaria
2490 702 2509 728 ,
2553 676 2617 717 ex
2666 664 2945 720 canonicis
2998 665 3422 723 institutionibus
3467 670 3733 743 subscripse-

2226 762 2372 805 runt.
2412 750 2609 807 Errata
2639 754 2941 825 corrigere,
2989 754 3256 828 superﬂua
3298 758 3594 827 abscidere,
3629 776 3732 821 recta
3806 770 3807 809 δ

2225 843 2312 897 via
2362 844 2511 914 regia
2554 854 2822 902 coartare.
2871 845 3004 903 Post
3054 848 3170 906 haec
3214 850 3633 920 prudentissimus
3669 872 3732 911 tet

2225 949 2516 1006 regnorum
2569 939 2937 996 sacrosanctis
3001 941 3196 997 divina:
3249 942 3515 1016 religionis
3554 946 3736 1002 interluit
3806 952 3807 965 ‘

2227 1026 2542 1097 mysteriis,
2607 1036 2665 1084 et
2700 1032 2875 1086 sancti
2911 1040 3095 1103 patres
3145 1034 3369 1106 secretis
3415 1036 3658 1107 palatinis.
3690 1039 3739 1093 Et
3806 1066 3807 1107 ξ

2224 1118 2516 1174 concordia
2565 1130 2687 1177 erat
2738 1121 2795 1177 in
2824 1124 3057 1191 cunctis,
3104 1125 3171 1183 ad
3217 1125 3429 1183 laudem
3452 1127 3569 1185 Jesu
3589 1127 3738 1188 Christi
3806 1126 3807 1181 ἶ

2227 1206 2429 1263 domini
2456 1210 2678 1277 'nostri,
2722 1213 2810 1268 cui
2849 1214 2920 1270 sit
2972 1204 3092 1271 laus
3127 1224 3183 1271 et
3227 1216 3399 1289 gloria
3448 1234 3544 1289 per
3578 1219 3737 1278 inﬁnita

2225 1302 2546 1358 saeculorum
2577 1303 2865 1361 saecula....

2298 1392 2430 1464 Cap.
2455 1395 2509 1449 5.
2544 1394 2653 1452 Nos
2680 1397 2867 1469 igitur,
2893 1398 3088 1470 quibus
3118 1416 3268 1473 rcgm
3302 1418 3433 1458 cura
3454 1413 3505 1459 et
3522 1404 3737 1464 solicitude

2228 1487 2584 1544 ecclesiarum
2623 1490 2826 1547 Christi
2857 1494 3145 1550 commissa
3174 1508 3278 1563 est,
3313 1497 3473 1553 aliter
3498 1513 3681 1572 regnum
3700 1510 3738 1557 et

2229 1579 2515 1651 imperium
2554 1580 2679 1652 jure
2724 1584 3098 1643 ecclesiastico
3158 1603 3349 1660 regere
3397 1600 3453 1645 et
3503 1592 3738 1662 gubernare

542 1682 613 1736 ad
639 1680 894 1736 Mironcm
928 1695 1132 1753 regem,
1163 1680 1358 1751 quibus
1391 1695 1513 1736 eum
1538 1681 1605 1736 ad
1632 1681 1974 1737 honestatem
2001 1681 2125 1737 vita:

2233 1685 2337 1727 non
2365 1688 2671 1744 possumus,
2703 1677 2806 1732 nisi
2829 1677 2930 1734 hos
2957 1719 2973 1744 ,
3006 1680 3111 1747 Qui
3132 1681 3408 1738 ecclesiam
3437 1683 3644 1751 Christi,
3667 1704 3737 1742 nos

541 1782 598 1828 et
624 1773 881 1843 pietatem
914 1787 1126 1829 morum
1154 1772 1346 1828 ordine
1395 1771 1625 1835 rationis
1673 1770 1981 1836 instituens,
2015 1772 2119 1827 ait:

548 1882 568 1918 ι
591 1863 880 1919 Prudentis
900 1863 1182 1934 proprium
1209 1874 1310 1929 est,
1336 1863 1650 1918 examinare
1669 1861 1898 1917 consilia
1924 1879 1937 1916 :
1964 1871 2127 1933 atque

542 1952 823 2021 subiunxit
850 1971 865 2008 :
891 1953 937 2008 si
965 1955 1206 2025 prudens
1234 1962 1316 2008 est
1342 1953 1558 2007 animus
1588 1962 1736 2021 tuus,
1784 1951 1957 2008 tribus
1989 1961 2127 2008 tem-

542 2046 768 2116 poribus
792 2045 1155 2115 dispcnsctur.
1205 2043 1500 2099 l‘rzescutia
1535 2042 1750 2107 ordina,
1777 2042 1955 2097 futura
1986 2056 2127 2113 prte-

540 2137 687 2205 vide,
732 2137 1008 2208 praeterita
1058 2136 1367 2192 recordare.
1424 2135 1490 2190 Et
1526 2150 1707 2198 sermo
1744 2143 1868 2190 tuus
1903 2149 2010 2190 non
2059 2132 2130 2190 sit

543 2228 743 2291 inanis.
772 2230 867 2284 sed
895 2236 987 2282 aut
1012 2227 1258 2291 suadeat,
1287 2237 1382 2282 aut
1409 2233 1647 2288 moneat,
1674 2235 1767 2279 aut
1795 2223 2128 2290 consoletur,

545 2327 640 2373 aut
662 2318 994 2389 pratcipiata
1022 2318 1232 2384 Quibus
1262 2331 1355 2372 rex
1389 2314 1714 2384 theologiam
1739 2315 1897 2385 quasi
1921 2310 1991 2368 ab
2020 2311 2133 2370 alto

544 2411 958 2478 disserentibus,
987 2412 1058 2465 ab
1081 2418 1312 2481 augusta
1343 2407 1540 2464 mentis
1582 2422 1693 2462 suae
1739 2405 1892 2472 sede,
1918 2404 2045 2476 quia
2073 2412 2135 2460 ut

547 2502 830 2577 Sapientia
873 2505 952 2559 ait
976 2518 991 2557 :
1014 2502 1124 2558 Cor
1148 2518 1328 2574 regum
1369 2498 1706 2556 inscrutabilc
1734 2510 1841 2567 est,
1872 2514 2133 2554 arcanum

546 2597 793 2670 mysterii
840 2596 928 2653 sui
970 2594 1238 2661 revolans,
1278 2595 1330 2649 in
1360 2595 1477 2650 hate
1504 2593 1671 2649 verba
1703 2591 1991 2664 prorupit:
2027 2607 2050 2642 ι
2087 2588 2134 2647 0

543 2697 795 2760 pastores
842 2685 1198 2743 ecclesiarum
1225 2685 1455 2751 Christi,
1496 2695 1551 2740 et
1579 2683 1879 2741 clarissima
1929 2681 2134 2739 lumina

547 2779 758 2846 mundi,
790 2779 955 2851 agite,
982 2792 1103 2848 qua:
1133 2776 1287 2832 vobis
1322 2774 1575 2846 imposita
1601 2783 1712 2842 est,
1736 2787 1924 2830 curam
1954 2781 2136 2843 pasto-

549 2875 740 2931 ralem.
776 2874 842 2928 Et
867 2871 1025 2942 juxta
1064 2869 1380 2941 Apostolum
1408 2887 1421 2922 :
1448 2866 1650 2924 lnstate
1684 2877 1991 2938 opportune,
2039 2864 2137 2918 iat-

549 2974 795 3039 portune,
843 2963 1067 3034 arguite,
1112 2963 1398 3026 obsecrato,
1442 2960 1724 3029 increpate,
1771 2958 1825 3012 in
1859 2958 2004 3011 omni
2042 2971 2137 3027 pa-

2227 1762 2525 1831 habentem,
2557 1774 2616 1820 ut
2658 1765 2949 1838 Apostolus
2983 1769 3082 1837 ait,
3119 1773 3388 1827 maculam
3416 1791 3568 1846 neque
3587 1792 3735 1848 rugam.

2230 1856 2586 1924 conturbant,
2612 1857 2734 1914 zelo
2761 1859 2888 1917 tidei
2912 1875 3330 1934 persequamur.
3360 1867 3437 1923 De
3456 1884 3556 1937 quo
3580 1870 3738 1926 real):-
3806 1890 3807 1897 η

2235 1946 2325 2002 vid
2354 1955 2609 2017 testatur,
2644 1948 2868 2020 Nonne,
2908 1955 2999 2025 qui
3044 1955 3266 2011 oderunt
3304 1969 3378 2025 te,
3408 1958 3561 2025 Deus,
3586 1963 3741 2016 oderat:

2229 2034 2381 2102 illos,
2427 2048 2477 2092 et
2515 2055 2672 2108 super
2716 2041 2955 2097 inimicos
2995 2052 3114 2099 tuos
3157 2046 3524 2104 tabescebam.’
3560 2049 3740 2120 Perfecto
3806 2104 3807 2115 χ

2230 2126 2353 2180 odio
2379 2128 2591 2183 oderam
2621 2128 2741 2185 illos
2767 2171 2783 2197 ,
2824 2133 3029 2189 inimici
3074 2136 3206 2205 facti
3235 2146 3361 2193 sunt
3389 2140 3534 2194 mihi.
3569 2139 3627 2195 Et
3657 2157 3741 2196 cum
3806 2138 3807 2167 δ

2231 2217 2584 2289 Evangeliutn
2612 2220 2887 2293 legeretur
2907 2225 3248 2283 audivimus:
3272 2225 3337 2284 Si
3364 2238 3417 2283 te
3440 2245 3539 2284 non
3559 2231 3740 2292 audierit,

2232 2311 2298 2364 sit
2321 2312 2414 2365 tibi
2437 2312 2570 2368 sicut
2602 2315 2839 2370 ethnicus
2863 2327 2911 2371 et
2930 2317 3261 2388 publicanus.
3280 2319 3356 2377 Et
3373 2322 3499 2380 amri
3528 2344 3542 2376 :
3567 2323 3651 2390 Qui
3663 2341 3741 2393 ρετ·
3806 2392 3807 2395 η

2236 2402 2366 2458 cutit
2397 2403 2570 2460 malos
2614 2406 2670 2461 in
2704 2423 2765 2462 eo
2801 2408 2943 2480 quod
2967 2409 3095 2465 mali
3130 2421 3253 2466 sunt
3275 2451 3291 2478 ,
3330 2414 3561 2469 minister
3592 2413 3743 2469 Domiti

2235 2506 2333 2552 est.
2372 2496 2582 2555 idcirco
2610 2515 2722 2556 non
2769 2502 3068 2573 potentiam
3097 2503 3482 2571 ostendentes,
3527 2505 3609 2562 sed
3637 2500 3744 2577 justi-

2233 2588 2367 2643 tiam
2397 2588 2745 2658 exltibentes,
2772 2592 3136 2664 prmcipimus,
3166 2603 3221 2650 et
3264 2597 3585 2651 auctoritate
3613 2606 3744 2651 nostra

2234 2678 2566 2753 iniungimus
2599 2685 2853 2742 omnibus
2889 2687 3037 2758 regni
3073 2688 3245 2743 nostri
3274 2690 3564 2744 comitibus
3584 2729 3599 2755 ,
3636 2697 3742 2760 post-

2237 2788 2399 2843 quam
2426 2774 2496 2829 ab
2536 2776 2806 2849 episcopis
2850 2780 3198 2837 anathemate
3242 2779 3746 2838 excommunicationi:

2237 2864 2641 2936 percelluntur,
2678 2877 2731 2922 et
2775 2877 2953 2925 tamen
2981 2869 3050 2925 ad
3084 2871 3467 2941 paenitendum
3511 2886 3604 2927 non
3639 2869 3748 2925 incli-

2239 2965 2471 3020 nantur;
2498 2968 2555 3012 ut
2576 2957 2643 3013 ab
2674 2958 2809 3028 ipsis
2833 2961 3378 3030 comprehendantur
3404 3002 3424 3030 ,
3468 2970 3521 3019 et
3544 2972 3646 3016 ante
3677 2971 3745 3013 nos

550 3056 733 3110 tientia
765 3064 812 3108 et
841 3054 1115 3120 doctrina,
1141 3060 1203 3107 ut
1227 3050 1373 3122 vigili
1402 3065 1536 3107 cura
1571 3061 1626 3107 ct
1653 3049 2021 3107 admonitione
2047 3063 2135 3107 se-
2165 3045 2210 3108 C
2240 3044 2587 3116 perferantur
2620 3066 2636 3103 :
2678 3058 2738 3104 ut
2775 3052 2869 3120 qui
2895 3051 3080 3106 divina
3121 3051 3327 3122 judicia
3367 3069 3474 3111 non
3523 3062 3748 3113 vereatur.

548 3144 696 3209 tlula,
720 3158 851 3199 oves
871 3140 1071 3198 Christi
1099 3142 1166 3198 ad
1191 3141 1377 3198 caulas
1402 3151 1618 3196 internae
1641 3140 1765 3196 vita:
1791 3140 2136 3197 introducere

549 3232 890 3290 mereamini.
940 3230 1163 3289 llabctis
1206 3245 1313 3297 me,
1363 3231 1616 3288 onmibus
1652 3230 1897 3287 ecclesia:
1932 3229 2133 3286 Christi

546 3323 983 3388 adversantibus,
1008 3333 1067 3379 et
1087 3331 1272 3380 vestro
1308 3322 1627 3379 sacerdotali
1661 3321 1966 3378 ministerio
1992 3323 2135 3378 reni-

548 3414 812 3491 tentibus,
838 3414 1301 3484 oppositissimurn
1334 3413 1677 3476 bellatorem.
1709 3412 1872 3481 Quia,
1905 3423 1964 3469 ut
1990 3414 2136 3484 Apo-

547 3507 721 3565 stolus
744 3506 1004 3563 Romanis
1055 3505 1314 3577 scripsit:
1357 3503 1427 3560 In
1450 3505 1534 3559 his
1562 3508 1803 3559 omnibus
1827 3521 2134 3576 superamus

546 3608 758 3671 propter
785 3613 933 3663 eum,
961 3598 1052 3669 qui
1080 3597 1265 3652 dilexit
1296 3612 1411 3652 nos.
1462 3596 1531 3651 Et
1566 3596 1696 3651 item
1723 3594 1824 3651 :Si
1852 3594 1996 3650 Deus
2037 3609 2135 3665 pro

545 3691 719 3757 nobis,
740 3692 857 3762 quis
884 3699 1067 3745 contra
1100 3688 1233 3744 nos?
1269 3687 1454 3743 Certus
1483 3703 1599 3743 sum
1629 3687 1790 3752 enim,
1819 3690 1944 3757 quia
1975 3701 2137 3756 neque

542 3797 713 3847 Mors,
742 3797 905 3855 neque
924 3782 1052 3844 vita,
1077 3796 1241 3850 neque
1262 3779 1537 3845 instantia,
1560 3795 1722 3850 neque
1744 3779 1948 3849 futura,
1974 3792 2136 3847 neque

548 3875 664 3928 ulla
699 3884 945 3928 creatura
976 3875 1163 3942 poterit
1192 3887 1284 3927 nos
1311 3888 1559 3943 separare
1598 3889 1630 3926 a
1652 3872 1910 3926 charitate
1930 3871 2048 3938 Dei,
2081 3881 2138 3927 et

549 3963 907 4018 unanimitate
934 3971 1141 4030 sancta,
1173 3962 1472 4018 beatissimi
1500 3970 1702 4031 patres.
1738 3979 1757 4014 ι
1792 3961 2139 4018 Gratulantcs

550 4054 717 4124 igitur
745 4054 908 4118 beati,
936 4054 1026 4123 qui
1058 4053 1209 4108 missi
1239 4062 1391 4119 sunt,
1420 4053 1751 4118 sacerdotes,
1780 4054 2136 4124 congredien-

552 4146 697 4200 tibus
717 4144 1041 4214 qnibusdam
1066 4145 1439 4214 optimatibus,
1466 4145 1531 4199 de
1564 4145 1757 4200 throno
1782 4144 1945 4217 regis,
1972 4158 2136 4200 causa

545 4235 707 4309 justas
758 4234 1045 4306 legationis
1078 4246 1136 4292 et
1161 4252 1305 4292 verm
1334 4235 1731 4303 unanimitatis,
1775 4235 1842 4290 ad
1889 4245 2133 4291 sanctam

550 4332 819 4402 synodum
854 4329 1102 4396 directis,
1136 4331 1338 4386 reversi
1365 4338 1492 4386 sunt
1519 4330 1586 4386 ad
1614 4343 1709 4385 eos
1757 4330 1848 4400 qui
1878 4330 2141 4385 miserant

2237 3135 2471 3191 humana
2500 3139 2771 3193 sententia
2799 3139 3088 3197 feriantur.
3126 3142 3278 3198 [inde
3301 3159 3408 3213 per
3432 3142 3669 3215 quendam
3690 3154 3751 3195 sa-

2234 3227 2470 3297 pientem
2500 3230 2703 3286 dictum
2730 3242 2816 3287 est
2842 3250 2863 3286 .:
2893 3231 3006 3288 Rex
3028 3235 3117 3306 qui
3144 3236 3284 3290 sedet
3333 3235 3390 3291 in
3431 3235 3558 3291 solio
3579 3232 3751 3306 iudicii,

2235 3319 2454 3391 dissipat
2495 3337 2648 3378 omne
2676 3324 2875 3379 malum
2914 3325 3114 3380 intuitu
3154 3343 3275 3382 suo.
3304 3327 3368 3383 Si
3398 3328 3538 3384 enim
3566 3335 3653 3383 tatu
3690 3336 3750 3378 re-

2236 3410 2407 3467 belles
2435 3413 2758 3482 extiterint,
2788 3423 2850 3470 ut
2892 3417 3493 3488 comprehcndentibus
3523 3427 3750 3488 repugnate

2237 3501 2546 3558 studuerint
2570 3545 2586 3571 ,
2618 3504 2754 3560 etin
2782 3505 2878 3561 tali
2917 3507 3226 3564 temeritate
3265 3509 3538 3566 interfecti
3573 3506 3749 3564 fuerint.

2229 3588 2436 3659 judicio
2462 3593 2845 3666 episcoporum
2868 3597 3311 3655 interfectoribus
3340 3599 3489 3655 nulla
3516 3598 3752 3669 imponatur

2234 3686 2557 3756 Pmnitentia
2593 3706 2606 3741 :
2639 3699 2695 3746 et
2717 3701 2991 3764 praecepto
3018 3703 3230 3761 nostro,
3258 3694 3543 3766 weregeldi
3571 3692 3685 3747 inulla
3703 3689 3749 3742 ab

2237 3777 2318 3832 eis
2334 3789 2724 3851 extorqueatur
2746 3785 3090 3856 compositio.
3113 3786 3652 3859 Constringanturque
3667 3794 3754 3852 pro-

2239 3869 2367 3925 ximi
2400 3881 2454 3926 et
2483 3888 2674 3930 eorum
2719 3875 2934 3946 cognati
2963 3891 3086 3933 cum
3106 3876 3424 3950 iuramento
3450 3918 3465 3945 ,
3515 3891 3578 3933 ne
3617 3876 3661 3930 in
3683 3872 3755 3927 illis

2239 3975 2334 4017 eos
2402 3963 2704 4035 vindicent,
2752 3967 2847 4023 sed
2875 3983 3065 4040 pacem
3115 3969 3185 4026 ad
3230 3984 3327 4026 eos
3376 3982 3435 4026 et
3480 3964 3755 4024 concordiam

2240 4066 2546 4112 servent....
2930 4130 2933 4131 ν

2311 4145 2369 4202 lu
2400 4147 2504 4203 hoc
2528 4157 2722 4204 sancto
2750 4155 2806 4205 et
2841 4149 3136 4206 universali
3162 4149 3400 4206 concilio
3425 4146 3759 4220 praecidenteet

2242 4234 2535 4307 adjurante
2577 4239 2668 4309 pio
2699 4239 2945 4310 principe
2973 4238 3200 4295 Arnoll‘o
3241 4238 3621 4311 gloriosissimo
3653 4244 3758 4300 rese.

2243 4332 2650 4396 consederunt,
2685 4330 2779 4401 qui
2816 4338 3203 4395 convenerant,
3239 4330 3419 4386 sancti
3449 4338 3619 4399 patres
3640 4331 3683 4377 et
3697 4334 3762 4374 re-

554 4424 696 4483 illos.
752 4422 1199 4479 Pcratnbulantes
1234 4423 1417 4492 igitur.
1462 4430 1521 4477 et
1548 4435 1767 4477 sacrum
1811 4429 2139 4481 conventum
2171 4409 2219 4468 D
2246 4422 2515 4478 uerabiles
2533 4422 2885 4479 ecclesiarum
2910 4409 3187 4493 pastores,
3205 4431 3264 4478 et
3288 4437 3411 4493 qua
3431 4418 3672 4476 catholica
3689 4410 3761 4468 ﬁde

552 4516 944 4588 inrumpentes,
972 4524 1028 4570 et
1053 4515 1340 4570 ecclesiam
1381 4513 1492 4569 illic
1519 4522 1904 4585 congregatam
1949 4526 2142 4568 cense-

553 4606 747 4663 latoria
791 4608 1146 4680 responsione
1192 4605 1550 4671 lauiticautes,
1593 4605 1886 4670 siluerunt,
1926 4612 1982 4658 et
2010 4602 2141 4674 quid

550 4698 809 4770 deinceps
856 4698 1028 4754 acturi
1075 4707 1283 4763 essent,
1314 4696 1463 4752 taciti
1492 4704 1784 4766 expectare
1830 4703 2135 4765 coeperunt.

552 4789 895 4861 Exurgentes
951 4792 1118 4863 igitur
1159 4792 1228 4847 de
1286 4790 1506 4846 sedibus
1548 4789 1660 4843 suis
1711 4788 2137 4844 reverentissimi

547 4891 756 4954 patres,
785 4896 909 4941 cum
937 4884 1135 4939 astauti
1164 4883 1332 4948 clero,
1365 4892 1446 4936 ter
1470 4888 1771 4951 quaterque
1798 4877 2139 4949 proclaman-

552 4986 658 5044 tes,
679 4984 735 5031 et
754 4976 950 5032 divina:
964 4975 1231 5047 maiestati
1250 4974 1646 5045 supplicantes:
1669 4969 1900 5036 Exaudi,
1915 4970 2140 5038 Christe,

551 5067 827 5138 Arnulpho
852 5085 1044 5139 magno
1074 5069 1183 5139 regi
1218 5066 1360 5122 vita!
1388 5074 1444 5120 et
1474 5063 1796 5120 sonantibus
1837 5065 2139 5134 campanis,

550 5150 628 5214 Te
649 5157 816 5213 Deum
858 5158 1164 5222 laudamus,
1209 5155 1622 5212 concinentibus
1664 5155 1895 5219 cunctis,
1933 5156 2139 5228 glorifi-

552 5260 765 5317 cantes,
820 5263 876 5309 et
920 5252 1104 5310 Jesum
1144 5252 1421 5308 Christum
1472 5251 1884 5317 conlaudantes,
1937 5253 2140 5322 quiin

2242 4516 2765 4587 promulgaverunt,
2794 4519 2930 4588 'pari
2962 4517 3298 4589 professione
3327 4517 3760 4597 continuaverunt.

2241 4619 2295 4664 et
2317 4608 2601 4663 unanimes
2628 4609 3095 4680 subscripserunt.

2312 4696 2532 4767 llattho,
2564 4708 2767 4755 sanctae
2815 4699 3273 4771 Mogontiacensis
3318 4698 3562 4755 ecclesia:
3600 4690 3763 4749 arduo-

2240 4789 2494 4860 piscopus
2559 4790 2876 4861 subscripsi.
2918 4790 3280 4847 llerimannus
3323 4798 3529 4845 sanctae
3570 4779 3765 4856 Agrippi-

2243 4883 2428 4937 nensis
2454 4897 2574 4952 qua:
2600 4892 2657 4937 et
2699 4880 3038 4939 Coloniensis
3079 4882 3315 4939 ecclesia:
3362 4879 3765 4951 archiepiscopus.

2241 4973 2557 5044 subscripsi.
2610 4974 2877 5031 Ratbotus
2933 4975 3283 5031 Treverensis
3335 4973 3578 5029 ecclesia:
3634 4963 3769 5023 archi-

2238 5065 2522 5136 episcopus
2549 5107 2565 5132 ,
2621 5067 2941 5137 subscripsi.
2992 5066 3222 5133 Waldo,
3278 5059 3677 5136 Frigisingensis
3702 5067 3768 5109 ec.

2239 5154 2422 5209 clcsize
2465 5155 2752 5227 episcopus
2777 5197 2793 5224 ,
2841 5156 3162 5227 subscripsi.
3223 5154 3649 5210 Erehanbaldus,
3678 5142 3771 5199 Eili-

2247 5246 2509 5301 statensis
2535 5247 2780 5303 ecclesia:
2808 5248 3122 5318 episcopus,
3156 5246 3477 5315 subscripsi.
3500 5240 3636 5297 Tuto
3656 5277 3669 5303 ,
3693 5234 3770 5329 R3:
