3924 6318
577 405 725 462 -811

1335 405 1624 463 ᾹΡΡΕΝΙ).
1662 405 1754 461 AD
1791 403 1965 462 Sz’EC.
2010 402 2076 459 Χ.
2108 431 2179 440 --
2216 401 2221 456 ἶ

2319 399 2653 459 NUMENTA
2688 399 3170 459 DlPLOMATlCA.
3726 400 3796 469 θη

629 516 1167 588 luerit'proclamare
1193 530 1214 569 ηε
1247 517 1424 572 nullus
1468 519 1548 573 eis
1589 519 1964 574 contradicere
2002 531 2208 590 prtesu-
2239 519 2285 579 Α
2316 513 2369 569 in
2411 523 2732 585 perpetuum
2788 515 3019 571 ﬁrmiter
3083 523 3350 571 statuatur
3403 524 3554 587 atque
3606 519 3798 582 finiretur.

630 619 762 675 mat,
788 619 843 664 et
871 623 1047 679 neque
1075 623 1261 663 eorum
1303 624 1392 664 res
1421 609 1685 680 quispiam
1723 610 1977 665 invadere
2005 608 2088 663 vel
2118 608 2210 663 de-

629 693 880 771 p‘rzedari,
907 709 1506 770 aut"eomm'pcrsouas
1535 702 1587 755 in
1616 700 1793 756 eundo
1825 699 1910 755 vel
1939 699 2209 755 redeundo

626 793 713 849 vel
749 791 1010 847 morando
1031 791 1342 862 inquietare
1377 800 1694 863 praesumat,
1719 791 1889 846 donec
1924 790 2082 845 liceat
2112 790 2211 844 im-

625 885 912 955 peratoriae
941 884 1194 955 potestati
1228 899 1416 940 eorum
1442 899 1656 948 causas,
1689 892 1782 938 aut
1809 897 2088 954 personas,
2118 891 2211 936 aut

624 991 723 1046 per
757 976 954 1032 missos
979 974 1234 1048 [veStros]
1267 975 1584 1031 deliberare.
1629 974 1728 1042 Qui
1763 984 2084 1030 'autem‘eos
2130 974 2211 1028 in-

625 1067 893 1139 quietare,
931 1066 1133 1133 eundo,
1173 1067 1468 1132 redeundo,
1499 1066 1583 1121 vel
1613 1067 1871 1121 morando
1902 1065 2208 1129 tcntaverit,

625 1158 711 1214 vel
746 1174 935 1216 eorum
979 1159 1252 1231 quidpiam
1295 1173 1478 1214 rerum
1501 1157 1774 1212 auferre:
1805 1166 2086 1227 postquam
2117 1171 2214 1227 per

627 1248 911 1321 [vestram]
957 1248 1386 1304 misericordiam
1428 1262 1487 1304 se
1525 1247 2002 1318 proclamaverint,
2045 1247 2213 1317 impc-

627 1341 778 1397 rialis
811 1341 1031 1396 ultionis
1059 1339 1477 1410 indignationem
1505 1339 1768 1394 incurrat.

699 1433 752 1487 ὅ.
796 1432 869 1488 Ut
899 1431 1239 1502 privilegium
1267 1438 1469 1485 sancta:
1493 1430 1750 1484 Romanae
1778 1429 2041 1495 ecclesiae,
2070 1430 2211 1500 quod

629 1537 657 1575 a
684 1522 881 1592 priscis
924 1521 1257 1592 temporibus
1280 1536 1380 1592 per
1403 1521 1680 1591 piissimos
1723 1521 2082 1592 imperatores
2106 1531 2215 1577 sta-

629 1612 841 1668 bilitum
867 1620 952 1667 est
974 1620 1138 1680 atque
1165 1612 1462 1677 firmatum,
1493 1612 1566 1665 ita
1591 1626 1735 1666 nunc
1757 1627 1786 1666 a
1815 1610 2011 1684 [vobis]
2043 1612 2217 1668 ﬁrme-

627 1712 740 1770 tur,
771 1713 825 1760 et
861 1703 1053 1760 diebus
1079 1702 1323 1776 [vestris]
1354 1703 1496 1759 sicut
1533 1704 1796 1759 condecet
1833 1703 2216 1760 immutilatum

627 1804 896 1857 servetur,
928 1802 983 1851 ct
1011 1803 1218 1850 sancta
1246 1794 1488 1849 Romana
1533 1795 1764 1850 ecclesia
1811 1805 1988 1850 mater
2031 1805 2216 1852 nostra

2384 605 2469 660 10.
2511 605 2588 661 De
2631 605 2736 661 hoc
2761 620 2890 661 sane
2931 621 3042 676 pra:
3073 606 3324 662 omnibus
3365 608 3694 678 condolemus,
3719 618 3802 684 quia

2311 697 2377 752 ad
2413 705 2621 752 tantum
2669 697 3022 768 apostolicum
3062 698 3275 754 culmen
3323 699 3492 768 gratia
3517 700 3688 758 Christi
3723 722 3806 775 pro-

2311 791 2469 857 vecti,
2517 807 2641 848 cum
2681 791 2967 847 ecclesiam
3001 791 3212 846 Domini
3254 791 3547 860 salvatoris,
3578 809 3680 864 quze
3709 797 3805 853 Con-

2304 882 2640 938 stantiniana
2661 890 2924 949 'vocatUr,
2956 883 3284 937 destructum
3323 897 3646 940 cernerenius
3672 904 3683 940 :
3709 889 3807 944 dire-

2310 973 2490 1028 ximus
2514 987 2611 1042 pro
2645 971 2790 1028 illius
2818 971 2997 1042 aliqua
3027 973 3420 1028 restauratione
3435 974 3506 1028 ad
3541 975 3694 1031 trabes
3716 977 3808 1032 inci-

2312 1062 2548 1128 dendas;
2577 1062 2672 1118 sed
2697 1062 2790 1132 qui
2812 1061 3003 1118 directi
3026 1071 3153 1118 sunt
3180 1075 3210 1117 a
3240 1063 3418 1130 nobis,
3443 1075 3557 1134 qua:
3581 1070 3811 1123 necessaria

2312 1161 2468 1208 erant
2489 1152 2554 1207 ad
2580 1153 2972 1208 malitiosorum
2994 1153 3276 1209 hominum
3295 1153 3671 1211 infestationem
3688 1157 3812 1213 facere

2314 1243 2458 1298 nullo
2482 1242 2644 1298 modo
2668 1253 2975 1300 valuerunt.
3008 1243 3184 1315 Super
3210 1245 3407 1315 quibus
3433 1246 3677 1313 omnibus,
3700 1247 3814 1302 caris-

2294 1335 2452 1388 sime
2484 1334 2790 1400 fili,--videte
2822 1335 3130 1402 nobiscum,
3159 1345 3216 1392 et
3238 1345 3497 1406 quantum
3525 1338 3591 1393 sit
3612 1339 3813 1403 indecens,

2313 1434 2682 1496 quantamque
2721 1427 3033 1483 violentiam
3074 1439 3260 1484 sancta
3309 1437 3484 1484 mater
3525 1429 3726 1485 Romana
3759 1448 3816 1486 ec-

2314 1516 2477 1572 clesia
2502 1518 2572 1572 sit
2601 1532 2780 1586 passa,
2810 1518 3122 1574 medullitus
3142 1520 3504 1586 considerate,
3530 1531 3581 1577 et
3607 1533 3658 1575 ut
3683 1525 3816 1578 amodo

2315 1618 2370 1663 et
2403 1609 2659 1680 deinceps
2682 1617 2868 1666 vestro
2895 1610 3160 1682 imperiali
3188 1612 3372 1668 studio
3395 1612 3463 1667 ad
3489 1621 3703 1683 Optatum
3718 1615 3815 1682 vigo-

2315 1716 2428 1757 rem
2474 1701 2828 1772 perducatur,
2876 1702 3022 1757 sicut
3070 1702 3456 1758 dilectissimus
3495 1703 3603 1773 ejus
3643 1703 3751 1759 ﬁlius
3782 1715 3815 1757 et

2317 1796 2610 1866 imperator
2661 1795 3102 1863 sublimissimus,
3160 1811 3386 1867 operam
3444 1796 3578 1851 date.
3631 1794 3718 1851 Sed
3751 1797 3816 1850 hoc

627 1887 921 1953 exaltetur,
962 1894 1297 1958 protegatur,
1331 1901 1396 1942 ac
1423 1885 1763 1953 defendatur,
1792 1887 1970 1957 quoad
2003 1887 2214 1958 imperii
2248 1909 2292 1969 Β
2319 1889 2466 1959 scire
2482 1903 2580 1944 vos
2601 1888 2872 1956 volumus,
2897 1889 3151 1960 quoniam
3188 1899 3380 1946 sancta
3405 1889 3634 1944 Romana
3655 1888 3814 1944 ecclesia

630 1977 847 2052 [vestri]
879 1986 980 2034 est.

701 2071 756 2127 4.
797 2070 868 2127 Ut
893 2072 1132 2142 synodus
1175 2084 1297 2142 qua:
1326 2071 1521 2128 vestris
1545 2071 1883 2141 temporibus
1908 2069 1962 2126 in
1993 2069 2216 2129 basilica

627 2161 771 2218 beati
799 2159 946 2217 Petri
975 2162 1202 2232 apostoli
1238 2178 1337 2233 pro
1361 2163 1634 2219 nonnullis
1660 2162 1816 2220 malis
1850 2165 2214 2232 eradicandis,

628 2260 684 2306 et
730 2251 965 2306 maxime
1010 2267 1110 2322 pro
1155 2266 1317 2307 causa
1367 2253 1550 2309 domui
1597 2253 1844 2310 Formosi
1889 2256 2218 2314 sanctissimi

625 2358 784 2414 papa:
811 2350 931 2399 acta
962 2354 1066 2412 est,
1095 2353 1276 2400 vestro
1303 2346 1568 2416 imperiali
1594 2361 1882 2415 consensu,
1916 2357 1972 2405 et
1995 2363 2220 2404 venera-

625 2435 818 2492 bilium
850 2436 1224 2506 episcoporum
1261 2445 1316 2493 et
1357 2437 1681 2507 optimatum
1708 2447 2013 2495 vestrorum
2059 2441 2219 2496 robo-

627 2535 801 2592 retur,
834 2540 899 2580 ac
925 2525 1315 2596 perpetualiter
1351 2526 1591 2583 stabilita
1629 2537 1898 2584 servetur.
1941 2528 2071 2596 Quae
2111 2545 2216 2585 non

629 2617 842 2674 invidia:
863 2617 1000 2685 zelo,
1026 2617 1119 2673 sed
1146 2617 1483 2674 rectitudinis
1503 2620 1678 2690 gratia
1699 2621 1958 2677 canonice
1977 2631 2215 2692 peracta.

699 2711 751 2766 5.
794 2710 866 2768 Ut
908 2721 1070 2767 tanta:
1119 2712 1446 2782 impietates,
1484 2728 1584 2783 pro
1625 2713 1824 2784 quibus
1868 2729 1970 2771 nos
2014 2715 2082 2770 ad
2123 2729 2221 2770 vos

625 2802 988 2867 venissemus,
1019 2816 1154 2872 quas
1183 2803 1348 2858 etiam
1388 2818 1489 2874 per
1536 2803 1808 2860 territoria
1855 2812 2041 2861 nostra
2085 2806 2223 2860 vidi-

626 2908 750 2949 mus
791 2893 844 2947 in
892 2894 1328 2961 tractationibus,
1373 2894 1890 2966 depraedationibus,
1931 2898 2218 2966 incendiis,

628 2983 854 3053 rapinis,
879 2991 955 3048 et,
989 2983 1282 3050 violentiis,
1327 2999 1358 3039 a
1403 2987 1556 3043 vobis
1597 2987 2018 3059 diligentissime
2045 2991 2222 3061 inqui-

627 3083 845 3141 rantur,
881 3083 956 3141 et,
987 3083 1145 3146 prout
1176 3091 1398 3132 necesse
1437 3086 1542 3144 est,
1571 3077 1818 3148 le‘galiter
1842 3081 2218 3148 emendentur,

628 3167 885 3236 quoniam
915 3173 1064 3220 tanto
1092 3166 1280 3222 dolore
1324 3168 1575 3237 perculsi
1605 3184 1792 3226 sumus
1825 3170 1952 3226 talia
1971 3151 2222 3228 contem-

629 3259 866 3328 plantes,
890 3260 1032 3329 quod
1060 3259 1230 3330 magis
1259 3260 1395 3315 mori
1426 3261 1788 3330 cupieramus,
1817 3279 1978 3334 quam
2012 3265 2138 3320 talia
2166 3267 2216 3320 in

630 3351 834 3406 nostris
861 3351 1051 3406 diebus
1076 3351 1439 3407 eernissemus
1471 3352 1584 3420 "6‘,
1615 3353 1682 3408 de
1706 3355 1923 3423 quibus,
1953 3355 2000 3410 si
2038 3371 2226 3413 emen-

629 3441 758 3496 data
781 3455 886 3495 non
911 3439 1132 3507 fuerint,
1159 3456 1256 3497 vos
1284 3450 1340 3496 et
1366 3456 1466 3497 nos
1494 3457 1524 3497 a
1544 3445 1952 3514 summojudicc
1973 3445 2227 3504 distincte

629 3547 956 3603 qumremur.
986 3532 1111 3590 ldeo
1140 3533 1397 3604 petimus,
1420 3543 1476 3590 et
1499 3548 1597 3604 per
1633 3535 1906 3592 Christum
1947 3538 2223 3594 dominum

628 3626 960 3696 uiljuramus,
997 3635 1057 3682 ut
1091 3626 1218 3681 talia
1255 3627 1520 3696 impunita
1551 3642 1658 3684 non
1689 3628 1996 3684 dimittatis.

697 3721 754 3777 6.
798 3720 869 3777 Ut
895 3730 1111 3790 paetum
1140 3721 1282 3790 quod
1323 3735 1355 3775 a
1391 3720 1564 3777 beatae
1598 3721 1875 3778 memoriae
1923 3731 2107 3779 vestro
2135 3739 2225 3796 ge-

628 3813 806 3884 nitore
837 3813 1037 3868 domno
1068 3812 1160 3843 “’6'
1205 3811 1459 3879 Widone,
1489 3819 1546 3868 et
1574 3827 1603 3867 a
1633 3813 1807 3880 vobis,
1837 3814 2097 3884 piissimis
2127 3815 2227 3869 im-

623 3903 990 3971 peratoribus,
1027 3903 1182 3973 juxta
1222 3903 1620 3975 praecedentem
1664 3905 2109 3962 consuetudinem
2147 3906 2227 3960 fa-

624 4003 777 4050 ctum
800 4005 906 4060 est,
935 4011 1078 4051 nunc
1106 3995 1491 4066 reintegretur,
1521 4007 1576 4051 et
1602 3996 1919 4052 inviolatum
1954 4007 2224 4053 servetur.

703 4087 758 4140 7.
805 4086 878 4140 De
900 4086 1035 4142 locis
1056 4095 1234 4142 autem
1260 4096 1424 4156 atque
1446 4089 1610 4144 rebus
1629 4104 1749 4158 qua:
1774 4089 1827 4143 in
1851 4089 2041 4144 eodem
2065 4100 2226 4160 pacto

632 4177 1004 4242 continentur,
1043 4188 1314 4248 praacepta
1362 4178 1619 4233 nonnulla
1663 4178 1848 4233 illicita
1891 4178 2028 4234 facta
2077 4189 2222 4247 sunt,

633 4268 1031 4340 qum-petimus
1079 4268 1226 4322 utin
1272 4267 1462 4322 eadem
1505 4268 1712 4338 synodo
1745 4269 2124 4339 terminentur,
2171 4279 2227 4328 et

634 4375 756 4431 qua:
787 4373 894 4415 non
936 4367 1082 4414 recte
1120 4357 1260 4413 facta
1299 4368 1566 4430 praecepta
1595 4368 1754 4428 sunt,
1787 4373 2222 4432 corrumpantur.

708 4454 764 4510 8.
794 4452 880 4509 .Ut
902 4452 1253 4523 patrimonia,
1281 4467 1373 4508 seu
1409 4453 1740 4522 suburbana,
1771 4464 1934 4526 atque
1959 4472 2150 4513 massa:
2173 4466 2227 4514 et

626 4544 926 4611 colonitiae,
975 4558 1186 4600 necnon
1235 4544 1484 4602 civitates
1524 4560 1644 4616 qua:
1689 4554 1876 4602 contra
1921 4548 2220 4616 rationem,

2317 1990 2528 2038 tantum
2551 1988 2634 2037 est
2659 1982 2725 2036 ad
2753 1980 2984 2036 nihilum
3010 1981 3263 2050 deducta,
3311 1980 3458 2052 quod
3479 1989 3530 2036 et
3553 1980 3816 2049 eleemosyna

2317 2087 2437 2143 quae
2480 2072 2810 2142 pauperibus
2848 2086 2949 2142 pro
2978 2072 3240 2142 sospitate
3275 2071 3444 2126 vestri
3481 2069 3665 2140 imperii
3689 2069 3813 2124 distri-

2304 2162 2408 2218 bui
2452 2162 2719 2228 solebant,
2763 2170 2817 2219 et
2846 2163 3114 2234 stipendia
3137 2162 3468 2218 clericorum
3495 2177 3555 2218 ac
3580 2160 3814 2215 famulorum

2319 2255 2436 2324 ejus
2470 2255 2801 2312 omnimodis
2829 2264 2957 2312 sunt
2995 2265 3293 2321 evacuata;
3327 2269 3428 2325 pro
3454 2248 3631 2325 quibus
3663 2268 3757 2309 vero
3773 2253 3814 2306 ad

2319 2348 2672 2404 stabilitatem
2722 2348 2939 2420 imperii
2978 2349 3146 2406 vestri
3189 2349 3365 2418 magis
3392 2363 3489 2404 vos
3529 2356 3709 2418 oportet
3739 2362 3813 2402 cum

2317 2439 2518 2494 vestris
2552 2438 2801 2496 fidelibus
2832 2439 3129 2510 prudenter
3158 2448 3422 2504 tractare,
3453 2448 3512 2494 ut
3549 2440 3669 2495 sicut
3691 2437 3813 2509 perdi-

2319 2532 2520 2595 ximus,
2554 2531 2714 2586 alicui
2763 2531 3144 2588 restaurationi
3189 2531 3383 2602 ipsius,
3415 2547 3533 2603 quae
3572 2530 3813 2585 nimiumest

2321 2622 2538 2691 alllicta,
2573 2637 2797 2695 operam
2826 2623 2983 2680 detis.

2359 2737 2408 2790 11
2417 2738 2459 2791 is
2488 2736 2653 2805 lectis,
2690 2753 2825 2808 papa
2851 2737 2921 2792 ad
2950 2738 3214 2809 episcopos
3241 2752 3519 2792 conuersus
3542 2737 3607 2790 sic
3631 2741 3790 2805 perorat.

2393 2830 2529 2898 Quia
2553 2839 2732 2885 vestra
2762 2831 3006 2886 omnium
3036 2831 3354 2887 fraternitas
3379 2830 3615 2887 concordi
3639 2843 3734 2883 voce
3751 2823 3810 2878 sibi

2317 2921 2537 2993 placere
2577 2921 2888 2993 proﬁtetur,
2915 2939 3038 2994 quae
3077 2923 3284 2980 Christi
3319 2925 3417 2980 Dei
3445 2923 3601 2980 nostri
3628 2921 3753 2993 gratia
3769 2919 3813 2969 iu-

2323 3014 2569 3084 spirante
2597 3015 2951 3086 prazliximus,
2994 3017 3296 3083 hortamur,
3340 3026 3402 3072 ut
3441 3015 3694 3072 secundum
3724 3009 3814 3065 debi-

2328 3115 2434 3160 tam
2482 3106 2878 3164 solicitudinem
2933 3110 3236 3165 commissae
3285 3110 3396 3165 sibi
3442 3126 3474 3164 a
3519 3109 3615 3164 Deo
3653 3102 3815 3162 ecclesia:

2325 3211 2512 3252 curam
2555 3199 2927 3270 unusquisque
2956 3208 3198 3255 vestrum
3236 3215 3405 3271 agere
3449 3200 3655 3260 studeat,
3685 3203 3727 3250 et
3746 3207 3816 3265 grc

2249 3303 2294 3365 ρ
2325 3303 2446 3358 gem
2477 3290 2680 3348 Christi
2707 3294 2970 3364 sanguine
3011 3293 3355 3362 redemptum
3393 3295 3543 3350 bonis
3563 3289 3759 3359 exemplis
3777 3300 3815 3337 ac

2328 3379 2657 3438 salutaribus
2679 3383 3016 3439 documentis
3044 3384 3296 3449 instruat,
3350 3386 3550 3440 habens
3571 3396 3735 3452 semper
3749 3393 3816 3448 [me

2327 3471 2499 3526 oculis
2525 3473 2675 3528 illum
2708 3475 3046 3530 tremendum
3073 3476 3337 3547 judicent,
3366 3477 3458 3547 qui
3487 3491 3624 3532 suum
3651 3469 3817 3528 sacralis-

2328 3560 2525 3618 simum
2561 3567 2878 3636 sanguinem
2913 3581 3014 3636 pro
3043 3569 3298 3624 omnibus
3339 3569 3497 3632 fudit',
3536 3576 3588 3622 ut
3620 3581 3713 3621 cum
3742 3572 3817 3614 ante

2330 3660 2500 3730 ipsius
2535 3657 2770 3713 tribunal
2813 3659 3095 3724 steteritis,
3135 3661 3433 3732 unicuique
3457 3671 3670 3717 vestrum
3691 3657 3813 3710 dicat:

2329 3753 2497 3824 Euge,
2525 3766 2681 3807 serve
2703 3751 2844 3808 bone
2870 3759 2924 3806 ct
2956 3751 3152 3816 fidelis,
3186 3753 3312 3824 quia
3361 3770 3521 3824 super
3559 3766 3697 3822 pauca
3725 3744 3816 3800 fuisti

2329 3845 2522 3910 fidelis,
2551 3859 2714 3914 supra
2739 3845 2905 3900 multa
2937 3853 2990 3901 te
3016 3847 3344 3901 constituam
3377 3867 3390 3902 :
3421 3849 3556 3904 intra
3576 3850 3620 3901 in
3641 3843 3813 3915 gaudium

2329 3937 2528 3993 domini
2555 3937 2654 3991 tui.
2686 3935 2930 4008 Cumque
2962 3938 3071 3994 Deo
3096 3939 3397 3996 auxiliante
3423 3941 3486 3995 ad
3515 3938 3694 4011 propria
3715 3947 3817 3985 rene-

2329 4030 2470 4095 ritis,
2493 4028 2760 4101 jejunium
2791 4030 3034 4097 indicite,
3072 4031 3316 4087 litaniam
3352 4034 3627 4095 celebrate,
3652 4036 3820 4098 rogantes

2328 4127 2383 4176 et
2411 4121 2759 4177 obsecrantes
2795 4123 2941 4193 pium
2978 4131 3033 4178 et
3077 4125 3484 4181 misericordem
3514 4123 3759 4180 Dominum.
3787 4121 3821 4165 ut

2328 4211 2567 4268 furorem
2597 4214 2825 4286 mitiget,
2859 4215 2994 4270 iram
3039 4231 3067 4270 a
3097 4213 3292 4287 populo
3323 4227 3551 4282 avertat,
3591 4227 3736 4285 pacem
3767 4207 3821 4257 lri-

2327 4305 2480 4370 buat,
2505 4305 2799 4360 schismata
2827 4315 2880 4360 et
2907 4306 3202 4363 seditiones
3226 4308 3564 4379 comprimat,
3587 4299 3818 4359 discordiam

2329 4397 2563 4464 auferat,
2589 4406 2863 4455 retroacta
2896 4410 3119 4470 peccata
3152 4411 3349 4472 tergat,
3384 4411 3437 4456 et
3467 4395 3727 4456 miserando
3745 4390 3821 4443 ale

2329 4487 2466 4556 leat;
2493 4498 2780 4559 quatenus,
2814 4490 3037 4546 indultis
3067 4492 3318 4548 omnibus
3362 4492 3582 4556 delictis,
3611 4481 3823 4541 miserian

2328 4582 2473 4637 diam
2519 4583 2835 4655 rogantibus
2881 4583 3167 4655 largiatur,
3213 4595 3270 4640 et
3318 4586 3387 4640 ad
3433 4582 3761 4657 prolectioucm
3793 4578 3820 4622 cl

631 4639 791 4742 quasi
827 4655 925 4711 per
955 4648 1226 4747 perﬁcepta
1256 4638 1448 4711 largita
1475 4648 1622 4707 sunt,
1646 4640 1881 4710 petimus
1907 4641 2221 4710 reddantur,
2263 4688 2309 4747 υ
2336 4638 2718 4730 οκθιιειιὶοῖιοῐη
2745 4638 2948 4731 sanctm
2966 4638 3692 4747 sirmEcclesizespiritualem
3718 4666 3820 4719 filim!

579 4721 590 4788 ῗ
637 4731 973 4802 ipsaque.....
1003 4731 1114 4786 ³⁸⁸³.

589 4820 600 4890 ἶ
711 4824 764 4880 9.
807 4824 1010 4880 Vestra:
1040 4823 1205 4895 igitur
1230 4822 1502 4892 majestati
1528 4838 1632 4879 non
1659 4833 1843 4881 manet
1874 4824 2229 4896 incognitum,

639 4913 874 4985 qualiter
911 4913 1142 4976 illicitas
1188 4913 1596 4983 coniunctiones
1647 4914 1878 4970 Romani
1921 4923 1976 4971 et
2022 4915 2233 4988 Longo-

638 5004 814 5070 bardi,
851 5003 1010 5058 simul
1041 5013 1095 5058 et
1122 5002 1339 5072 Franci,
1370 5013 1559 5060 contra
1593 5004 1947 5074 apostolicam
1973 5015 2028 5062 et
2062 5006 2232 5077 impe-

639 5097 827 5153 rialem
857 5096 1191 5172 voluntatem
1216 5095 1394 5151 facere
1435 5110 1828 5166 praesumpsere
1854 5097 1909 5150 in
1941 5097 2230 5154 territoriis

639 5189 785 5245 beati
816 5186 964 5244 Petri
991 5169 1362 5257 apostolorum
1391 5187 1652 5257 principis
1679 5205 1692 5242 :
1725 5189 1982 5258 petimus,
2012 5199 2072 5244 ut
2099 5190 2240 5246 sicut

640 5296 671 5334 a
716 5280 916 5337 vestris
958 5279 1394 5336 antecessoribus
1439 5279 1858 5350 imperatoribus
1898 5282 2238 5351 prohibitum

641 5382 755 5441 est,
793 5388 862 5429 ne
893 5387 1111 5446 quoquo
1143 5373 1304 5429 modo
1331 5374 1555 5439 tierent,
1588 5373 1664 5428 ita
1708 5374 1903 5430 amodo
1933 5383 2117 5432 vestro
2144 5391 2241 5430 au-

643 5467 839 5537 gustali
905 5468 1128 5523 decreto
1179 5467 1505 5523 omnimodis
1544 5467 1958 5536 prohibeantur,
2015 5477 2071 5524 e‘t
2114 5485 2242 5541 syn-

634 5560 908 5628 odaliter,
949 5575 1018 5618 ne
1071 5558 1266 5616 amodo
1333 5573 1398 5616 ac
1449 5559 1702 5630 deinceps
1763 5559 1882 5616 fieri
1945 5570 2237 5629 tententur,

2339 4774 2607 4831 nostrum,
2622 4766 3137 4822 excellentissimum
3154 4769 3360 4824 scilicet
3377 4769 3714 4838 imperatorem
3726 4756 3819 4811 bu;-

2339 4859 2552 4913 bertum
2585 4848 2890 4923 conservet,
2920 4871 2975 4916 et
3001 4865 3357 4932 superbarum
3405 4863 3624 4934 gentium
3652 4855 3706 4910 illi
3738 4844 3822 4902 coli-1

2339 4949 2592 5018 subjiciat
2617 4966 2712 5006 sua
2738 4952 2945 5021 potenti
2975 4953 3195 5008 dextera
3219 4953 3380 5008 Jesus
3409 4953 3636 5008 Christus
3655 4939 3824 5000 domian

2339 5053 2548 5109 noster,
2578 5045 2664 5099 cui
2688 5053 2771 5099 est
2795 5061 2917 5099 cum
2950 5045 3110 5102 Patre
3137 5055 3191 5102 et
3220 5047 3426 5117 Spiritu
3451 5055 3624 5102 sancto
3645 5041 3772 5094 horter
3793 5033 3823 5076 fl

2339 5135 2511 5206 gloria
2545 5135 2598 5190 in
2638 5135 2834 5190 smcula
2865 5139 3205 5194 saeculorum.
3238 5137 3430 5194 Amen.

2603 5280 2872 5321 LAMBERTI
2915 5281 3075 5322 IMPEB
3085 5283 3272 5324 Ατοιιιε
3305 5279 3637 5324 (ιΑΡιτυιηε.

2409 5379 2461 5432 1.
2504 5376 2575 5434 Ut
2603 5395 2784 5435 comes
2826 5381 2968 5437 inter
2995 5382 3232 5439 honores
3260 5400 3404 5450 suos,
3435 5382 3652 5452 rapinam
3682 5361 3820 5427 exerri'

2341 5481 2428 5528 tus
2459 5471 2561 5544 legi
2592 5473 2862 5542 subjiciat.

2406 5568 2462 5623 2.
2505 5568 2575 5625 Ut
2605 5571 2913 5642 imperiales
2941 5574 3190 5633 homines
3223 5574 3288 5630 ad
3313 5571 3616 5644 colloquium
3641 5565 3727 5620 sive
3749 5566 3821 5608 δεῖ·

1904 5658 2143 5756 VARI/re
2172 5701 2583 5762 LECTIONES.

722 5826 810 5857 "°‘
845 5827 917 5880 ul.
950 5827 1309 5884 crevissemus
1339 5828 1627 5888 Banoaws.

1712 5831 1801 5865 “’5’
1826 5833 2043 5891 domino
2071 5838 2190 5892 edd.
2267 5839 2356 5872 ’⁸⁵³
2383 5839 2561 5911 aliqua
2605 5841 2930 5896 ceciderunt.
