3874 5340
62 355 142 411 δεῖ,
1032 334 1462 395 FRANCOBUM
1507 329 1750 390 REGUM
1785 328 2272 388 CAPITULARIA.

3173 330 3278 387 δη

64 467 215 522 vitium
253 455 590 531 imperatoris
615 460 989 527 properantes,
1016 453 1131 508 suis
1172 434 1454 522 stipendiis
1480 450 1591 505 sint
1617 458 1671 518 Α
1695 446 1851 504 ferat.
1874 447 2028 516 Quod
2050 447 2095 504 si
2117 446 2309 502 fecisse
2330 444 2641 515 contigerit,
2662 444 2894 516 primum
2919 442 3131 516 legibus
3156 445 3288 500 sub-

62 553 280 613 contenti.

113 649 157 703 3.
191 646 254 704 Ut
279 645 452 702 nullus
479 644 741 702 comitum
771 641 1087 698 arimannos
1112 639 1168 696 in
1194 637 1457 696 beneﬁcia
1486 637 1602 693 suis

64 741 323 798 hominibus
349 739 571 795 tribuat.

113 834 158 888 4.
190 829 257 887 Ut
298 831 546 886 homines
589 829 851 887 comitum
900 827 1211 884 nullatenus
1255 826 1309 880 in
1350 821 1600 880 domibus

64 926 420 979 arimannorum
452 921 757 986 resideant,
788 920 884 977 sed
915 920 1105 976 domos
1139 917 1216 973 rei
1254 915 1486 987 publica:
1520 916 1601 971 in-

63 1022 283 1080 staurent,
311 1014 490 1083 ibique
520 1013 811 1069 resideant.

112 1105 156 1159 5.
191 1102 253 1160 Ut
279 1102 635 1172 scriptoribus
659 1100 891 1172 publicis
915 1099 1223 1155 nullatenus
1245 1098 1602 1155 interdicatur

64 1213 130 1253 res
162 1195 552 1251 arimannorum
592 1194 981 1258 transcribere,
1011 1194 1055 1249 si
1086 1193 1300 1263 quando
1329 1192 1410 1247 eis
1437 1191 1602 1247 fuerit

64 1296 390 1358 opportunum.
421 1285 577 1353 Quod
604 1286 650 1342 si
676 1285 963 1342 occasione
985 1284 1191 1339 vitandi
1215 1285 1490 1340 exercitus
1508 1292 1603 1338 aut

64 1357 270 1452 placitum
300 1357 544 1433 vendita.
564 1374 787 1442 fuerint,
809 1385 863 1432 et
890 1375 993 1447 ipsi
1021 1390 1117 1431 eas
1150 1375 1387 1446 pendere
1413 1390 1598 1444 super-

66 1468 274 1533 sederint,
296 1467 545 1539 exigatur
569 1475 637 1525 ab
664 1468 745 1525 eis
778 1476 1091 1539 utrumque,
1121 1468 1262 1525 sicut
1289 1476 1418 1524 ante
1451 1478 1601 1523 tran-

65 1559 381 1630 scriptionem.

112 1653 154 1707 6.
189 1651 250 1708 Ut
274 1652 369 1723 ipsi
396 1653 667 1710 arimanni
697 1650 1036 1725 frequentius
1064 1668 1227 1724 quam
1257 1655 1312 1709 in
1341 1652 1460 1725 lege
1494 1660 1601 1709 sta-

65 1753 196 1798 tutum
218 1753 312 1810 est,
342 1745 409 1799 ad
455 1745 715 1816 placitum
744 1746 824 1802 ire
865 1760 971 1801 non
999 1754 1286 1818 cogantur,
1323 1760 1422 1801 nec
1454 1759 1485 1799 a
1513 1759 1601 1800 co-

64 1836 237 1893 mitibus
260 1851 356 1892 nec
380 1851 411 1891 a
440 1838 788 1894 scnldalisiis.

112 1928 154 1980 7.
187 1927 249 1984 Ut
289 1928 528 1984 bannum
557 1929 711 1986 missi
751 1928 1028 1986 exercitus
1067 1928 1363 2000 imperialis
1395 1927 1598 1985 solum-

64 2017 181 2071 modo
203 2017 430 2089 exigant.

111 2107 153 2161 8.
188 2106 249 2163 Ut
275 2116 460 2177 pastus
501 2109 850 2180 imperatoris
883 2110 953 2167 ab
992 2108 1263 2181 episcopis
1300 2120 1355 2166 et
1381 2110 1598 2166 comiti-

64 2197 153 2264 bus,
182 2200 468 2255 secundum
513 2202 790 2272 antiquam
838 2201 1291 2258 consuetudinem
1333 2201 1594 2257 solvatur.

65 2288 178 2355 Quod
202 2291 241 2347 si
266 2305 401 2348 novo
432 2301 676 2364 tempore
701 2292 868 2349 ﬁscus
901 2294 1192 2350 comitialis
1222 2294 1275 2348 in
1311 2293 1403 2365 jus
1426 2292 1599 2350 eccle-

67 2380 289 2437 siasticum
328 2398 629 2441 conversus
670 2392 776 2451 est,
819 2393 1083 2456 augeatur
1128 2385 1457 2454 stipendium
1501 2385 1602 2439 im-

67 2469 221 2538 periale
257 2471 322 2527 ab
348 2474 604 2543 ecclesia,
642 2473 798 2545 juxta
825 2475 970 2547 quod
1002 2490 1089 2531 res
1131 2474 1363 2548 publicae
1402 2474 1604 2531 fuerint

68 2572 311 2619 mmoratze.

115 2649 157 2705 9.
190 2651 252 2708 Ut
287 2654 462 2712 omnis
501 2638 793 2713 decimatio
831 2657 901 2713 ab
941 2657 1232 2728 episcopis,
1270 2655 1354 2712 vel
1386 2657 1471 2712 his
1510 2655 1599 2727 qui

69 2740 474 2803 abeosubstituti
522 2756 652 2804 sunt
689 2749 1018 2819 prmbeatur,
1060 2750 1347 2821 nullasque
1372 2764 1489 2805 eam
1535 2751 1600 2805 ad

68 2844 181 2887 suam
204 2835 473 2906 capellam,
502 2838 607 2894 nisi
637 2837 777 2895 forte
802 2840 1157 2897 concessione
1183 2839 1442 2911 episcopi,
1471 2855 1600 2895 con-

1693 538 2155 610 jaceathumanis,
2170 548 2358 610 postea
2379 536 2939 595 excommunicatione
2960 534 3138 605 populi
3154 549 3286 590 con-

1699 631 1949 711 strictus,
1964 633 2032 686 ad
2054 629 2302 687 ultimum
2326 629 2443 700 ipsa
2458 628 2689 698 capella,
2719 642 2841 699 qua:
2862 628 3036 698 magis
3058 636 3289 682 conten-

1702 723 1901 777 tionem
1929 736 2091 792 quam
2114 720 2400 777 utilitatem
2427 720 2664 791 aliquam
2688 728 2934 790 prastat,
2950 719 3282 776 destruatur.

1771 812 1861 867 10.
1892 809 1962 868 Ut
1991 811 2176 883 plebes
2216 810 2460 867 ecclesiae
2491 809 2801 865 nullatenus
2830 817 2926 864 aut
2970 808 3286 877 comitibus,

1699 912 1792 959 aut
1812 904 2187 976 episcoporum
2215 902 2485 970 vassallis,
2515 911 2610 958 aut
2628 901 2922 958 ullislaicis
2940 901 2995 957 in
3021 901 3288 957 beneﬁcia

1702 991 2033 1049 tribuantur.

1771 1083 1858 1137 11.
1897 1082 1967 1139 Ut
1995 1082 2048 1139 in
2076 1084 2324 1141 domibus
2347 1083 2702 1140 ecclesiarum
2726 1098 2903 1156 neque
2929 1084 3150 1150 missus,
3186 1098 3286 1139 ne-
3314 1102 3325 1110 ο

1700 1187 1806 1243 que
1835 1187 2038 1239 comes,
2069 1172 2153 1228 vel
2176 1172 2339 1244 jndex
2370 1173 2524 1243 quasi
2565 1187 2664 1245 pro
2684 1173 3075 1230 consuetudine
3109 1188 3290 1245 neque

1699 1264 1956 1335 placitum
1985 1280 2161 1335 neque
2194 1266 2489 1336 hospitium
2518 1266 2823 1331 vendicent,
2852 1267 2949 1323 sed
2975 1267 3029 1322 in
3055 1267 3289 1339 publicis

1700 1355 1835 1412 vicis
1862 1356 2052 1433 domos
2079 1357 2432 1424 constituant,
2465 1359 2519 1415 in
2546 1358 2744 1429 quibus
2763 1359 3020 1431 placitum
3045 1368 3285 1424 teneant,

1699 1458 1754 1505 et
1787 1442 2083 1508 secundum
2119 1453 2394 1524 antiquam
2443 1452 2891 1509 consuetudinem
2923 1453 3286 1524 hospitentur.

1770 1564 1858 1620 12.
1899 1564 1971 1622 Ut
1993 1565 2216 1637 singulm
2243 1565 2426 1637 plebes
2469 1565 3001 1638 archipresbyterum
3029 1566 3285 1624 habeant.

1700 1653 1931 1725 Propter
1969 1657 2242 1712 assiduam
2282 1670 2414 1727 ergo
2444 1656 2626 1727 pepuli
2683 1656 2778 1712 Dei
2813 1671 3001 1713 curant
3059 1657 3292 1729 singulis

1703 1745 1953 1818 plebibus
1979 1746 2482 1818 archipresbyteros
2519 1760 2752 1817 praeesse
2766 1748 3038 1815 volumus,
3064 1749 3156 1819 qui
3180 1764 3292 1804 non

1626 1829 1673 1890 Β
1700 1834 1873 1891 solum
1912 1836 2144 1906 imperiti
2195 1836 2334 1906 vulgi
2391 1827 2786 1893 solicitudinem
2842 1847 3057 1907 gerant,
3099 1852 3291 1893 verum

1705 1924 1870 1979 etiam
1909 1938 2096 1980 eorum
2126 1926 2598 1996 presbyterorum,
2631 1926 2723 1996 qui
2759 1941 2858 1997 per
2885 1928 3126 1983 minores
3163 1928 3293 1983 titti-

1706 2017 1787 2073 los
1806 2017 2072 2083 habitant,
2102 2018 2268 2073 vitam
2284 2015 2400 2089 jugi
2431 2018 2935 2089 circumspectione
2958 2021 3291 2084 custodiant,

1705 2118 1760 2166 et
1784 2124 1890 2181 qua
1921 2110 2291 2182 unusquisque
2312 2112 2575 2167 industria
2597 2112 2838 2168 divinum
2861 2127 2997 2183 opus
3015 2122 3293 2179 exerceat,

1704 2203 1958 2272 episcopo
2007 2219 2108 2259 suo
2151 2203 2482 2259 renuntient.
2534 2202 2647 2260 Nec
2700 2205 2959 2261 obtendat
3003 2205 3292 2276 episcopus

1706 2309 1811 2348 non
1842 2308 2000 2366 egere
2027 2293 2237 2365 plebem
2267 2293 2770 2367 archipresbytero.
2795 2295 2949 2363 Quod
2976 2296 3020 2351 si
3054 2296 3170 2366 ipse
3197 2311 3295 2365 gn-

1708 2388 1941 2444 bernare
1969 2386 2166 2453 valeat,
2196 2386 2322 2457 quia
2354 2394 2439 2442 est
2458 2384 2616 2442 valde
2644 2386 2891 2451 idoneus,
2921 2386 3078 2442 decet
3109 2394 3292 2441 tamen

1703 2487 1763 2534 ut
1781 2477 2047 2548 partiatur
2073 2490 2242 2531 onera
2274 2488 2390 2539 sua,
2425 2483 2481 2530 et
2507 2474 2649 2530 sicut
2678 2473 2794 2544 ipse
2820 2475 3035 2530 matrici
3069 2485 3293 2546 praeest,

1704 2569 1778 2624 ita
1804 2566 2101 2639 presbyteri
2146 2567 2371 2637 praesint
2404 2565 2671 2636 plebibus,
2712 2574 2775 2621 ut
2835 2565 2890 2620 in
2948 2564 3096 2621 nullo
3153 2565 3292 2621 titu—

1703 2660 1797 2717 bet
1831 2657 2540 2717 ecclesiastica'solicitudo.
2582 2658 2789 2715 Cuncta
2841 2668 3022 2716 tamen
3053 2659 3121 2715 ad
3175 2662 3291 2729 epi-

1706 2763 1929 2821 scopum
1962 2748 2220 2815 referant,
2245 2761 2348 2805 nec
2394 2748 2599 2821 aliquid
2627 2757 2819 2808 contra
2848 2750 2965 2822 ejus
3012 2750 3293 2809 decretum

1703 2841 1954 2898 ordinare
1977 2849 2323 2914 praesumant.

748 3009 1007 3069 K-AROLI
1040 3012 1106 3069 lll
1144 3012 1487 3071 CAPITULA
1527 3015 1614 3071 DE
1653 3013 2050 3073 TUNGRENSI
2086 3012 2533 3073 EPISCOPATU.

1472 3125 1597 3198 (An.
1638 3126 1789 3198 920.)

117 3224 270 3317 Edidit
291 3246 354 3317 ea
383 3228 713 3317 Sirmondus
732 3234 1026 3317 .exncodice
1050 3232 1325 3317 Mariae
1350 3234 1724 3317 Virdunensis.
1756 3236 1853 3292 Rei
1883 3247 2019 3295 acta:
2045 3240 2245 3296 seriem
2288 3239 2520 3312 legimus
2542 3241 2600 3299 in
2644 3240 2937 3302 Flodoardi
2967 3245 3292 3317 Annalibus,

69 3309 197 3371 atque
217 3302 361 3371 paulo
381 3303 701 3374 ampliorem
730 3307 784 3360 in
807 3304 1031 3369 Ricberi
1061 3304 1422 3361 Historiarum
1451 3306 1590 3361 libro
1613 3308 1811 3376 primo.

120 3436 164 3491 ln
186 3437 385 3495 nomine
409 3449 617 3495 sancta:
659 3448 716 3495 et
744 3440 1035 3495 individua:
1066 3438 1344 3494 trinitatis.
1372 3438 1604 3495 Karolus
1631 3428 1677 3489 C
1711 3441 1834 3499 Non
1856 3455 1931 3500 est
1953 3448 2090 3502 enim
2111 3457 2339 3518 potestas
2371 3450 2472 3505 nisi
2501 3468 2534 3505 a
2561 3446 2707 3518 Deo;
2735 3459 2793 3509 et
2817 3453 3076 3511 adversus
3122 3455 3301 3512 cithaa

70 3528 131 3581 vir
147 3528 367 3598 illustris,
398 3532 583 3588 divina
613 3533 941 3602 propitiante
970 3531 1256 3587 clementia
1294 3545 1390 3586 rex
1434 3530 1600 3587 Fran-

72 3635 230 3689 corum,
256 3626 507 3682 omnibus
538 3627 959 3698 archiepiscopis
975 3635 1031 3682 et
1060 3625 1332 3696 episcopis
1358 3626 1408 3680 in
1438 3640 1605 3698 regno

71 3711 185 3767 nobis
215 3729 242 3768 a
277 3715 382 3772 Deo
411 3716 707 3772 commisso
737 3717 1066 3785 constitutis,
1101 3732 1207 3788 pax
1249 3727 1305 3773 et
1350 3716 1495 3773 salus
1536 3719 1606 3773 ab

71 3802 214 3858 eodem
237 3805 341 3863 Deo
358 3816 590 3863 aeterno.
681 3832 687 3837 -
964 3832 967 3835 ·

123 3893 163 3946 1.
199 3894 322 3962 Quia
350 3898 552 3954 divinae
594 3899 994 3970 propitiationis
1042 3901 1328 3969 beneﬁcia,
1380 3918 1503 3974 qua:
1537 3902 1605 3959 ab

73 3985 158 4055 ipso
178 3992 235 4046 ab
260 3993 386 4063 ipsis
433 3994 750 4064 crepundiis
789 3996 999 4065 experti
1042 4011 1250 4062 sumus,
1300 3996 1606 4053 nullatenus

74 4089 343 4139 enumerare
372 4099 686 4155 possumus,
712 4084 916 4140 idcirco
946 4084 1158 4141 laudem
1181 4086 1396 4143 Domini
1421 4087 1607 4163 loque-

75 4173 424 4241 turosmeum,
458 4182 514 4231 et
538 4174 820 4230 benedicet
859 4189 1055 4230 nomen
1098 4185 1345 4231 sanctum
1383 4177 1502 4248 ejus
1551 4179 1607 4234 in

74 4258 265 4317 teculum
285 4264 474 4320 seculi.
504 4264 658 4322 Unde
686 4265 837 4335 quia,
868 4264 1112 4335 pluribus
1142 4267 1343 4322 nostris
1381 4268 1603 4338 exigen-

76 4346 184 4405 tibus
204 4356 434 4423 meritis,
468 4358 782 4414 multotiens
811 4361 1041 4416 adversa
1075 4376 1307 4432 quaeq-ue
1348 4362 1608 4417 sustinui-

74 4452 179 4506 ηιιιδ,
204 4447 466 4525 credimus
490 4465 598 4507 non
624 4450 729 4507 hoc
755 4451 824 4506 ad
851 4460 1054 4508 nostrae
1088 4453 1451 4508 damnationis
1494 4469 1608 4510 mc-

74 4526 218 4597 ritum,
253 4536 340 4591 sed
387 4538 458 4593 ad
502 4540 733 4610 gratiam
779 4555 892 4596 suae
944 4542 1405 4599 reconciliationis
1451 4544 1609 4599 nobis

74 4613 161 4674 fore
171 4626 474 4691 permissum
491 4648 504 4684 :
524 4640 579 4685 ut
593 4631 813 4702 flagellis
829 4634 945 4704 ejus
964 4636 1160 4690 eruditi
1171 4677 1186 4702 ,
1200 4637 1473 4692 discamus
1488 4652 1609 4707 per-

73 4720 192 4798 tersa
210 4730 411 4787 cavere,
442 4729 499 4776 et
526 4722 580 4776 in
605 4723 816 4779 cunctis
844 4724 963 4793 ejus
989 4724 1355 4782 voluntatibus
1391 4742 1603 4798 parcre.

1713 3537 1845 3592 rmdi
1885 3538 2050 3594 David
2079 3540 2248 3605 dicta,
2278 3541 2367 3597 ubi
2395 3542 2462 3597 ad
2492 3542 2778 3601 Dominunt
2801 3546 3041 3616 loquitur
3068 3564 3084 3603 :
3112 3548 3295 3620 Impo-

1709 3627 1861 3682 suisti
1880 3629 2112 3684 homines
2138 3648 2297 3702 super
2319 3632 2494 3703 capita
2521 3643 2721 3701 nostra,
2748 3637 2950 3708 quique
2975 3638 3113 3695 ultra
3146 3638 3293 3696 ilhc.-

1710 3736 1835 3776 nuin
1879 3723 1946 3777 ad
1977 3722 2227 3779 inimicos
2274 3733 2489 3782 nostros
2545 3726 2920 3797 proﬁciscens,
2972 3731 3299 3803 minimequa

1711 3813 2067 3870 reminiscens
2094 3804 2557 3874 sacramentOrum
2584 3834 2809 3876 suorum
2832 3823 2987 3878 nobis
3005 3824 3297 3894 promisso-

1713 3919 1857 3968 rum,
1883 3919 2057 3974 eaque
2081 3914 2229 3961 retro
2249 3902 2469 3963 dorsum
2498 3909 2782 3979 abjiciens,
2810 3912 2880 3968 ab
2909 3910 3164 3968 lleinrieo
3194 3914 3298 3970 ini-

1710 3996 1851 4050 mico
1881 4006 2067 4052 nostro
2093 3991 2424 4068 episcopium
2462 3998 2796 4073 Tungrensis
2839 4004 3082 4061 ecclesia:
3124 4023 3293 4078 expe-

1710 4090 1813 4157 tiit,
1841 4106 2045 4163 suaque
2075 4092 2421 4149 damnatione
2450 4104 2643 4152 contra
2690 4098 2873 4154 omnia
2925 4108 3128 4156 statuta
3151 4158 3163 4171 ε
3184 4109 3294 4157 tam

1708 4197 1990 4238 sacrorum
2016 4193 2233 4255 patrum
2272 4201 2433 4257 quam
2462 4201 2650 4258 regum
2695 4188 2947 4246 videlicet
2988 4200 3299 4248 anteceSSo-

1709 4288 1829 4328 rum
1852 4284 2167 4331 nostrorum
2198 4276 2493 4348 usurpavit.
2537 4277 2614 4333 De
2650 4279 2905 4351 qualibus
2938 4280 3168 4358 in_libro
3211 4299 3299 4338 re-

1708 4380 1834 4436 gum
1881 4366 2163 4436 eapitulari
2211 4367 2282 4421 ita
2334 4368 2532 4423 dicitur
2577 4388 2591 4424 :
2633 4367 2692 4424 Si
2739 4373 2855 4442 quis
2907 4375 3304 4444 prtesumpserit

1706 4472 1865 4526 quam
1902 4472 2005 4510 non
2034 4460 2221 4512 meruit
2243 4475 2275 4512 a
2308 4459 2544 4529 principe
2574 4459 2652 4515 vel
2672 4461 2876 4516 seniore
2894 4462 3046 4532 justo
3067 4463 3302 4532 dignita-

1708 4555 1828 4609 tem,
1859 4546 2144 4618 sacrilegus
2168 4547 2441 4603 habeatur.
2479 4548 2546 4603 Et
2572 4549 2761 4605 beatus
2785 4550 3082 4622 Gregorius
3107 4568 3123 4607 :
3148 4553 3301 4610 Sicut

1707 4638 1796 4708 qui
1821 4638 2065 4693 invitatus
2089 4640 2281 4705 renuit,
2306 4640 2558 4711 quaesitus
2586 4642 2797 4713 refugit,
2825 4645 2992 4698 sacris
3037 4654 3112 4699 est
3163 4645 3304 4701 alta-

1711 4730 1854 4783 ribus
1880 4727 2257 4796 admovendus,
2285 4730 2359 4785 sic
2396 4730 2486 4802 qui
2513 4730 2655 4787 ultro
2680 4734 2863 4799 ambit,
2888 4733 2968 4787 vel
2994 4735 3084 4804 qui
3105 4735 3306 4804 impar-

75 4796 193 4859 Sicut
211 4809 352 4866 vobis
372 4812 441 4868 de
461 4813 648 4870 multis
678 4824 863 4872 notum
889 4826 995 4883 est,
1037 4834 1161 4874 eum
1208 4820 1338 4876 olim
1387 4793 1605 4890 quidam
1639 4793 1686 4852 ί)
1712 4830 1870 4875 tunus
1898 4836 1953 4875 se
1997 4822 2207 4893 ingerit,
2240 4793 2586 4890 proculdubio
2635 4832 2712 4878 est
2764 4793 3114 4895 repellendus.
3156 4793 3302 4879 Nam

76 4898 210 4985 nostri
234 4899 430 4971 ﬁdeles,
454 4920 485 4959 a
508 4916 687 4962 nostra
712 4909 888 4966 debita
924 4910 1182 4968 ﬁdelitate
1211 4913 1602 4981 exorbitantes,

1710 4911 1799 4981 qui
1832 4910 2019 4964 nititur
2056 4911 2126 4965 ad
2173 4910 2367 4966 altiora
2409 4913 2738 4979 contendere,
2784 4914 2913 4985 quid
2944 4916 3056 4985 agit
3104 4914 3207 4968 nisi
3246 4926 3305 4967 ut

77 4982 207 5042 Vitam
232 5000 284 5047 et
317 5008 538 5066 regnum
567 4998 722 5055 nobis
750 5002 965 5059 auferre
1011 5002 1182 5059 moliti
1216 5012 1364 5067 sunt,
1418 5014 1609 5062 euntes
1711 5000 1985 5055 crescendo
2021 4989 2284 5055 decrescat
2305 5003 2330 5057 ε)
2355 4999 2465 5057 Cur
2483 5017 2585 5055 non
2622 4982 2914 5073 perpendit,
2945 4982 3071 5075 quia
3094 5002 3306 5057 benedi-

80 5086 170 5141 Ροει
189 5080 419 5146 inimicos
448 5099 682 5157 nostros,
725 5093 913 5165 eisque
954 5094 1294 5153 familiariter
1335 5095 1605 5152 inluni-en-
1709 5090 1811 5144 ctio
1842 5090 1919 5145 illi
1944 5092 1997 5146 in
2021 5092 2357 5147 maledictum
2381 5093 2717 5164 convertitur,
2742 5096 2831 5165 qui
2879 5097 2946 5147 ad
2986 5095 3086 5150 Itoc
3112 5103 3165 5149 at
3208 5094 3307 5162 ﬁat

80 5175 156 5231 les.
176 5187 254 5230 res
277 5186 330 5232 et
348 5180 616 5251 episcopis
649 5185 815 5240 nostri
857 5188 1005 5257 regni
1052 5187 1120 5242 ab
1151 5189 1281 5260 ipsis
1330 5187 1452 5243 dari
1502 5188 1607 5245 tibi
1711 5180 1985 5237 Ιιίενθιίοιιδ
2013 5193 2364 5254 Promovet!"-

81 5267 439 5336 concupierunt.
473 5271 543 5328 Ut
566 5290 693 5340 ergo
718 5278 781 5333 de
821 5280 1005 5335 multis
1055 5287 1349 5340 taceamus.
1408 5297 1598 5340 unum.
1773 5271 1827 5326 2-
1863 5276 1998 5332 Cum
2024 5276 2241 5340 qllidam
2292 5272 2534 5340 085137073
2563 5275 2686 5340 Viri.
2728 5285 2789 5332 ιη
2816 5289 2982 5340 supra
3036 5290 3307 5333 memora-
