3874 5340
561 396 666 453 815

1314 391 1604 452 APPEND.
1645 397 1736 452 AD
1775 398 1948 454 SAZC.
1989 397 2058 452 Χ.
2098 427 2131 438 -

2253 397 2632 455 ONUMENTA
2665 399 3145 456 ῡιΡιοΜΑτιςΑ.
3712 404 3793 459 8Ιῦ

561 531 624 569 ac
671 521 1024 579 sanarentur,
1055 511 1312 582 pellentes
1356 527 1449 568 eos
1479 513 1768 584 episcopali
1820 513 2141 568 auctoritate
2172 523 2219 580 Α
2245 512 2371 580 quid
2401 513 2465 567 a'e
2493 512 2708 568 ecclesia
2740 513 2912 584 aufert
2934 514 3010 568 vel
3037 513 3341 583 fraudalttr,
3371 513 3531 569 Iuda
3569 518 3795 584 proditori

559 620 947 674 sacrorumque
970 619 1238 658 canonum
1261 604 1643 659 constitutione
1675 618 1705 657 a
1733 612 1878 658 coetu
1919 612 1975 657 et
2014 617 2144 658 con-

559 698 728 752 sortio
794 696 1236 752 christianorum.
1313 693 1552 761 Quorum
1619 694 2026 764 prznsumptioui
2079 707 2141 750 ac

556 789 803 844 nefanda:
851 787 1122 859 tyrannidi
1153 785 1437 840 Hilduinus
1470 799 1528 842 se
1573 786 1938 841 intumescens
1958 824 1972 850 ,
2001 784 2142 839 datis

555 879 813 934 lleinrico
857 879 1075 948 suisque
1098 876 1429 948 'proceribus
1480 876 1850 948 complurimis
1895 876 2012 930 auri
2056 891 2142 930 ar-

555 971 807 1040 gentique
850 969 1208 1039 ponderibus,
1264 985 1368 1024 non
1401 969 1572 1024 solum
1613 983 1735 1025 cum
1780 970 1860 1024 eis
1905 969 2142 1025 scienter

555 1059 930 1130 participavit,
983 1059 1075 1114 sed
1113 1059 1276 1113 etiam
1301 1074 1367 1114 ex
1411 1059 1680 1113 thesauris
1712 1057 1953 1114 ecclesia:
1991 1058 2140 1113 Tun-

553 1151 1220 1226 grensis,quosinstinclu
1247 1150 1511 1207 diabolico
1561 1158 1818 1221 rapuerat
1868 1149 1950 1205 vel
1991 1150 2135 1204 fura-

555 1257 641 1300 tus
672 1245 867 1310 fuerat,
912 1242 1236 1314 quibusdam
1283 1243 1444 1298 minis
1490 1257 1553 1298 ac
1598 1241 1896 1298 terroribus
1926 1241 2053 1312 egit,
2083 1249 2141 1294 ut

553 1332 916 1388 llerimannus
944 1333 1254 1402 Agrippinae
1287 1332 1522 1387 civitatis
1561 1331 2000 1402 archiepiscopus
2045 1344 2142 1400 per

551 1423 866 1479 violentiam
915 1422 1154 1478 llcinrici
1219 1437 1549 1494 suorumque
1590 1421 1829 1478 ﬁdelium
1880 1421 2030 1476 illum
2083 1421 2138 1475 in

549 1515 861 1587 pontificem
901 1523 1267 1570 consecraret.
1311 1513 1446 1569 Nam
1475 1515 1520 1570 si
1566 1529 1672 1570 non
1711 1513 1949 1577 fecisset,
1999 1513 2141 1568 sicut

549 1609 664 1678 ipse
688 1606 1012 1662 venerabilis
1040 1605 1481 1676 archiepiscopus
1507 1605 1660 1660 nobis
1701 1614 1889 1675 postea
1913 1603 1968 1658 in
2003 1618 2139 1674 prte-

548 1701 722 1754 scntia
749 1699 1107 1770 plurimorum
1137 1695 1342 1761 retulit,
1373 1695 1476 1752 sibi
1505 1697 1670 1751 vitam
1721 1709 1917 1766 resque
1963 1694 2140 1751 eccle-

549 1792 802 1848 siasticas
848 1790 1108 1856 auferret,
1150 1804 1477 1859 omnemque
1513 1789 1773 1844 familiam
1817 1789 2134 1855 trucidaret,

2245 613 2602 673 comparatur.

2314 715 2365 770 5.
2398 715 2506 772 llos
2535 717 2778 773 ecclesiae
2809 719 3094 775 thesauros
3129 720 3397 793 episcopis
3441 729 3499 778 et
3538 723 3797 782 comitibus

2243 817 2297 863 et
2337 807 2643 864 fautoribus
2689 825 2790 880 pro
2832 827 2930 866 sua
2981 813 3324 870 ordinatione
3353 815 3523 881 dedit,
3576 832 3677 872 non
3709 833 3796 887 pra:

2241 901 2414 957 oculis
2453 900 2658 957 habens
2690 911 2892 958 statuta
2916 902 3159 960 Africani
3192 906 3432 973 concilii,
3463 907 3660 977 quibus
3680 925 3794 977 pra»

2244 992 2444 1062 cipitur
2481 1001 2542 1047 ut
2597 992 2778 1050 nullus
2830 1010 2929 1065 per
2974 997 3235 1066 pecunias
3283 999 3588 1064 ordinetur,
3624 999 3691 1054 ita
3729 1003 3796 1055 in-

2241 1084 2435 1156 quiens
2483 1099 2498 1138 :
2553 1083 2612 1140 Si
2643 1087 2757 1158 quis
2806 1088 3076 1158 episcopus
3121 1105 3214 1159 per
3245 1091 3496 1160 pecunias
3549 1091 3796 1146 obtinuerit

2239 1176 2566 1246 dignitatem,
2602 1178 2881 1246 deiciatur,
2909 1181 3078 1234 modis
3114 1181 3353 1235 omnibus
3369 1182 3660 1254 .abiciatur,
3686 1185 3797 1236 sicut

2241 1267 2428 1323 Simon
2473 1285 2658 1340 magus
2687 1269 2948 1324 abscissus
2987 1279 3059 1324 est
3096 1288 3129 1324 a
3170 1269 3352 1325 Petro.
3393 1272 3528 1327 ltetn
3560 1272 3614 1327 in
3650 1277 3800 1328 conci-

2241 1358 2314 1414 lio
2367 1360 2791 1416 Chalcedonensi
2850 1380 2862 1416 :
2906 1360 2965 1415 Si
3002 1363 3119 1431 quis
3172 1363 3486 1433 episcOpus,
3541 1366 3798 1435 presbyter,

2239 1461 2330 1504 aut
2365 1451 2620 1506 diaconus
2657 1452 2750 1506 sub
2783 1453 2946 1522 pretio
2982 1450 3212 1522 Spiritus
3246 1456 3416 1508 sancti
3443 1457 3664 1524 gratiam
3689 1458 3800 1509 obti-

2240 1557 2360 1594 nere
2385 1541 2637 1608 ivoluerit,
2680 1542 2880 1613 proprii
2923 1541 3119 1612 gradus
3157 1542 3389 1612 periculo
3417 1543 3730 1613 subjacebit;
3757 1555 3797 1597 et

2239 1633 2369 1687 nihil
2397 1651 2460 1688 ex
2489 1635 2587 1688 hac
2616 1635 2948 1689 ordinatione
2979 1633 3056 1688 vel
3100 1635 3428 1705 promotione
3455 1653 3574 1705 quia
3623 1646 3690 1690 est
3724 1654 3800 1706 per

2238 1726 2639 1794 negotiationem
2686 1725 2829 1795 facta
2871 1726 3146 1795 proﬁciat,
3185 1726 3276 1780 sed
3331 1727 3794 1780 anathematisetur.

2309 1815 2362 1869 6.
2391 1813 2507 1870 Jam
2539 1817 2716 1871 dictus
2743 1815 3030 1871 Hilduinus
3061 1817 3128 1871 ad
3163 1817 3438 1871 cumulum
3468 1833 3580 1872 sua:
3603 1816 3796 1870 damna-

548 1899 615 1938 ac
643 1882 857 1937 morum
886 1883 1028 1937 bona
1064 1881 1345 1980 diripere",
1380 1881 1613 1950 “eoque
1641 1882 1845 1950 absque
1871 1879 2137 1980 lcgi_"im°'
2171 1893 2213 1953 Β
2246 1908 2405 1963 tionis
2448 1918 2575 1964 ante
2621 1908 2948 1964 venerabilis
2991 1908 3304 1963 llerimauui
3355 1910 3696 1980 praesentiam
3726 1924 3796 1964 ve-

545 1982 666 2025 rum
705 1979 1110 2026 antecessorum
1141 1971 1464 2025 auctoritate
1504 1985 1626 2026 eum
1669 1973 2045 2036 consecravit,
2077 1983 2138 2027 ut

545 2064 665 2134 ipse
699 2061 875 2118 adhuc
906 2070 1156 2127 testatur,
1186 2061 1280 2117 sed
1319 2063 1483 2117 tantis
1538 2063 1836 2119 terroribus
1889 2077 1956 2118 ac
2005 2062 2138 2118 diris

546 2151 960 2207 crudelitatibus
987 2160 1226 2206 coactus.
1272 2151 1426 2207 Unde
1454 2153 1506 2206 in
1537 2151 1755 2208 Nicteuo
1801 2153 2031 2207 concilio
2061 2152 2135 2207 ita

543 2243 610 2296 ad
641 2242 813 2296 locum
855 2242 1129 2297 invenitur
1163 2258 1177 2295 :
1212 2241 1272 2297 Si
1315 2258 1431 2311 quis
1481 2258 1546 2296 ea:
1589 2241 1728 2297 clero
1781 2241 2132 2311 deprehensus

543 2333 702 2403 fuerit
722 2349 840 2386 eum
864 2333 1328 2387 excommunicatis
1361 2333 1748 2387 communicare
1769 2373 1782 2396 ,
1807 2334 1966 2387 etiam
2026 2335 2135 2404 ipse

541 2426 772 2493 priuetur
789 2424 1177 2488 communione,
1204 2433 1453 2495 tanquam
1479 2426 1568 2496 qui
1601 2425 1806 2496 regulas
1834 2425 2130 2494 confundit.

544 2517 675 2584 Qua:
714 2517 871 2588 longe
904 2517 1117 2586 lateque
1143 2513 1198 2570 in
1238 2515 1466 2572 diversis
1495 2517 1740 2574 conciliis
1779 2527 1836 2572 et
1874 2517 2136 2588 capitula-

540 2613 692 2667 ribus
724 2627 908 2684 regum
937 2611 1003 2668 de
1023 2610 1509 2668 exeommunicatis
1530 2611 1900 2666 inveniuntur.

613 2705 666 2760 5.
698 2705 840 2759 Idem
873 2703 1037 2758 etiam
1066 2703 1351 2759 llilduinus
1393 2717 1480 2759 res
1520 2703 1688 2760 nostri
1721 2703 1869 2775 regni
1901 2716 2132 2773 expue-

531 2796 651 2853 fato
677 2797 952 2868 episcopio
979 2797 1194 2862 invasit,
1228 2796 1473 2866 diripuit,
1498 2805 1554 2852 et
1582 2810 1680 2866 pro
1713 2795 1866 2852 libito
1889 2795 2130 2862 abduxit,

541 2903 710 2958 agens
741 2898 930 2942 contra
981 2896 1186 2943 statuta
1216 2887 1462 2943 Anacleti
1515 2902 1687 2958 νίψω,
1737 2887 1829 2943 ubi
1878 2889 2127 2946 dicitur:

543 2981 773 3036 Sanctus
803 2981 1102 3046 Anaclelus,
1140 2979 1231 3050 qui
1264 2979 1331 3033 ab
1363 2995 1473 3049 ipso
1521 2979 1676 3034 Petro
1705 2981 1942 3050 apostolo
1988 2983 2133 3036 ordi-

542 3087 696 3124 natus
719 3080 791 3125 est
812 3071 1098 3141 presbyter,
1121 3080 1299 3138 postea
1335 3070 1389 3123 in
1414 3075 1535 3124 sede
1575 3069 1816 3124 llotnana
1862 3087 2133 3126 successor

537 3162 684 3215 illius
714 3162 884 3231 factus
915 3163 1186 3229 episwpus
1213 3177 1330 3213 cum
1377 3169 1534 3214 tutius
1563 3161 1744 3214 mundi
1773 3161 2130 3216 sacerdotibus

535 3254 811 3323 judicavit.
844 3253 947 3320 Qui
977 3252 1269 3321 abstulerit,
1304 3252 1496 3324 inquit,
1526 3253 1668 3323 patri
1707 3252 1784 3307 vel
1825 3254 1984 3307 matri
2027 3254 2130 3307 ali-
2156 3249 2200 3311 C

539 3344 689 3414 quid,
715 3343 991 3398 homicidia
1019 3345 1277 3414 particeps
1306 3354 1401 3398 est.
1432 3342 1590 3398 Pater
1615 3353 1790 3399 noster
1810 3343 1922 3398 sine
1968 3345 2128 3400 dubio

538 3434 683 3489 Deus
714 3445 809 3488 est.
840 3433 1010 3488 Mater
1031 3451 1145 3489 vero
1180 3445 1359 3489 nostra
1396 3431 1629 3488 Ecclesia
1665 3443 1763 3498 est,
1790 3450 1908 3505 qum
1941 3452 2034 3490 nos
2075 3437 2130 3489 in

539 3521 796 3599 baptismo
827 3527 1165 3598 regeneravit.
1201 3526 1342 3597 Ergo
1365 3527 1453 3598 qui
1478 3529 1724 3592 pecunias
1751 3526 1948 3582 Christi
1968 3537 2015 3582 ct
2043 3545 2128 3582 cc-

537 3621 710 3674 clesia:
750 3621 904 3690 rapit,
934 3619 1132 3688 aufert,
1164 3617 1569 3688 velfraudatur,
1603 3618 1866 3672 homicida
1906 3629 1980 3673 est
2005 3660 2020 3685 ,
2051 3628 2133 3672 at-

536 3729 636 3782 que
663 3711 926 3765 homicida
974 3713 1029 3765 in
1075 3720 1354 3778 conspectu
1377 3711 1511 3780 justi
1538 3709 1739 3780 jadicis
1770 3710 2127 3780 deputabitur.

541 3803 645 3869 Qui
675 3803 808 3873 rapit
843 3802 1116 3872 pecuniam
1147 3800 1375 3872 prcrimi
1421 3800 1526 3868 sui,
1566 3800 1898 3870 iniquitatem
1949 3817 2134 3868 opera-

541 3907 648 3949 tur.
680 3895 784 3962 ριιὶ
821 3905 995 3949 autem
1016 3911 1290 3965 pecuniam
1323 3892 1397 3948 rel
1438 3909 1517 3948 res
1557 3894 1789 3948 ecclesia:
1837 3891 2130 3957 abstulerit,

529 3988 878 4057 sacrilegium
903 3987 1052 4056 facit,
1080 3997 1127 4041 et
1153 3999 1207 4040 ut
1237 3986 1528 4056 sacrilegus
1542 3985 1868 4056 judicantlus
1894 3994 1992 4039 est.

605 4077 660 4131 4.
696 4076 960 4130 Prmfatus
989 4075 1223 4145 denique
1259 4074 1546 4130 llildninus
1579 4075 1865 4130 thesauros
1887 4073 2133 4129 ecclesiae

538 4167 869 4239 Tungrensis
890 4176 944 4222 ct
970 4167 1296 4238 Aquisgrani
1317 4165 1499 4237 palatii
1519 4167 1677 4242 juxta
1696 4167 1835 4222 beati
1859 4165 2132 4221 Lantbcrti

537 4260 795 4329 martyris
824 4275 1021 4329 corpus
1070 4259 1122 4313 in
1152 4263 1386 4329 quadam
1427 4275 1553 4315 arca
1591 4261 1802 4330 positos
1840 4259 1998 4314 avida
2040 4273 2134 4314 cu-

2240 1999 2412 2060 niens,
2448 2014 2611 2069 super
2647 2015 2803 2054 saera
2838 1998 3071 2055 nefande
3094 1997 3331 2067 iuravit,
3363 2001 3506 2070 quod
3533 2017 3632 2071 ego
3653 2000 3797 2055 Κατο-

2236 2089 2320 2145 lus
2346 2089 2675 2160 episcopium
2721 2089 3036 2160 Tungreuse
3079 2090 3319 2145 uederim
3351 2091 3619 2160 (l67).'et
3656 2105 3796 2160 quos-

2238 2181 2361 2236 dam
2409 2197 2475 2236 ex
2517 2180 2730 2237 clericis
2763 2190 2819 2236 et
2871 2180 3024 2236 laicis
3084 2179 3270 2252 jurare
3326 2181 3611 2250 compulit.
3669 2181 3797 2246 Quod

2236 2289 2400 2343 quam
2449 2274 2521 2328 sit
2569 2274 2864 2328 absurdum
2917 2288 3189 2344 quamque
3237 2273 3554 2336 vitandum,
3595 2274 3795 2342 sparsim

2235 2374 2546 2420 sanctarum
2575 2365 2970 2436 scripturarum
3013 2365 3321 2420 testimonia
3357 2365 3675 2434 approbant.

2306 2478 2360 2531 7.
2394 2477 2723 2533 Memoratus
2767 2485 3029 2549 prieterea
3085 2475 3373 2532 l‘lilduinus
3417 2492 3520 2546 per
3571 2478 3794 2533 domuum

2236 2567 2624 2624 llerimannum
2657 2569 2968 2640 episcopum
3002 2567 3165 2624 tertio
3193 2577 3417 2624 vocatus
3445 2570 3512 2624 ad
3539 2570 3792 2640 synodum,

2236 2669 2294 2715 ut
2321 2669 2509 2715 contra
2556 2661 2674 2716 hrec
2697 2675 2816 2730 quae
2857 2659 2958 2715 sibi
3010 2658 3318 2714 obiciuntur
3357 2662 3724 2729 responderet,
3755 2661 3792 2712 si

2227 2749 2432 2820 justam
2471 2765 2691 2804 causam
2745 2748 3008 2812 haberet,
3037 2758 3131 2803 aut
3180 2749 3223 2804 si
3274 2757 3380 2803 non
3421 2757 3625 2819 posset,
3659 2761 3794 2802 cano-

2235 2858 2365 2898 num
2400 2841 2659 2896 feriretur
2685 2840 2926 2910 spiculis.
2968 2839 3070 2908 Qui
3103 2839 3357 2910 quoniam
3387 2840 3608 2909 quidem
3640 2841 3791 2894 venire

2232 2934 2459 2991 distulit.
2492 2933 2680 2988 incidit
2703 2933 3027 2988 sententiam
3063 2931 3322 2986 Bonifacii
3346 2947 3499 3000 papa:
3534 2932 3604 2985 ita
3635 2931 3790 2985 dicen-

2233 3027 2304 3082 tis
2330 3045 2340 3078 :
2368 3024 2566 3080 Probat
2596 3041 2717 3079 vera
2751 3041 2860 3080 esse
2887 3023 2982 3078 illa
3015 3040 3132 3094 qua:
3157 3024 3406 3078 adversus
3429 3040 3484 3077 se
3512 3023 3649 3076 dicta
3672 3032 3787 3082 sunt,

2231 3119 2321 3190 qui
2352 3117 2421 3172 ad
2451 3134 2512 3172 ea
2545 3117 2870 3186 confutanda
2925 3117 3106 3171 adesse
3143 3117 3353 3171 minime
3381 3116 3509 3171 rult.
3546 3115 3612 3170 Et
3636 3132 3691 3170 ne
3713 3116 3792 3167 duo

2232 3215 2353 3270 bitet
2379 3256 2394 3281 ,
2428 3214 2568 3286 quod
2608 3214 2684 3268 ita
2716 3214 2979 3283 judicium
3029 3229 3217 3281 nocens
3248 3213 3595 3282 subterfugit',
3643 3225 3790 3283 quent-

2234 3307 2520 3361 admodum
2560 3316 2614 3359 ut
2653 3305 2958 3360 absolvatur
3005 3307 3096 3376 qui
3141 3315 3215 3359 est
3241 3305 3485 3359 innocens
3521 3305 3711 3376 qua'rit.
3739 3303 3789 3355 Et

2232 3405 2354 3467 post
2394 3411 2565 3467 pauca
2599 3413 2612 3450 :
2643 3393 2932 3463 Conﬁtetur
2975 3396 3113 3449 enim
3161 3395 3224 3449 de
3265 3397 3542 3460 omnibus,
3589 3393 3787 3466 quisquis

2230 3487 2586 3557 subterfugere
2607 3487 2871 3557 judicium
2909 3503 3058 3555 posse
3103 3487 3445 3541 dilationibus
3485 3497 3650 3556 putat.
3684 3485 3788 3540 ltcm

2233 3577 2348 3646 ipse
2385 3593 2400 3630 ε
2434 3575 2496 3631 Si
2543 3576 2725 3630 adesse
2767 3576 2984 3630 voluerit
3011 3617 3024 3636 ,
3073 3592 3338 3646 prtesens,
3393 3576 3442 3629 si
3482 3576 3711 3645 conﬁdit,
3740 3578 3792 3626 ad

2233 3667 2433 3738 objecta
2487 3667 2816 3737 respondeat.
2849 3666 3003 3732 Quod
3039 3667 3085 3720 si
3131 3666 3312 3720 adesse
3350 3665 3655 3736 neglexerit,
3682 3665 3792 3718 dila-

2233 3758 2426 3814 tionem
2456 3759 2725 3814 sententia:
2745 3758 2820 3812 de
2861 3758 3098 3812 absentia
3144 3775 3248 3812 non
3287 3757 3546 3812 lucretur.

2305 3868 2579 3926 8.0mnes
2611 3878 2721 3924 tam
2745 3869 2932 3926 clerici
2963 3886 3124 3940 quam
3146 3869 3268 3925 laici
3301 3871 3631 3940 supradictae
3657 3867 3793 3924 eccle-

2234 3964 2329 4019 siae
2355 3971 2596 4018 nostram
2613 3963 2873 4018 adeuntes
2895 3961 3303 4024 sublimitatem,
3321 3962 3586 4018 luctuosis
3597 3962 3789 4017 vocibus

2233 4055 2610 4118 innatuerunt,
2626 4052 2893 4124 quodjam
2912 4061 3248 4108 memoratus
3271 4051 3563 4107 Hilduinus
3577 4067 3688 4107 cum
3703 4051 3792 4104 suis

2234 4146 2577 4216 przedonibus
2597 4145 2736 4200 bona
2763 4145 2979 4198 illorum
2999 4143 3248 4214 diripuit,
3266 4159 3595 4212 omnemque
3612 4143 3792 4197 illorum

2234 4235 2544 4292 facultatem
2567 4245 2623 4291 et
2641 4235 3033 4306 supellectilem
3049 4233 3298 4299 abstulit,
3317 4234 3453 4288 nihil
3484 4235 3591 4289 illis
3621 4248 3795 4289 reman-

2234 4331 2327 4395 sit,
2356 4330 2500 4385 unde
2528 4327 2721 4384 saltem
2746 4328 2848 4383 sibi
2876 4327 3055 4382 victus
3076 4324 3457 4382 sufficientiam
3483 4325 3792 4380 adhiberent.

539 4351 765 4422 piditatc
799 4351 998 4419 rapuit,
1028 4365 1226 4421 eosque
1281 4351 1518 4408 inimicis
1548 4354 1770 4418 nostris,
1802 4353 1918 4408 suis
1945 4351 2136 4407 videli-

537 4416 628 4495 ξρι
678 4416 1005 4505 tumoribus,
1057 4416 1282 4496 εοιῇωιίι
1305 4481 1319 4508 ,
1367 4449 1424 4496 et
1473 4442 1718 4497 ecclesia,
1760 4416 2011 4498 ’θυειυῃιο
2060 4440 2136 4494 De
2233 4422 2508 4478 Addentes
2536 4422 2699 4477 etiam
2728 4420 2780 4475 in
2810 4420 3082 4491 precibus,
3110 4429 3168 4472 ut
3199 4427 3382 4474 vestro
3408 4419 3640 4473 consilio
3666 4416 3793 4470 citius

539 4547 648 4601 quo
685 4533 989 4604 quibusque
1034 4532 1402 4602 hujuscemodi
1453 4534 1596 4589 sacri
1640 4549 1876 4590 canones
1921 4534 1996 4588 ita
2041 4533 2131 4587 de-

2243 4524 2510 4586 ageretur,
2552 4529 2622 4568 ne
2654 4512 2887 4582 amplius
2919 4512 3114 4581 prmdm
3139 4519 3193 4566 et
3217 4511 3510 4581 direptioni
3545 4516 3789 4581 paterent;

539 4633 771 4678 cernunt
799 4643 811 4678 :
849 4625 1037 4696 Siquis
1066 4627 1302 4680 inventus
1329 4625 1483 4695 fuerit
1509 4625 1711 4696 aliquid
1740 4627 1804 4681 de
1830 4625 2131 4680 ministeriis

2243 4607 2328 4664 sed
2365 4607 2469 4662 illis
2496 4607 2562 4662 ad
2589 4605 2950 4661 ordinandum
2983 4605 3240 4660 daremus
3283 4603 3598 4674 pontificem
3624 4601 3792 4657 Ricbe-

537 4716 770 4771 ecclesite
799 4719 1088 4773 vendidisse
1118 4719 1194 4774 cel
1221 4719 1515 4782 abstulisse,
1546 4720 1882 4789 sacrilegium
1913 4720 2129 4773 commi-

2243 4713 2383 4763 rum,
2407 4712 2568 4766 quem
2604 4695 2950 4750 concorditer
2991 4695 3291 4766 elegerunt.
3325 4693 3402 4747 De
3448 4692 3644 4763 quibus
3672 4691 3792 4744 vide-

536 4821 626 4866 stt.
655 4805 879 4866 ’I’Iacutt
908 4829 1025 4868 eum
1073 4815 1127 4870 in
1159 4815 1343 4868 ordine
1389 4813 1739 4868 ecclesiastico
1783 4829 1888 4866 non
1928 4811 2126 4864 haberi.

541 4902 762 4960 Cudect
779 4905 966 4960 lic-atus
983 4906 1310 4977 Augustinus
1326 4903 1394 4958 47
1417 4901 1674 4974 evangelii
1699 4900 1919 4955 humilia
1933 4899 2130 4954 Johan-

536 4997 626 5052 nis
651 4996 779 5051 dicit
812 5015 824 5050 :
857 4994 992 5051 Ecce
1033 5001 1167 5050 inter
1209 5005 1416 5050 sanctos
1453 5003 1525 5048 est
1557 4991 1754 5057 Iudas,
1803 5006 1918 5043 ecce
1940 4989 2028 5058 fur
2055 4998 2129 5043 est

2239 4789 2364 4843 licet
2393 4787 2645 4842 omnibus
2671 4787 2757 4840 hic
2792 4785 3125 4855 capitulatim
3156 4785 3378 4838 insertis
3419 4790 3657 4837 vestrum
3697 4795 3794 4849 pre.

2239 4892 2428 4932 camur
2477 4878 2843 4948 pontificium,
2877 4886 2937 4931 ut
2988 4889 3211 4948 propter
3263 4879 3430 4933 Deum
3481 4887 3536 4931 et
3587 4875 3791 4931 debitam

2236 4985 2399 5040 quam
2451 4971 2608 5026 nobis
2649 4970 2880 5040 polliciti
2915 4972 3048 5026 estis
3099 4969 3439 5036 fidelitatem,
3475 4985 3573 5040 pro
3617 4967 3789 5022 viribus

2237 5063 2433 5098 nvint‘n
2482 5061 2746 5098 ndinvnlic
2833 5071 2888 5096 nl
2950 5072 3136 5096 nnciam
3179 5062 3353 5096 Isnnnp
3404 5061 3456 5094 ἷη
3517 5052 3788 5094 Iuli-sema“
