  <div class='ocr_page' id='page_1' title='image "/cluster/home/n/w/nwhite01/storage/ocr_20150623/138/hvd.32044015471774/414.png"; bbox 0 0 3874 5340; ppageno 0'>
   <div class='ocr_carea' id='block_1_1' title="bbox 70 322 1617 388">
    <p class='ocr_par' dir='ltr' id='par_1_1' title="bbox 70 323 1617 388">
     <span class='ocr_line' id='line_1_1' title="bbox 70 323 1617 388; baseline -0.003 -2"><span class='ocrx_word' id='word_1_1' title='bbox 70 328 156 386; x_wconf 70' lang='lat' dir='ltr'><strong>lli</strong></span> <span class='ocrx_word' id='word_1_2' title='bbox 1051 326 1486 388; x_wconf 67' lang='lat' dir='ltr'><strong>FRANCORUM</strong></span> <span class='ocrx_word' id='word_1_3' title='bbox 1524 323 1617 382; x_wconf 68' lang='lat' dir='ltr'><strong>Ri</strong></span> 
     </span>
    </p>
   </div>
   <div class='ocr_carea' id='block_1_2' title="bbox 1724 322 2293 388">
    <p class='ocr_par' dir='ltr' id='par_1_2' title="bbox 1724 322 2293 383">
     <span class='ocr_line' id='line_1_2' title="bbox 1724 322 2293 383; baseline -0.004 -2"><span class='ocrx_word' id='word_1_4' title='bbox 1724 326 1772 381; x_wconf 71' lang='grc' dir='ltr'><strong>Μ</strong></span> <span class='ocrx_word' id='word_1_5' title='bbox 1806 322 2293 383; x_wconf 59' lang='grc' dir='ltr'><strong>ωριτυιΑιὶιιι.</strong></span> 
     </span>
    </p>
   </div>
   <div class='ocr_carea' id='block_1_3' title="bbox 3205 313 3311 371">
    <p class='ocr_par' dir='ltr' id='par_1_3' title="bbox 3205 313 3311 371">
     <span class='ocr_line' id='line_1_3' title="bbox 3205 313 3311 371; baseline -0.019 -1"><span class='ocrx_word' id='word_1_6' title='bbox 3205 313 3311 371; x_wconf 69' lang='lat' dir='ltr'><strong>Sit!</strong></span> 
     </span>
    </p>
   </div>
   <div class='ocr_carea' id='block_1_4' title="bbox 778 436 1617 502">
    <p class='ocr_par' dir='ltr' id='par_1_4' title="bbox 778 440 1617 502">
     <span class='ocr_line' id='line_1_4' title="bbox 778 440 1617 502; baseline 0 -2"><span class='ocrx_word' id='word_1_7' title='bbox 778 440 1080 501; x_wconf 71' lang='lat' dir='ltr'><strong>BIINRICI</strong></span> <span class='ocrx_word' id='word_1_8' title='bbox 1118 444 1138 500; x_wconf 84' lang='grc'><strong>1</strong></span> <span class='ocrx_word' id='word_1_9' title='bbox 1176 443 1266 502; x_wconf 82' lang='lat' dir='ltr'><strong>ET</strong></span> <span class='ocrx_word' id='word_1_10' title='bbox 1302 441 1558 501; x_wconf 76' lang='lat' dir='ltr'><strong>KAROLI</strong></span> <span class='ocrx_word' id='word_1_11' title='bbox 1594 443 1617 500; x_wconf 88' lang='lat'><strong>(</strong></span> 
     </span>
    </p>
   </div>
   <div class='ocr_carea' id='block_1_5' title="bbox 1724 436 2569 502">
    <p class='ocr_par' dir='ltr' id='par_1_5' title="bbox 1724 436 2569 500">
     <span class='ocr_line' id='line_1_5' title="bbox 1724 436 2569 500; baseline -0.011 -2"><span class='ocrx_word' id='word_1_12' title='bbox 1724 441 2010 500; x_wconf 80' lang='lat' dir='ltr'><strong>lVENTUS</strong></span> <span class='ocrx_word' id='word_1_13' title='bbox 2041 436 2569 500; x_wconf 67' lang='lat' dir='ltr'><strong>CONFLUENTIE;</strong></span> 
     </span>
    </p>
   </div>
   <div class='ocr_carea' id='block_1_6' title="bbox 1514 554 1829 628">
    <p class='ocr_par' dir='ltr' id='par_1_6' title="bbox 1514 554 1829 628">
     <span class='ocr_line' id='line_1_6' title="bbox 1514 554 1829 628; baseline -0.003 -18"><span class='ocrx_word' id='word_1_14' title='bbox 1514 554 1640 628; x_wconf 79' lang='lat' dir='ltr'><strong>(An.</strong></span> <span class='ocrx_word' id='word_1_15' title='bbox 1678 554 1829 627; x_wconf 73' lang='lat'><strong>922.)</strong></span> 
     </span>
    </p>
   </div>
   <div class='ocr_carea' id='block_1_7' title="bbox 123 660 3305 737">
    <p class='ocr_par' dir='ltr' id='par_1_7' title="bbox 123 660 3305 737">
     <span class='ocr_line' id='line_1_7' title="bbox 123 660 3305 737; baseline -0.002 -14"><span class='ocrx_word' id='word_1_16' title='bbox 123 667 247 737; x_wconf 74' lang='lat' dir='ltr'><strong>Acta</strong></span> <span class='ocrx_word' id='word_1_17' title='bbox 272 665 441 737; x_wconf 74' lang='lat' dir='ltr'><strong>hujus</strong></span> <span class='ocrx_word' id='word_1_18' title='bbox 460 674 777 737; x_wconf 82' lang='lat' dir='ltr'><strong>conventus,</strong></span> <span class='ocrx_word' id='word_1_19' title='bbox 810 682 841 721; x_wconf 83' lang='lat' dir='ltr'><strong>a</strong></span> <span class='ocrx_word' id='word_1_20' title='bbox 876 666 1192 723; x_wconf 84' lang='lat' dir='ltr'><strong>Bnrchardo</strong></span> <span class='ocrx_word' id='word_1_21' title='bbox 1221 674 1539 731; x_wconf 87' lang='lat' dir='ltr'><strong>memorata,</strong></span> <span class='ocrx_word' id='word_1_22' title='bbox 1572 666 1630 737; x_wconf 86' lang='lat' dir='ltr'><strong>in</strong></span> <span class='ocrx_word' id='word_1_23' title='bbox 1661 664 1799 737; x_wconf 76' lang='lat' dir='ltr'><strong>libro</strong></span> <span class='ocrx_word' id='word_1_24' title='bbox 1827 667 1931 722; x_wconf 90' lang='lat' dir='ltr'><strong>viri</strong></span> <span class='ocrx_word' id='word_1_25' title='bbox 1955 667 2024 723; x_wconf 93' lang='lat' dir='ltr'><strong>cl.</strong></span> <span class='ocrx_word' id='word_1_26' title='bbox 2052 667 2121 722; x_wconf 83' lang='grc' dir='ltr'><strong>Μ.</strong></span> <span class='ocrx_word' id='word_1_27' title='bbox 2149 666 2333 737; x_wconf 73' lang='lat' dir='ltr'><strong>Liberi</strong></span> <span class='ocrx_word' id='word_1_28' title='bbox 2360 665 2587 721; x_wconf 84' lang='lat' dir='ltr'><strong>Baronis</strong></span> <span class='ocrx_word' id='word_1_29' title='bbox 2609 664 2683 737; x_wconf 82' lang='lat' dir='ltr'><strong>de</strong></span> <span class='ocrx_word' id='word_1_30' title='bbox 2713 660 3012 737; x_wconf 68' lang='lat' dir='ltr'><strong>Freyberg,</strong></span> <span class='ocrx_word' id='word_1_31' title='bbox 3050 660 3305 737; x_wconf 78' lang='lat' dir='ltr'><strong>tabularii</strong></span> 
     </span>
    </p>
   </div>
   <div class='ocr_carea' id='block_1_8' title="bbox 72 732 3311 810">
    <p class='ocr_par' dir='ltr' id='par_1_8' title="bbox 72 732 3311 810">
     <span class='ocr_line' id='line_1_8' title="bbox 72 732 3311 810; baseline -0.003 -16"><span class='ocrx_word' id='word_1_32' title='bbox 72 740 179 810; x_wconf 77' lang='lat' dir='ltr'><strong>regii</strong></span> <span class='ocrx_word' id='word_1_33' title='bbox 206 732 547 793; x_wconf 72' lang='lat' dir='ltr'><strong>Monacensis</strong></span> <span class='ocrx_word' id='word_1_34' title='bbox 573 736 835 810; x_wconf 73' lang='lat' dir='ltr'><strong>praefecti,</strong></span> <span class='ocrx_word' id='word_1_35' title='bbox 864 736 1195 810; x_wconf 68' lang='lat' dir='ltr'><strong>Historische</strong></span> <span class='ocrx_word' id='word_1_36' title='bbox 1227 736 1501 810; x_wconf 69' lang='lat' dir='ltr'><strong>Schriften</strong></span> <span class='ocrx_word' id='word_1_37' title='bbox 1524 735 1632 791; x_wconf 85' lang='lat' dir='ltr'><strong>und</strong></span> <span class='ocrx_word' id='word_1_38' title='bbox 1660 733 1946 810; x_wconf 63' lang='lat' dir='ltr'><strong>rkunden</strong></span> <span class='ocrx_word' id='word_1_39' title='bbox 1976 747 2108 793; x_wconf 87' lang='lat' dir='ltr'><strong>tom.</strong></span> <span class='ocrx_word' id='word_1_40' title='bbox 2138 735 2329 810; x_wconf 18' lang='lat' dir='ltr'><strong>l_V,»_ex</strong></span> <span class='ocrx_word' id='word_1_41' title='bbox 2354 737 2545 810; x_wconf 79' lang='lat' dir='ltr'><strong>codice</strong></span> <span class='ocrx_word' id='word_1_42' title='bbox 2568 735 2724 810; x_wconf 75' lang='lat' dir='ltr'><strong>regio</strong></span> <span class='ocrx_word' id='word_1_43' title='bbox 2746 732 3066 810; x_wconf 55' lang='lat' dir='ltr'><strong>yenaceusi</strong></span> <span class='ocrx_word' id='word_1_44' title='bbox 3093 733 3311 810; x_wconf 58' lang='lat' dir='ltr'><strong>prodig:</strong></span> 
     </span>
    </p>
   </div>
   <div class='ocr_carea' id='block_1_9' title="bbox 72 801 3308 877">
    <p class='ocr_par' dir='ltr' id='par_1_9' title="bbox 72 801 3308 877">
     <span class='ocr_line' id='line_1_9' title="bbox 72 801 3308 877; baseline -0.002 -15"><span class='ocrx_word' id='word_1_45' title='bbox 72 801 203 871; x_wconf 65' lang='lat' dir='ltr'><strong>min,</strong></span> <span class='ocrx_word' id='word_1_46' title='bbox 243 809 386 862; x_wconf 89' lang='lat' dir='ltr'><strong>unde</strong></span> <span class='ocrx_word' id='word_1_47' title='bbox 431 822 496 861; x_wconf 90' lang='lat' dir='ltr'><strong>ea</strong></span> <span class='ocrx_word' id='word_1_48' title='bbox 553 801 848 876; x_wconf 75' lang='lat' dir='ltr'><strong>repetenda</strong></span> <span class='ocrx_word' id='word_1_49' title='bbox 900 809 1167 877; x_wconf 79' lang='lat' dir='ltr'><strong>simulque</strong></span> <span class='ocrx_word' id='word_1_50' title='bbox 1216 801 1580 877; x_wconf 73' lang='lat' dir='ltr'><strong>fragmentum</strong></span> <span class='ocrx_word' id='word_1_51' title='bbox 1609 822 1639 859; x_wconf 85' lang='lat' dir='ltr'><strong>a</strong></span> <span class='ocrx_word' id='word_1_52' title='bbox 1671 806 1988 863; x_wconf 83' lang='lat' dir='ltr'><strong>Schannato</strong></span> <span class='ocrx_word' id='word_1_53' title='bbox 2026 824 2091 864; x_wconf 76' lang='lat' dir='ltr'><strong>ex</strong></span> <span class='ocrx_word' id='word_1_54' title='bbox 2139 801 2716 877; x_wconf 67' lang='lat' dir='ltr'><strong>Codieehihliothecm</strong></span> <span class='ocrx_word' id='word_1_55' title='bbox 2746 802 3025 859; x_wconf 68' lang='lat' dir='ltr'><strong>Vaticana:</strong></span> <span class='ocrx_word' id='word_1_56' title='bbox 3054 801 3113 857; x_wconf 81' lang='lat' dir='ltr'><strong>n.</strong></span> <span class='ocrx_word' id='word_1_57' title='bbox 3166 801 3308 860; x_wconf 63' lang='lat'><strong>£227</strong></span> 
     </span>
    </p>
   </div>
   <div class='ocr_carea' id='block_1_10' title="bbox 74 876 1271 949">
    <p class='ocr_par' dir='ltr' id='par_1_10' title="bbox 74 876 1271 949">
     <span class='ocr_line' id='line_1_10' title="bbox 74 876 1271 949; baseline -0.003 -13"><span class='ocrx_word' id='word_1_58' title='bbox 74 878 377 949; x_wconf 82' lang='lat' dir='ltr'><strong>descriptum</strong></span> <span class='ocrx_word' id='word_1_59' title='bbox 406 886 463 933; x_wconf 89' lang='lat' dir='ltr'><strong>et</strong></span> <span class='ocrx_word' id='word_1_60' title='bbox 490 878 559 934; x_wconf 87' lang='lat' dir='ltr'><strong>ab</strong></span> <span class='ocrx_word' id='word_1_61' title='bbox 586 877 934 933; x_wconf 83' lang='lat' dir='ltr'><strong>Harzheimio</strong></span> <span class='ocrx_word' id='word_1_62' title='bbox 969 876 1101 932; x_wconf 78' lang='lat' dir='ltr'><strong>tom.</strong></span> <span class='ocrx_word' id='word_1_63' title='bbox 1125 876 1191 945; x_wconf 93' lang='lat' dir='ltr'><strong>ll,</strong></span> <span class='ocrx_word' id='word_1_64' title='bbox 1216 892 1271 948; x_wconf 91' lang='lat' dir='ltr'><strong>p.</strong></span> 
     </span>
    </p>
   </div>
   <div class='ocr_carea' id='block_1_11' title="bbox 1416 874 2524 950">
    <p class='ocr_par' dir='ltr' id='par_1_11' title="bbox 1416 874 2524 950">
     <span class='ocr_line' id='line_1_11' title="bbox 1416 874 2524 950; baseline 0 -19"><span class='ocrx_word' id='word_1_65' title='bbox 1416 916 1433 943; x_wconf 87' lang='lat'><strong>,</strong></span> <span class='ocrx_word' id='word_1_66' title='bbox 1469 877 1770 948; x_wconf 77' lang='lat' dir='ltr'><strong>vulgatum,</strong></span> <span class='ocrx_word' id='word_1_67' title='bbox 1805 880 2216 950; x_wconf 84' lang='lat' dir='ltr'><strong>proponendum</strong></span> <span class='ocrx_word' id='word_1_68' title='bbox 2247 874 2524 934; x_wconf 78' lang='lat' dir='ltr'><strong>duximus.</strong></span> 
     </span>
    </p>
   </div>
   <div class='ocr_carea' id='block_1_12' title="bbox 120 994 3306 1086">
    <p class='ocr_par' dir='ltr' id='par_1_12' title="bbox 120 994 3306 1086">
     <span class='ocr_line' id='line_1_12' title="bbox 120 994 3306 1086; baseline -0 -19"><span class='ocrx_word' id='word_1_69' title='bbox 120 1014 260 1068; x_wconf 81' lang='lat' dir='ltr'><strong>Anno</strong></span> <span class='ocrx_word' id='word_1_70' title='bbox 299 1009 597 1065; x_wconf 70' lang='lat' dir='ltr'><strong>Domit-ica:</strong></span> <span class='ocrx_word' id='word_1_71' title='bbox 625 1009 1016 1067; x_wconf 73' lang='lat' dir='ltr'><strong>incarnationis</strong></span> <span class='ocrx_word' id='word_1_72' title='bbox 1037 1010 1142 1067; x_wconf 72' lang='lat'><strong>922</strong></span> <span class='ocrx_word' id='word_1_73' title='bbox 1167 1011 1307 1081; x_wconf 88' lang='lat' dir='ltr'><strong>apud</strong></span> <span class='ocrx_word' id='word_1_74' title='bbox 1336 1008 1621 1067; x_wconf 85' lang='lat' dir='ltr'><strong>Coulluen-</strong></span> <span class='ocrx_word' id='word_1_75' title='bbox 1647 994 1693 1052; x_wconf 79' lang='grc' dir='ltr'><strong>Α</strong></span> <span class='ocrx_word' id='word_1_76' title='bbox 1721 1014 1929 1086; x_wconf 79' lang='lat' dir='ltr'><strong>gimini,</strong></span> <span class='ocrx_word' id='word_1_77' title='bbox 1961 1015 2148 1086; x_wconf 85' lang='lat' dir='ltr'><strong>eisque</strong></span> <span class='ocrx_word' id='word_1_78' title='bbox 2195 1015 2374 1072; x_wconf 89' lang='lat' dir='ltr'><strong>debita</strong></span> <span class='ocrx_word' id='word_1_79' title='bbox 2415 1014 2679 1084; x_wconf 86' lang='lat' dir='ltr'><strong>obsequia</strong></span> <span class='ocrx_word' id='word_1_80' title='bbox 2721 1014 2774 1069; x_wconf 93' lang='lat' dir='ltr'><strong>in</strong></span> <span class='ocrx_word' id='word_1_81' title='bbox 2818 1003 3153 1070; x_wconf 73' lang='lat' dir='ltr'><strong>exercendis</strong></span> <span class='ocrx_word' id='word_1_82' title='bbox 3202 1026 3306 1067; x_wconf 75' lang='lat' dir='ltr'><strong>mc-</strong></span> 
     </span>
    </p>
   </div>
   <div class='ocr_carea' id='block_1_13' title="bbox 70 1100 1619 1173">
    <p class='ocr_par' dir='ltr' id='par_1_13' title="bbox 70 1100 1619 1173">
     <span class='ocr_line' id='line_1_13' title="bbox 70 1100 1619 1173; baseline -0.003 -13"><span class='ocrx_word' id='word_1_83' title='bbox 70 1106 174 1160; x_wconf 82' lang='lat' dir='ltr'><strong>tia‘m</strong></span> <span class='ocrx_word' id='word_1_84' title='bbox 196 1103 343 1173; x_wconf 85' lang='lat' dir='ltr'><strong>jussu</strong></span> <span class='ocrx_word' id='word_1_85' title='bbox 377 1100 770 1156; x_wconf 85' lang='lat' dir='ltr'><strong>venerabiliqu</strong></span> <span class='ocrx_word' id='word_1_86' title='bbox 792 1101 1120 1173; x_wconf 88' lang='lat' dir='ltr'><strong>principum,</strong></span> <span class='ocrx_word' id='word_1_87' title='bbox 1148 1101 1330 1156; x_wconf 81' lang='lat' dir='ltr'><strong>Kuroli</strong></span> <span class='ocrx_word' id='word_1_88' title='bbox 1362 1102 1619 1157; x_wconf 74' lang='lat' dir='ltr'><strong>videlicet</strong></span> 
     </span>
    </p>
   </div>
   <div class='ocr_carea' id='block_1_14' title="bbox 69 1193 1621 1264">
    <p class='ocr_par' dir='ltr' id='par_1_14' title="bbox 69 1193 1621 1264">
     <span class='ocr_line' id='line_1_14' title="bbox 69 1193 1621 1264; baseline -0.003 -12"><span class='ocrx_word' id='word_1_89' title='bbox 69 1206 112 1252; x_wconf 69' lang='lat' dir='ltr'><strong>it</strong></span> <span class='ocrx_word' id='word_1_90' title='bbox 149 1193 355 1250; x_wconf 73' lang='lat' dir='ltr'><strong>Hernici</strong></span> <span class='ocrx_word' id='word_1_91' title='bbox 412 1207 606 1263; x_wconf 77' lang='lat' dir='ltr'><strong>regum</strong></span> <span class='ocrx_word' id='word_1_92' title='bbox 651 1193 1212 1251; x_wconf 84' lang='lat' dir='ltr'><strong>reverentissimorum</strong></span> <span class='ocrx_word' id='word_1_93' title='bbox 1237 1233 1252 1260; x_wconf 93' lang='lat'><strong>,</strong></span> <span class='ocrx_word' id='word_1_94' title='bbox 1303 1193 1621 1264; x_wconf 74' lang='lat' dir='ltr'><strong>congregati</strong></span> 
     </span>
    </p>
   </div>
   <div class='ocr_carea' id='block_1_15' title="bbox 71 1284 1620 1358">
    <p class='ocr_par' dir='ltr' id='par_1_15' title="bbox 71 1284 1620 1358">
     <span class='ocr_line' id='line_1_15' title="bbox 71 1284 1620 1358; baseline -0.003 -15"><span class='ocrx_word' id='word_1_95' title='bbox 71 1296 169 1351; x_wconf 75' lang='lat' dir='ltr'><strong>sunt</strong></span> <span class='ocrx_word' id='word_1_96' title='bbox 205 1285 440 1355; x_wconf 80' lang='lat' dir='ltr'><strong>episcopi</strong></span> <span class='ocrx_word' id='word_1_97' title='bbox 498 1299 726 1339; x_wconf 88' lang='lat' dir='ltr'><strong>numero</strong></span> <span class='ocrx_word' id='word_1_98' title='bbox 773 1284 842 1351; x_wconf 81' lang='lat'><strong>8,</strong></span> <span class='ocrx_word' id='word_1_99' title='bbox 886 1284 1253 1347; x_wconf 79' lang='lat' dir='ltr'><strong>Herimannus</strong></span> <span class='ocrx_word' id='word_1_100' title='bbox 1306 1284 1620 1358; x_wconf 69' lang='lat' dir='ltr'><strong>Agrippina;</strong></span> 
     </span>
    </p>
   </div>
   <div class='ocr_carea' id='block_1_16' title="bbox 71 1374 1618 1447">
    <p class='ocr_par' dir='ltr' id='par_1_16' title="bbox 71 1374 1618 1447">
     <span class='ocr_line' id='line_1_16' title="bbox 71 1374 1618 1447; baseline -0.001 -14"><span class='ocrx_word' id='word_1_101' title='bbox 71 1376 471 1447; x_wconf 71' lang='lat' dir='ltr'><strong>archiepiscopus</strong></span> <span class='ocrx_word' id='word_1_102' title='bbox 498 1415 515 1441; x_wconf 93' lang='lat'><strong>,</strong></span> <span class='ocrx_word' id='word_1_103' title='bbox 569 1374 863 1447; x_wconf 79' lang='lat' dir='ltr'><strong>llerigerus</strong></span> <span class='ocrx_word' id='word_1_104' title='bbox 911 1375 1197 1447; x_wconf 70' lang='lat' dir='ltr'><strong>Mogontiae</strong></span> <span class='ocrx_word' id='word_1_105' title='bbox 1247 1376 1618 1446; x_wconf 83' lang='lat' dir='ltr'><strong>archiepisco-</strong></span> 
     </span>
    </p>
   </div>
   <div class='ocr_carea' id='block_1_17' title="bbox 71 1466 1621 1540">
    <p class='ocr_par' dir='ltr' id='par_1_17' title="bbox 71 1466 1621 1540">
     <span class='ocr_line' id='line_1_17' title="bbox 71 1466 1621 1540; baseline 0.001 -18"><span class='ocrx_word' id='word_1_106' title='bbox 71 1467 371 1539; x_wconf 66' lang='lat' dir='ltr'><strong>pnthiaclo</strong></span> <span class='ocrx_word' id='word_1_107' title='bbox 388 1467 848 1540; x_wconf 77' lang='lat' dir='ltr'><strong>Wirciburgensis</strong></span> <span class='ocrx_word' id='word_1_108' title='bbox 870 1466 1365 1539; x_wconf 78' lang='lat' dir='ltr'><strong>episcopus&quot;“—”,</strong></span> <span class='ocrx_word' id='word_1_109' title='bbox 1393 1466 1621 1523; x_wconf 85' lang='lat' dir='ltr'><strong>Liutha-</strong></span> 
     </span>
    </p>
   </div>
   <div class='ocr_carea' id='block_1_18' title="bbox 75 1555 1619 1629">
    <p class='ocr_par' dir='ltr' id='par_1_18' title="bbox 75 1555 1619 1629">
     <span class='ocr_line' id='line_1_18' title="bbox 75 1555 1619 1629; baseline 0.001 -16"><span class='ocrx_word' id='word_1_110' title='bbox 75 1561 157 1613; x_wconf 79' lang='lat' dir='ltr'><strong>rius</strong></span> <span class='ocrx_word' id='word_1_111' title='bbox 178 1555 582 1611; x_wconf 69' lang='lat' dir='ltr'><strong>Mimidauensis</strong></span> <span class='ocrx_word' id='word_1_112' title='bbox 614 1559 922 1629; x_wconf 86' lang='lat' dir='ltr'><strong>episcopus,</strong></span> <span class='ocrx_word' id='word_1_113' title='bbox 958 1556 1108 1613; x_wconf 89' lang='lat' dir='ltr'><strong>Dodo</strong></span> <span class='ocrx_word' id='word_1_114' title='bbox 1143 1556 1619 1629; x_wconf 78' lang='lat' dir='ltr'><strong>Osnebruggensis</strong></span> 
     </span>
    </p>
   </div>
   <div class='ocr_carea' id='block_1_19' title="bbox 71 1646 1616 1720">
    <p class='ocr_par' dir='ltr' id='par_1_19' title="bbox 71 1646 1616 1720">
     <span class='ocr_line' id='line_1_19' title="bbox 71 1646 1616 1720; baseline 0 -17"><span class='ocrx_word' id='word_1_115' title='bbox 71 1652 353 1718; x_wconf 74' lang='lat' dir='ltr'><strong>episcopus,</strong></span> <span class='ocrx_word' id='word_1_116' title='bbox 412 1647 755 1720; x_wconf 73' lang='lat' dir='ltr'><strong>ﬂicligauwo</strong></span> <span class='ocrx_word' id='word_1_117' title='bbox 804 1646 1231 1705; x_wconf 85' lang='lat' dir='ltr'><strong>Wormaeiensis</strong></span> <span class='ocrx_word' id='word_1_118' title='bbox 1284 1647 1616 1720; x_wconf 88' lang='lat' dir='ltr'><strong>episcopus,</strong></span> 
     </span>
    </p>
   </div>
   <div class='ocr_carea' id='block_1_20' title="bbox 74 1736 1620 1809">
    <p class='ocr_par' dir='ltr' id='par_1_20' title="bbox 74 1736 1620 1809">
     <span class='ocr_line' id='line_1_20' title="bbox 74 1736 1620 1809; baseline 0.001 -18"><span class='ocrx_word' id='word_1_119' title='bbox 74 1739 311 1799; x_wconf 73' lang='lat' dir='ltr'><strong>liilzwinus</strong></span> <span class='ocrx_word' id='word_1_120' title='bbox 335 1736 790 1809; x_wconf 75' lang='lat' dir='ltr'><strong>Strazburgeusis</strong></span> <span class='ocrx_word' id='word_1_121' title='bbox 813 1738 1120 1809; x_wconf 89' lang='lat' dir='ltr'><strong>episcopus,</strong></span> <span class='ocrx_word' id='word_1_122' title='bbox 1147 1737 1395 1795; x_wconf 82' lang='lat' dir='ltr'><strong>Unwano</strong></span> <span class='ocrx_word' id='word_1_123' title='bbox 1416 1736 1620 1793; x_wconf 84' lang='lat' dir='ltr'><strong>Pader—</strong></span> 
     </span>
    </p>
   </div>
   <div class='ocr_carea' id='block_1_21' title="bbox 72 1829 1621 1903">
    <p class='ocr_par' dir='ltr' id='par_1_21' title="bbox 72 1829 1621 1903">
     <span class='ocr_line' id='line_1_21' title="bbox 72 1829 1621 1903; baseline 0.001 -18"><span class='ocrx_word' id='word_1_124' title='bbox 72 1830 353 1887; x_wconf 83' lang='lat' dir='ltr'><strong>bnumettsis</strong></span> <span class='ocrx_word' id='word_1_125' title='bbox 401 1829 499 1873; x_wconf 68' lang='lat' dir='ltr'><strong>‘m</strong></span> <span class='ocrx_word' id='word_1_126' title='bbox 546 1831 853 1903; x_wconf 82' lang='lat' dir='ltr'><strong>episcopus,</strong></span> <span class='ocrx_word' id='word_1_127' title='bbox 883 1846 1006 1887; x_wconf 89' lang='lat' dir='ltr'><strong>cum</strong></span> <span class='ocrx_word' id='word_1_128' title='bbox 1057 1830 1345 1888; x_wconf 77' lang='lat' dir='ltr'><strong>abbatibus</strong></span> <span class='ocrx_word' id='word_1_129' title='bbox 1390 1830 1621 1902; x_wconf 82' lang='lat' dir='ltr'><strong>aliisque</strong></span> 
     </span>
    </p>
   </div>
   <div class='ocr_carea' id='block_1_22' title="bbox 74 1920 1262 1994">
    <p class='ocr_par' dir='ltr' id='par_1_22' title="bbox 74 1920 1262 1994">
     <span class='ocr_line' id='line_1_22' title="bbox 74 1920 1262 1994; baseline 0.002 -17"><span class='ocrx_word' id='word_1_130' title='bbox 74 1921 182 1978; x_wconf 78' lang='lat' dir='ltr'><strong>sacri</strong></span> <span class='ocrx_word' id='word_1_131' title='bbox 207 1921 406 1977; x_wconf 83' lang='lat' dir='ltr'><strong>ordinis</strong></span> <span class='ocrx_word' id='word_1_132' title='bbox 435 1920 576 1978; x_wconf 91' lang='lat' dir='ltr'><strong>viris</strong></span> <span class='ocrx_word' id='word_1_133' title='bbox 597 1937 761 1993; x_wconf 84' lang='lat' dir='ltr'><strong>quam</strong></span> <span class='ocrx_word' id='word_1_134' title='bbox 803 1922 1052 1994; x_wconf 75' lang='lat' dir='ltr'><strong>plurimis</strong></span> <span class='ocrx_word' id='word_1_135' title='bbox 1088 1922 1262 1994; x_wconf 82' lang='grc'><strong>(168).</strong></span> 
     </span>
    </p>
   </div>
   <div class='ocr_carea' id='block_1_23' title="bbox 125 2013 1620 2086">
    <p class='ocr_par' dir='ltr' id='par_1_23' title="bbox 125 2013 1620 2086">
     <span class='ocr_line' id='line_1_23' title="bbox 125 2013 1620 2086; baseline 0.004 -17"><span class='ocrx_word' id='word_1_136' title='bbox 125 2015 168 2069; x_wconf 84' lang='lat' dir='ltr'><strong>l.</strong></span> <span class='ocrx_word' id='word_1_137' title='bbox 190 2013 305 2081; x_wconf 83' lang='lat' dir='ltr'><strong>Qui,</strong></span> <span class='ocrx_word' id='word_1_138' title='bbox 335 2014 456 2084; x_wconf 88' lang='lat' dir='ltr'><strong>ipso</strong></span> <span class='ocrx_word' id='word_1_139' title='bbox 484 2024 815 2086; x_wconf 82' lang='lat' dir='ltr'><strong>cooperante</strong></span> <span class='ocrx_word' id='word_1_140' title='bbox 840 2023 900 2072; x_wconf 88' lang='lat' dir='ltr'><strong>et</strong></span> <span class='ocrx_word' id='word_1_141' title='bbox 930 2016 1230 2072; x_wconf 81' lang='lat' dir='ltr'><strong>sententias</strong></span> <span class='ocrx_word' id='word_1_142' title='bbox 1253 2031 1443 2073; x_wconf 90' lang='lat' dir='ltr'><strong>eorum</strong></span> <span class='ocrx_word' id='word_1_143' title='bbox 1489 2032 1620 2075; x_wconf 76' lang='lat' dir='ltr'><strong>cou-</strong></span> 
     </span>
    </p>
   </div>
   <div class='ocr_carea' id='block_1_24' title="bbox 78 2102 1621 2177">
    <p class='ocr_par' dir='ltr' id='par_1_24' title="bbox 78 2102 1621 2177">
     <span class='ocr_line' id='line_1_24' title="bbox 78 2102 1621 2177; baseline 0.003 -18"><span class='ocrx_word' id='word_1_144' title='bbox 78 2104 290 2159; x_wconf 67' lang='lat' dir='ltr'><strong>irmante</strong></span> <span class='ocrx_word' id='word_1_145' title='bbox 340 2102 568 2160; x_wconf 89' lang='lat' dir='ltr'><strong>domino</strong></span> <span class='ocrx_word' id='word_1_146' title='bbox 626 2103 869 2172; x_wconf 88' lang='lat' dir='ltr'><strong>Christo,</strong></span> <span class='ocrx_word' id='word_1_147' title='bbox 921 2105 976 2160; x_wconf 93' lang='lat' dir='ltr'><strong>in</strong></span> <span class='ocrx_word' id='word_1_148' title='bbox 1013 2105 1259 2177; x_wconf 83' lang='lat' dir='ltr'><strong>synodali</strong></span> <span class='ocrx_word' id='word_1_149' title='bbox 1313 2105 1621 2164; x_wconf 77' lang='lat' dir='ltr'><strong>residentes</strong></span> 
     </span>
    </p>
   </div>
   <div class='ocr_carea' id='block_1_25' title="bbox 77 2196 1617 2270">
    <p class='ocr_par' dir='ltr' id='par_1_25' title="bbox 77 2196 1617 2270">
     <span class='ocr_line' id='line_1_25' title="bbox 77 2196 1617 2270; baseline 0.005 -21"><span class='ocrx_word' id='word_1_150' title='bbox 77 2203 319 2263; x_wconf 71' lang='lat' dir='ltr'><strong>iumenta,</strong></span> <span class='ocrx_word' id='word_1_151' title='bbox 345 2196 520 2263; x_wconf 84' lang='lat' dir='ltr'><strong>multa</strong></span> <span class='ocrx_word' id='word_1_152' title='bbox 550 2197 705 2254; x_wconf 80' lang='lat' dir='ltr'><strong>utilia</strong></span> <span class='ocrx_word' id='word_1_153' title='bbox 732 2213 798 2261; x_wconf 83' lang='lat' dir='ltr'><strong>ac</strong></span> <span class='ocrx_word' id='word_1_154' title='bbox 822 2208 1027 2255; x_wconf 71' lang='lat' dir='ltr'><strong>sancta:</strong></span> <span class='ocrx_word' id='word_1_155' title='bbox 1052 2199 1150 2256; x_wconf 89' lang='lat' dir='ltr'><strong>Dei</strong></span> <span class='ocrx_word' id='word_1_156' title='bbox 1195 2199 1450 2257; x_wconf 68' lang='lat' dir='ltr'><strong>Ecclesiae</strong></span> <span class='ocrx_word' id='word_1_157' title='bbox 1482 2214 1617 2270; x_wconf 86' lang='lat' dir='ltr'><strong>pro-</strong></span> 
     </span>
    </p>
   </div>
   <div class='ocr_carea' id='block_1_26' title="bbox 78 2288 1614 2359">
    <p class='ocr_par' dir='ltr' id='par_1_26' title="bbox 78 2288 1614 2359">
     <span class='ocr_line' id='line_1_26' title="bbox 78 2288 1614 2359; baseline 0.003 -17"><span class='ocrx_word' id='word_1_158' title='bbox 78 2288 216 2343; x_wconf 76' lang='lat' dir='ltr'><strong>futura</strong></span> <span class='ocrx_word' id='word_1_159' title='bbox 252 2288 614 2347; x_wconf 88' lang='lat' dir='ltr'><strong>saluberrimo</strong></span> <span class='ocrx_word' id='word_1_160' title='bbox 644 2299 944 2350; x_wconf 86' lang='lat' dir='ltr'><strong>tractantes</strong></span> <span class='ocrx_word' id='word_1_161' title='bbox 972 2294 1221 2359; x_wconf 90' lang='lat' dir='ltr'><strong>consilio,</strong></span> <span class='ocrx_word' id='word_1_162' title='bbox 1249 2293 1394 2350; x_wconf 88' lang='lat' dir='ltr'><strong>inter</strong></span> <span class='ocrx_word' id='word_1_163' title='bbox 1417 2301 1614 2350; x_wconf 79' lang='lat' dir='ltr'><strong>czetera</strong></span> 
     </span>
    </p>
   </div>
   <div class='ocr_carea' id='block_1_27' title="bbox 80 2383 1616 2448">
    <p class='ocr_par' dir='ltr' id='par_1_27' title="bbox 80 2383 1616 2448">
     <span class='ocr_line' id='line_1_27' title="bbox 80 2383 1616 2448; baseline 0.005 -13"><span class='ocrx_word' id='word_1_164' title='bbox 80 2395 166 2448; x_wconf 71' lang='lat' dir='ltr'><strong>qua:</strong></span> <span class='ocrx_word' id='word_1_165' title='bbox 208 2389 534 2448; x_wconf 86' lang='lat' dir='ltr'><strong>statuerunt,</strong></span> <span class='ocrx_word' id='word_1_166' title='bbox 586 2383 690 2440; x_wconf 83' lang='lat' dir='ltr'><strong>hoc</strong></span> <span class='ocrx_word' id='word_1_167' title='bbox 740 2384 976 2441; x_wconf 76' lang='lat' dir='ltr'><strong>maxime</strong></span> <span class='ocrx_word' id='word_1_168' title='bbox 1027 2386 1398 2443; x_wconf 83' lang='lat' dir='ltr'><strong>necessarium</strong></span> <span class='ocrx_word' id='word_1_169' title='bbox 1422 2393 1486 2448; x_wconf 83' lang='lat' dir='ltr'><strong>et</strong></span> <span class='ocrx_word' id='word_1_170' title='bbox 1533 2386 1616 2447; x_wconf 83' lang='lat' dir='ltr'><strong>in-</strong></span> 
     </span>
    </p>
   </div>
   <div class='ocr_carea' id='block_1_28' title="bbox 78 2472 1617 2547">
    <p class='ocr_par' dir='ltr' id='par_1_28' title="bbox 78 2472 1617 2547">
     <span class='ocr_line' id='line_1_28' title="bbox 78 2472 1617 2547; baseline 0.005 -22"><span class='ocrx_word' id='word_1_171' title='bbox 78 2472 309 2542; x_wconf 78' lang='lat' dir='ltr'><strong>stanti-pro</strong></span> <span class='ocrx_word' id='word_1_172' title='bbox 330 2472 516 2529; x_wconf 84' lang='lat' dir='ltr'><strong>dolor!</strong></span> <span class='ocrx_word' id='word_1_173' title='bbox 544 2482 782 2545; x_wconf 89' lang='lat' dir='ltr'><strong>tempore</strong></span> <span class='ocrx_word' id='word_1_174' title='bbox 795 2490 893 2546; x_wconf 84' lang='lat' dir='ltr'><strong>per</strong></span> <span class='ocrx_word' id='word_1_175' title='bbox 907 2476 1226 2533; x_wconf 78' lang='lat' dir='ltr'><strong>abusionem</strong></span> <span class='ocrx_word' id='word_1_176' title='bbox 1244 2476 1465 2547; x_wconf 87' lang='lat' dir='ltr'><strong>frequen</strong></span> <span class='ocrx_word' id='word_1_177' title='bbox 1473 2476 1617 2533; x_wconf 85' lang='lat' dir='ltr'><strong>tissi-</strong></span> 
     </span>
    </p>
   </div>
   <div class='ocr_carea' id='block_1_29' title="bbox 79 2563 1619 2635">
    <p class='ocr_par' dir='ltr' id='par_1_29' title="bbox 79 2563 1619 2635">
     <span class='ocr_line' id='line_1_29' title="bbox 79 2563 1619 2635; baseline 0.005 -21"><span class='ocrx_word' id='word_1_178' title='bbox 79 2578 208 2628; x_wconf 85' lang='lat' dir='ltr'><strong>mum,</strong></span> <span class='ocrx_word' id='word_1_179' title='bbox 233 2564 568 2635; x_wconf 79' lang='lat' dir='ltr'><strong>cognationis</strong></span> <span class='ocrx_word' id='word_1_180' title='bbox 598 2563 866 2621; x_wconf 86' lang='lat' dir='ltr'><strong>incestum</strong></span> <span class='ocrx_word' id='word_1_181' title='bbox 913 2580 1128 2622; x_wconf 87' lang='lat' dir='ltr'><strong>summa</strong></span> <span class='ocrx_word' id='word_1_182' title='bbox 1175 2566 1394 2623; x_wconf 85' lang='lat' dir='ltr'><strong>cautela</strong></span> <span class='ocrx_word' id='word_1_183' title='bbox 1446 2567 1619 2623; x_wconf 78' lang='lat' dir='ltr'><strong>vitan-</strong></span> 
     </span>
    </p>
   </div>
   <div class='ocr_carea' id='block_1_30' title="bbox 77 2651 1617 2721">
    <p class='ocr_par' dir='ltr' id='par_1_30' title="bbox 77 2651 1617 2721">
     <span class='ocr_line' id='line_1_30' title="bbox 77 2651 1617 2721; baseline 0.005 -16"><span class='ocrx_word' id='word_1_184' title='bbox 77 2651 170 2705; x_wconf 71' lang='lat' dir='ltr'><strong>dum</strong></span> <span class='ocrx_word' id='word_1_185' title='bbox 192 2652 562 2720; x_wconf 79' lang='lat' dir='ltr'><strong>ﬁrmaverunt;</strong></span> <span class='ocrx_word' id='word_1_186' title='bbox 592 2654 696 2709; x_wconf 90' lang='lat' dir='ltr'><strong>hoc</strong></span> <span class='ocrx_word' id='word_1_187' title='bbox 739 2662 842 2721; x_wconf 88' lang='lat' dir='ltr'><strong>est,</strong></span> <span class='ocrx_word' id='word_1_188' title='bbox 872 2669 941 2710; x_wconf 89' lang='lat' dir='ltr'><strong>ne</strong></span> <span class='ocrx_word' id='word_1_189' title='bbox 986 2655 1128 2712; x_wconf 88' lang='lat' dir='ltr'><strong>ullus</strong></span> <span class='ocrx_word' id='word_1_190' title='bbox 1169 2656 1503 2713; x_wconf 77' lang='lat' dir='ltr'><strong>christianos</strong></span> <span class='ocrx_word' id='word_1_191' title='bbox 1532 2656 1617 2713; x_wconf 90' lang='lat' dir='ltr'><strong>in-</strong></span> 
     </span>
    </p>
   </div>
   <div class='ocr_carea' id='block_1_31' title="bbox 80 2743 1618 2822">
    <p class='ocr_par' dir='ltr' id='par_1_31' title="bbox 80 2743 1618 2822">
     <span class='ocr_line' id='line_1_31' title="bbox 80 2743 1618 2822; baseline 0.009 -28"><span class='ocrx_word' id='word_1_192' title='bbox 80 2743 137 2795; x_wconf 79' lang='lat' dir='ltr'><strong>ira</strong></span> <span class='ocrx_word' id='word_1_193' title='bbox 156 2744 375 2813; x_wconf 81' lang='lat' dir='ltr'><strong>quintam</strong></span> <span class='ocrx_word' id='word_1_194' title='bbox 400 2744 497 2777; x_wconf 71' lang='grc'><strong>⁸³⁸⁷</strong></span> <span class='ocrx_word' id='word_1_195' title='bbox 526 2745 934 2817; x_wconf 80' lang='lat' dir='ltr'><strong>generationem</strong></span> <span class='ocrx_word' id='word_1_196' title='bbox 961 2747 1180 2818; x_wconf 86' lang='lat' dir='ltr'><strong>nuptias</strong></span> <span class='ocrx_word' id='word_1_197' title='bbox 1201 2747 1458 2821; x_wconf 78' lang='lat' dir='ltr'><strong>capulare</strong></span> <span class='ocrx_word' id='word_1_198' title='bbox 1478 2764 1618 2822; x_wconf 62' lang='grc' dir='ltr'><strong>ιπε-</strong></span> 
     </span>
    </p>
   </div>
   <div class='ocr_carea' id='block_1_32' title="bbox 83 2841 235 2888">
    <p class='ocr_par' dir='ltr' id='par_1_32' title="bbox 83 2841 235 2888">
     <span class='ocr_line' id='line_1_32' title="bbox 83 2841 235 2888; baseline 0.02 -3"><span class='ocrx_word' id='word_1_199' title='bbox 83 2841 235 2888; x_wconf 66' lang='grc' dir='ltr'><strong>ευηιηι.</strong></span> 
     </span>
    </p>
   </div>
   <div class='ocr_carea' id='block_1_33' title="bbox 131 2924 1618 3001">
    <p class='ocr_par' dir='ltr' id='par_1_33' title="bbox 131 2924 1618 3001">
     <span class='ocr_line' id='line_1_33' title="bbox 131 2924 1618 3001; baseline 0.009 -23"><span class='ocrx_word' id='word_1_200' title='bbox 131 2924 176 2979; x_wconf 78' lang='lat'><strong>9..</strong></span> <span class='ocrx_word' id='word_1_201' title='bbox 200 2926 320 2983; x_wconf 89' lang='lat' dir='ltr'><strong>item</strong></span> <span class='ocrx_word' id='word_1_202' title='bbox 344 2927 570 2999; x_wconf 85' lang='lat' dir='ltr'><strong>placuit,</strong></span> <span class='ocrx_word' id='word_1_203' title='bbox 601 2936 661 2984; x_wconf 91' lang='lat' dir='ltr'><strong>ut</strong></span> <span class='ocrx_word' id='word_1_204' title='bbox 700 2928 846 2986; x_wconf 83' lang='lat' dir='ltr'><strong>sicut</strong></span> <span class='ocrx_word' id='word_1_205' title='bbox 880 2930 1302 3001; x_wconf 73' lang='lat' dir='ltr'><strong>prmcedentium</strong></span> <span class='ocrx_word' id='word_1_206' title='bbox 1329 2930 1618 2991; x_wconf 81' lang='lat' dir='ltr'><strong>sententiis</strong></span> 
     </span>
    </p>
   </div>
   <div class='ocr_carea' id='block_1_34' title="bbox 83 3018 1615 3093">
    <p class='ocr_par' dir='ltr' id='par_1_34' title="bbox 83 3018 1615 3093">
     <span class='ocr_line' id='line_1_34' title="bbox 83 3018 1615 3093; baseline 0.007 -25"><span class='ocrx_word' id='word_1_207' title='bbox 83 3024 247 3084; x_wconf 79' lang='lat' dir='ltr'><strong>patrum</strong></span> <span class='ocrx_word' id='word_1_208' title='bbox 276 3018 544 3085; x_wconf 82' lang='lat' dir='ltr'><strong>ﬁrmatur,</strong></span> <span class='ocrx_word' id='word_1_209' title='bbox 575 3019 755 3077; x_wconf 90' lang='lat' dir='ltr'><strong>nullus</strong></span> <span class='ocrx_word' id='word_1_210' title='bbox 786 3022 1066 3093; x_wconf 85' lang='lat' dir='ltr'><strong>proprium</strong></span> <span class='ocrx_word' id='word_1_211' title='bbox 1100 3021 1268 3077; x_wconf 87' lang='lat' dir='ltr'><strong>lilium</strong></span> <span class='ocrx_word' id='word_1_212' title='bbox 1313 3020 1401 3078; x_wconf 86' lang='lat' dir='ltr'><strong>vel</strong></span> <span class='ocrx_word' id='word_1_213' title='bbox 1446 3022 1615 3079; x_wconf 68' lang='lat' dir='ltr'><strong>tiliam</strong></span> 
     </span>
    </p>
   </div>
   <div class='ocr_carea' id='block_1_35' title="bbox 86 3106 1617 3183">
    <p class='ocr_par' dir='ltr' id='par_1_35' title="bbox 86 3106 1617 3183">
     <span class='ocr_line' id='line_1_35' title="bbox 86 3106 1617 3183; baseline 0.009 -23"><span class='ocrx_word' id='word_1_214' title='bbox 86 3124 105 3160; x_wconf 82' lang='lat' dir='ltr'><strong>a</strong></span> <span class='ocrx_word' id='word_1_215' title='bbox 126 3106 245 3165; x_wconf 83' lang='lat' dir='ltr'><strong>fonte</strong></span> <span class='ocrx_word' id='word_1_216' title='bbox 279 3111 620 3181; x_wconf 83' lang='lat' dir='ltr'><strong>baptismatis</strong></span> <span class='ocrx_word' id='word_1_217' title='bbox 649 3112 932 3183; x_wconf 84' lang='lat' dir='ltr'><strong>suscipiat,</strong></span> <span class='ocrx_word' id='word_1_218' title='bbox 962 3129 1064 3171; x_wconf 91' lang='lat' dir='ltr'><strong>nec</strong></span> <span class='ocrx_word' id='word_1_219' title='bbox 1090 3113 1313 3170; x_wconf 82' lang='lat' dir='ltr'><strong>ﬁliolam</strong></span> <span class='ocrx_word' id='word_1_220' title='bbox 1342 3129 1442 3172; x_wconf 89' lang='lat' dir='ltr'><strong>nec</strong></span> <span class='ocrx_word' id='word_1_221' title='bbox 1468 3131 1617 3173; x_wconf 73' lang='lat' dir='ltr'><strong>coan-</strong></span> 
     </span>
    </p>
   </div>
   <div class='ocr_carea' id='block_1_36' title="bbox 87 3202 1619 3277">
    <p class='ocr_par' dir='ltr' id='par_1_36' title="bbox 87 3202 1619 3277">
     <span class='ocr_line' id='line_1_36' title="bbox 87 3202 1619 3277; baseline 0.01 -27"><span class='ocrx_word' id='word_1_222' title='bbox 87 3209 264 3256; x_wconf 80' lang='lat' dir='ltr'><strong>nialrem</strong></span> <span class='ocrx_word' id='word_1_223' title='bbox 288 3202 447 3258; x_wconf 84' lang='lat' dir='ltr'><strong>ducat</strong></span> <span class='ocrx_word' id='word_1_224' title='bbox 498 3220 748 3273; x_wconf 79' lang='lat' dir='ltr'><strong>uxorem,</strong></span> <span class='ocrx_word' id='word_1_225' title='bbox 794 3220 896 3261; x_wconf 89' lang='lat' dir='ltr'><strong>nec</strong></span> <span class='ocrx_word' id='word_1_226' title='bbox 921 3204 1067 3261; x_wconf 91' lang='lat' dir='ltr'><strong>illam</strong></span> <span class='ocrx_word' id='word_1_227' title='bbox 1101 3206 1255 3277; x_wconf 85' lang='lat' dir='ltr'><strong>cujus</strong></span> <span class='ocrx_word' id='word_1_228' title='bbox 1307 3205 1475 3263; x_wconf 80' lang='lat' dir='ltr'><strong>filium</strong></span> <span class='ocrx_word' id='word_1_229' title='bbox 1522 3217 1619 3265; x_wconf 87' lang='lat' dir='ltr'><strong>aut</strong></span> 
     </span>
    </p>
   </div>
   <div class='ocr_carea' id='block_1_37' title="bbox 86 3287 1617 3356">
    <p class='ocr_par' dir='ltr' id='par_1_37' title="bbox 86 3287 1617 3356">
     <span class='ocr_line' id='line_1_37' title="bbox 86 3287 1617 3356; baseline 0.011 -17"><span class='ocrx_word' id='word_1_230' title='bbox 86 3287 210 3346; x_wconf 84' lang='lat' dir='ltr'><strong>ﬁliam</strong></span> <span class='ocrx_word' id='word_1_231' title='bbox 230 3292 290 3347; x_wconf 81' lang='lat' dir='ltr'><strong>ad</strong></span> <span class='ocrx_word' id='word_1_232' title='bbox 316 3294 783 3355; x_wconf 83' lang='lat' dir='ltr'><strong>conﬁrmationem</strong></span> <span class='ocrx_word' id='word_1_233' title='bbox 814 3294 1049 3355; x_wconf 77' lang='lat' dir='ltr'><strong>duxerit.</strong></span> <span class='ocrx_word' id='word_1_234' title='bbox 1077 3296 1180 3354; x_wconf 88' lang='lat' dir='ltr'><strong>Ubi</strong></span> <span class='ocrx_word' id='word_1_235' title='bbox 1202 3308 1382 3355; x_wconf 89' lang='lat' dir='ltr'><strong>autem</strong></span> <span class='ocrx_word' id='word_1_236' title='bbox 1412 3298 1617 3356; x_wconf 81' lang='lat' dir='ltr'><strong>factum</strong></span> 
     </span>
    </p>
   </div>
   <div class='ocr_carea' id='block_1_38' title="bbox 86 3378 1123 3455">
    <p class='ocr_par' dir='ltr' id='par_1_38' title="bbox 86 3378 1123 3455">
     <span class='ocr_line' id='line_1_38' title="bbox 86 3378 1123 3455; baseline 0.018 -23"><span class='ocrx_word' id='word_1_237' title='bbox 86 3378 223 3446; x_wconf 85' lang='lat' dir='ltr'><strong>fuerit,</strong></span> <span class='ocrx_word' id='word_1_238' title='bbox 250 3397 583 3455; x_wconf 80' lang='lat' dir='ltr'><strong>separentur.</strong></span> <span class='ocrx_word' id='word_1_239' title='bbox 1120 3448 1123 3451; x_wconf 89' lang='lat'><strong>.</strong></span> 
     </span>
    </p>
   </div>
   <div class='ocr_carea' id='block_1_39' title="bbox 136 3473 1619 3553">
    <p class='ocr_par' dir='ltr' id='par_1_39' title="bbox 136 3473 1619 3553">
     <span class='ocr_line' id='line_1_39' title="bbox 136 3473 1619 3553; baseline 0.011 -27"><span class='ocrx_word' id='word_1_240' title='bbox 136 3473 178 3528; x_wconf 79' lang='lat'><strong>3.</strong></span> <span class='ocrx_word' id='word_1_241' title='bbox 214 3474 280 3533; x_wconf 89' lang='lat' dir='ltr'><strong>De</strong></span> <span class='ocrx_word' id='word_1_242' title='bbox 324 3489 535 3551; x_wconf 90' lang='lat' dir='ltr'><strong>eo,_ut</strong></span> <span class='ocrx_word' id='word_1_243' title='bbox 575 3495 684 3537; x_wconf 86' lang='lat' dir='ltr'><strong>non</strong></span> <span class='ocrx_word' id='word_1_244' title='bbox 739 3480 921 3552; x_wconf 83' lang='lat' dir='ltr'><strong>plures</strong></span> <span class='ocrx_word' id='word_1_245' title='bbox 970 3481 1039 3538; x_wconf 93' lang='lat' dir='ltr'><strong>ad</strong></span> <span class='ocrx_word' id='word_1_246' title='bbox 1089 3483 1498 3553; x_wconf 88' lang='lat' dir='ltr'><strong>suscipiendum</strong></span> <span class='ocrx_word' id='word_1_247' title='bbox 1551 3484 1619 3542; x_wconf 88' lang='lat' dir='ltr'><strong>de</strong></span> 
     </span>
    </p>
   </div>
   <div class='ocr_carea' id='block_1_40' title="bbox 86 3562 1619 3643">
    <p class='ocr_par' dir='ltr' id='par_1_40' title="bbox 86 3562 1619 3643">
     <span class='ocr_line' id='line_1_40' title="bbox 86 3562 1619 3643; baseline 0.008 -27"><span class='ocrx_word' id='word_1_248' title='bbox 86 3562 301 3633; x_wconf 79' lang='lat' dir='ltr'><strong>baptismo</strong></span> <span class='ocrx_word' id='word_1_249' title='bbox 347 3568 607 3626; x_wconf 78' lang='lat' dir='ltr'><strong>infantem</strong></span> <span class='ocrx_word' id='word_1_250' title='bbox 656 3573 938 3637; x_wconf 84' lang='lat' dir='ltr'><strong>accedam,</strong></span> <span class='ocrx_word' id='word_1_251' title='bbox 988 3588 1153 3643; x_wconf 89' lang='lat' dir='ltr'><strong>quam</strong></span> <span class='ocrx_word' id='word_1_252' title='bbox 1204 3589 1343 3630; x_wconf 89' lang='lat' dir='ltr'><strong>unus</strong></span> <span class='ocrx_word' id='word_1_253' title='bbox 1389 3575 1504 3629; x_wconf 88' lang='lat' dir='ltr'><strong>sive</strong></span> <span class='ocrx_word' id='word_1_254' title='bbox 1534 3573 1619 3629; x_wconf 85' lang='lat' dir='ltr'><strong>vir</strong></span> 
     </span>
    </p>
   </div>
   <div class='ocr_carea' id='block_1_41' title="bbox 90 3742 171 3801">
    <p class='ocr_par' dir='ltr' id='par_1_41' title="bbox 90 3742 171 3801">
     <span class='ocr_line' id='line_1_41' title="bbox 90 3742 171 3801; baseline 0.086 -6"><span class='ocrx_word' id='word_1_255' title='bbox 90 3742 171 3801; x_wconf 77' lang='lat' dir='ltr'><strong>ﬁat.</strong></span> 
     </span>
    </p>
   </div>
   <div class='ocr_carea' id='block_1_42' title="bbox 139 3836 1616 3921">
    <p class='ocr_par' dir='ltr' id='par_1_42' title="bbox 139 3836 1616 3921">
     <span class='ocr_line' id='line_1_42' title="bbox 139 3836 1616 3921; baseline 0.006 -27"><span class='ocrx_word' id='word_1_256' title='bbox 139 3836 373 3911; x_wconf 74' lang='lat' dir='ltr'><strong>i.(Conc.</strong></span> <span class='ocrx_word' id='word_1_257' title='bbox 413 3845 627 3901; x_wconf 83' lang='lat' dir='ltr'><strong>Tribur.</strong></span> <span class='ocrx_word' id='word_1_258' title='bbox 671 3861 723 3904; x_wconf 92' lang='lat' dir='ltr'><strong>e.</strong></span> <span class='ocrx_word' id='word_1_259' title='bbox 753 3846 869 3918; x_wconf 79' lang='lat'><strong>51.)</strong></span> <span class='ocrx_word' id='word_1_260' title='bbox 909 3845 967 3903; x_wconf 88' lang='lat' dir='ltr'><strong>Si</strong></span> <span class='ocrx_word' id='word_1_261' title='bbox 997 3847 1194 3905; x_wconf 90' lang='lat' dir='ltr'><strong>mulier</strong></span> <span class='ocrx_word' id='word_1_262' title='bbox 1222 3848 1438 3905; x_wconf 80' lang='lat' dir='ltr'><strong>vivente</strong></span> <span class='ocrx_word' id='word_1_263' title='bbox 1484 3848 1616 3921; x_wconf 81' lang='lat' dir='ltr'><strong>legi-</strong></span> 
     </span>
    </p>
   </div>
   <div class='ocr_carea' id='block_1_43' title="bbox 94 3924 1615 3996">
    <p class='ocr_par' dir='ltr' id='par_1_43' title="bbox 94 3924 1615 3996">
     <span class='ocr_line' id='line_1_43' title="bbox 94 3924 1615 3996; baseline 0.011 -17"><span class='ocrx_word' id='word_1_264' title='bbox 94 3926 190 3987; x_wconf 78' lang='lat' dir='ltr'><strong>timo</strong></span> <span class='ocrx_word' id='word_1_265' title='bbox 211 3934 313 3990; x_wconf 91' lang='lat' dir='ltr'><strong>viro</strong></span> <span class='ocrx_word' id='word_1_266' title='bbox 357 3937 423 3991; x_wconf 87' lang='lat' dir='ltr'><strong>ab</strong></span> <span class='ocrx_word' id='word_1_267' title='bbox 471 3938 643 3994; x_wconf 91' lang='lat' dir='ltr'><strong>altero</strong></span> <span class='ocrx_word' id='word_1_268' title='bbox 692 3937 943 3995; x_wconf 81' lang='lat' dir='ltr'><strong>fortassis</strong></span> <span class='ocrx_word' id='word_1_269' title='bbox 974 3924 1165 3995; x_wconf 87' lang='lat' dir='ltr'><strong>contra</strong></span> <span class='ocrx_word' id='word_1_270' title='bbox 1195 3938 1279 3996; x_wconf 88' lang='lat' dir='ltr'><strong>fas</strong></span> <span class='ocrx_word' id='word_1_271' title='bbox 1308 3939 1615 3996; x_wconf 81' lang='lat' dir='ltr'><strong>adulterata</strong></span> 
     </span>
    </p>
   </div>
   <div class='ocr_carea' id='block_1_44' title="bbox 94 4016 1617 4105">
    <p class='ocr_par' dir='ltr' id='par_1_44' title="bbox 94 4016 1617 4105">
     <span class='ocr_line' id='line_1_44' title="bbox 94 4016 1617 4105; baseline 0.012 -36"><span class='ocrx_word' id='word_1_272' title='bbox 94 4016 233 4089; x_wconf 84' lang='lat' dir='ltr'><strong>luerit,</strong></span> <span class='ocrx_word' id='word_1_273' title='bbox 265 4042 361 4083; x_wconf 92' lang='lat' dir='ltr'><strong>non</strong></span> <span class='ocrx_word' id='word_1_274' title='bbox 400 4029 559 4087; x_wconf 91' lang='lat' dir='ltr'><strong>liceat</strong></span> <span class='ocrx_word' id='word_1_275' title='bbox 589 4029 665 4085; x_wconf 94' lang='lat' dir='ltr'><strong>illi</strong></span> <span class='ocrx_word' id='word_1_276' title='bbox 694 4030 960 4097; x_wconf 84' lang='lat' dir='ltr'><strong>adultero,</strong></span> <span class='ocrx_word' id='word_1_277' title='bbox 990 4030 1240 4087; x_wconf 77' lang='lat' dir='ltr'><strong>fortassis</strong></span> <span class='ocrx_word' id='word_1_278' title='bbox 1263 4032 1308 4087; x_wconf 92' lang='lat' dir='ltr'><strong>si</strong></span> <span class='ocrx_word' id='word_1_279' title='bbox 1345 4031 1617 4105; x_wconf 79' lang='lat' dir='ltr'><strong>legitimus</strong></span> 
     </span>
    </p>
   </div>
   <div class='ocr_carea' id='block_1_45' title="bbox 94 4115 1615 4197">
    <p class='ocr_par' dir='ltr' id='par_1_45' title="bbox 94 4115 1615 4197">
     <span class='ocr_line' id='line_1_45' title="bbox 94 4115 1615 4197; baseline 0.012 -33"><span class='ocrx_word' id='word_1_280' title='bbox 94 4115 173 4169; x_wconf 84' lang='lat' dir='ltr'><strong>vita</strong></span> <span class='ocrx_word' id='word_1_281' title='bbox 214 4120 525 4192; x_wconf 88' lang='lat' dir='ltr'><strong>decesserit,</strong></span> <span class='ocrx_word' id='word_1_282' title='bbox 562 4124 709 4181; x_wconf 90' lang='lat' dir='ltr'><strong>illam</strong></span> <span class='ocrx_word' id='word_1_283' title='bbox 754 4141 917 4196; x_wconf 89' lang='lat' dir='ltr'><strong>quam</strong></span> <span class='ocrx_word' id='word_1_284' title='bbox 958 4125 1109 4196; x_wconf 89' lang='lat' dir='ltr'><strong>prius</strong></span> <span class='ocrx_word' id='word_1_285' title='bbox 1155 4127 1425 4197; x_wconf 87' lang='lat' dir='ltr'><strong>stupravit</strong></span> <span class='ocrx_word' id='word_1_286' title='bbox 1457 4134 1615 4196; x_wconf 59' lang='grc' dir='ltr'><strong>ιωαξ-</strong></span> 
     </span>
    </p>
   </div>
   <div class='ocr_carea' id='block_1_46' title="bbox 95 4205 1612 4289">
    <p class='ocr_par' dir='ltr' id='par_1_46' title="bbox 95 4205 1612 4289">
     <span class='ocr_line' id='line_1_46' title="bbox 95 4205 1612 4289; baseline 0.011 -32"><span class='ocrx_word' id='word_1_287' title='bbox 95 4205 213 4263; x_wconf 74' lang='lat' dir='ltr'><strong>Citam</strong></span> <span class='ocrx_word' id='word_1_288' title='bbox 230 4211 453 4283; x_wconf 75' lang='lat' dir='ltr'><strong>legitimo</strong></span> <span class='ocrx_word' id='word_1_289' title='bbox 483 4218 697 4274; x_wconf 88' lang='lat' dir='ltr'><strong>sociare</strong></span> <span class='ocrx_word' id='word_1_290' title='bbox 731 4214 1003 4289; x_wconf 75' lang='lat' dir='ltr'><strong>coniugio,</strong></span> <span class='ocrx_word' id='word_1_291' title='bbox 1030 4218 1127 4274; x_wconf 88' lang='lat' dir='ltr'><strong>sed</strong></span> <span class='ocrx_word' id='word_1_292' title='bbox 1153 4219 1199 4275; x_wconf 90' lang='lat' dir='ltr'><strong>si</strong></span> <span class='ocrx_word' id='word_1_293' title='bbox 1229 4219 1333 4276; x_wconf 91' lang='lat' dir='ltr'><strong>hoc</strong></span> <span class='ocrx_word' id='word_1_294' title='bbox 1362 4218 1612 4285; x_wconf 82' lang='lat' dir='ltr'><strong>fecerint,</strong></span> 
     </span>
    </p>
   </div>
   <div class='ocr_carea' id='block_1_47' title="bbox 94 4302 994 4379">
    <p class='ocr_par' dir='ltr' id='par_1_47' title="bbox 94 4302 994 4379">
     <span class='ocr_line' id='line_1_47' title="bbox 94 4302 994 4379; baseline 0.012 -29"><span class='ocrx_word' id='word_1_295' title='bbox 94 4302 279 4364; x_wconf 71' lang='lat' dir='ltr'><strong>separati</strong></span> <span class='ocrx_word' id='word_1_296' title='bbox 303 4305 618 4373; x_wconf 61' lang='lat' dir='ltr'><strong>paenitentiae</strong></span> <span class='ocrx_word' id='word_1_297' title='bbox 656 4306 994 4379; x_wconf 84' lang='lat' dir='ltr'><strong>suhjaceant.</strong></span> 
     </span>
    </p>
   </div>
   <div class='ocr_carea' id='block_1_48' title="bbox 116 4386 1619 4484">
    <p class='ocr_par' dir='ltr' id='par_1_48' title="bbox 116 4386 1619 4484">
     <span class='ocr_line' id='line_1_48' title="bbox 116 4386 1619 4484; baseline 0.011 -42"><span class='ocrx_word' id='word_1_298' title='bbox 116 4473 125 4484; x_wconf 23' lang='grc' dir='ltr'><em>ὓ</em></span> <span class='ocrx_word' id='word_1_299' title='bbox 144 4386 184 4443; x_wconf 85' lang='grc'><strong>5.</strong></span> <span class='ocrx_word' id='word_1_300' title='bbox 207 4390 265 4448; x_wconf 87' lang='lat' dir='ltr'><strong>Ut</strong></span> <span class='ocrx_word' id='word_1_301' title='bbox 288 4396 782 4458; x_wconf 54' lang='lat' dir='ltr'><strong>ecclesiasticarum</strong></span> <span class='ocrx_word' id='word_1_302' title='bbox 804 4414 986 4457; x_wconf 89' lang='lat' dir='ltr'><strong>rerum</strong></span> <span class='ocrx_word' id='word_1_303' title='bbox 1002 4400 1206 4474; x_wconf 79' lang='lat' dir='ltr'><strong>judicia</strong></span> <span class='ocrx_word' id='word_1_304' title='bbox 1228 4401 1296 4458; x_wconf 91' lang='lat' dir='ltr'><strong>ad</strong></span> <span class='ocrx_word' id='word_1_305' title='bbox 1326 4400 1479 4459; x_wconf 81' lang='lat' dir='ltr'><strong>solos</strong></span> <span class='ocrx_word' id='word_1_306' title='bbox 1496 4417 1619 4476; x_wconf 88' lang='lat' dir='ltr'><strong>per-</strong></span> 
     </span>
    </p>
   </div>
   <div class='ocr_carea' id='block_1_49' title="bbox 100 4482 584 4562">
    <p class='ocr_par' dir='ltr' id='par_1_49' title="bbox 100 4482 584 4562">
     <span class='ocr_line' id='line_1_49' title="bbox 100 4482 584 4562; baseline 0.033 -29"><span class='ocrx_word' id='word_1_307' title='bbox 100 4482 263 4537; x_wconf 76' lang='lat' dir='ltr'><strong>tineant</strong></span> <span class='ocrx_word' id='word_1_308' title='bbox 290 4487 584 4562; x_wconf 88' lang='lat' dir='ltr'><strong>episcopos.</strong></span> 
     </span>
    </p>
   </div>
   <div class='ocr_carea' id='block_1_50' title="bbox 147 4570 1617 4665">
    <p class='ocr_par' dir='ltr' id='par_1_50' title="bbox 147 4570 1617 4665">
     <span class='ocr_line' id='line_1_50' title="bbox 147 4570 1617 4665; baseline 0.011 -40"><span class='ocrx_word' id='word_1_309' title='bbox 147 4570 189 4625; x_wconf 87' lang='lat'><strong>6.</strong></span> <span class='ocrx_word' id='word_1_310' title='bbox 232 4574 333 4635; x_wconf 87' lang='lat' dir='ltr'><strong>iloc</strong></span> <span class='ocrx_word' id='word_1_311' title='bbox 376 4597 585 4655; x_wconf 89' lang='lat' dir='ltr'><strong>quoque</strong></span> <span class='ocrx_word' id='word_1_312' title='bbox 628 4593 893 4657; x_wconf 79' lang='lat' dir='ltr'><strong>statutum</strong></span> <span class='ocrx_word' id='word_1_313' title='bbox 933 4594 1038 4654; x_wconf 88' lang='lat' dir='ltr'><strong>est,</strong></span> <span class='ocrx_word' id='word_1_314' title='bbox 1068 4586 1325 4665; x_wconf 84' lang='lat' dir='ltr'><strong>quatinus</strong></span> <span class='ocrx_word' id='word_1_315' title='bbox 1357 4584 1617 4641; x_wconf 74' lang='lat' dir='ltr'><strong>mcclesiae</strong></span> 
     </span>
    </p>
   </div>
   <div class='ocr_carea' id='block_1_51' title="bbox 103 4672 1616 4749">
    <p class='ocr_par' dir='ltr' id='par_1_51' title="bbox 103 4672 1616 4749">
     <span class='ocr_line' id='line_1_51' title="bbox 103 4672 1616 4749; baseline 0.007 -27"><span class='ocrx_word' id='word_1_316' title='bbox 103 4672 486 4749; x_wconf 57' lang='lat' dir='ltr'><strong>tinorumcunque</strong></span> <span class='ocrx_word' id='word_1_317' title='bbox 517 4678 905 4734; x_wconf 80' lang='lat' dir='ltr'><strong>inonachorum</strong></span> <span class='ocrx_word' id='word_1_318' title='bbox 940 4678 993 4733; x_wconf 84' lang='lat' dir='ltr'><strong>in</strong></span> <span class='ocrx_word' id='word_1_319' title='bbox 1020 4678 1248 4749; x_wconf 78' lang='lat' dir='ltr'><strong>singulis</strong></span> <span class='ocrx_word' id='word_1_320' title='bbox 1289 4677 1616 4749; x_wconf 80' lang='lat' dir='ltr'><strong>parrcechiis</strong></span> 
     </span>
    </p>
   </div>
   <div class='ocr_carea' id='block_1_52' title="bbox 1723 1101 3307 1176">
    <p class='ocr_par' dir='ltr' id='par_1_52' title="bbox 1723 1101 3307 1176">
     <span class='ocr_line' id='line_1_52' title="bbox 1723 1101 3307 1176; baseline -0.001 -18"><span class='ocrx_word' id='word_1_321' title='bbox 1723 1103 2040 1161; x_wconf 67' lang='lat' dir='ltr'><strong>clesiaslicze</strong></span> <span class='ocrx_word' id='word_1_322' title='bbox 2086 1120 2233 1160; x_wconf 72' lang='lat' dir='ltr'><strong>cura:</strong></span> <span class='ocrx_word' id='word_1_323' title='bbox 2276 1106 2510 1176; x_wconf 70' lang='lat' dir='ltr'><strong>negotiis</strong></span> <span class='ocrx_word' id='word_1_324' title='bbox 2554 1104 2783 1160; x_wconf 89' lang='lat' dir='ltr'><strong>sollicite</strong></span> <span class='ocrx_word' id='word_1_325' title='bbox 2828 1102 3140 1159; x_wconf 77' lang='lat' dir='ltr'><strong>exhibeant.</strong></span> <span class='ocrx_word' id='word_1_326' title='bbox 3198 1101 3307 1172; x_wconf 87' lang='lat' dir='ltr'><strong>ipsi</strong></span> 
     </span>
    </p>
   </div>
   <div class='ocr_carea' id='block_1_53' title="bbox 1722 1194 3305 1277">
    <p class='ocr_par' dir='ltr' id='par_1_53' title="bbox 1722 1194 3305 1277">
     <span class='ocr_line' id='line_1_53' title="bbox 1722 1194 3305 1277; baseline -0.003 -25"><span class='ocrx_word' id='word_1_327' title='bbox 1722 1197 1921 1266; x_wconf 20' lang='lat' dir='ltr'><strong>procul.</strong></span> <span class='ocrx_word' id='word_1_328' title='bbox 1962 1196 2128 1254; x_wconf 84' lang='lat' dir='ltr'><strong>dubio</strong></span> <span class='ocrx_word' id='word_1_329' title='bbox 2172 1198 2422 1260; x_wconf 86' lang='lat' dir='ltr'><strong>monachi</strong></span> <span class='ocrx_word' id='word_1_330' title='bbox 2472 1197 2742 1277; x_wconf 80' lang='lat' dir='ltr'><strong>episcOpis</strong></span> <span class='ocrx_word' id='word_1_331' title='bbox 2792 1197 2909 1253; x_wconf 90' lang='lat' dir='ltr'><strong>suis</strong></span> <span class='ocrx_word' id='word_1_332' title='bbox 2955 1197 3013 1252; x_wconf 89' lang='lat' dir='ltr'><strong>iu</strong></span> <span class='ocrx_word' id='word_1_333' title='bbox 3046 1194 3305 1251; x_wconf 83' lang='lat' dir='ltr'><strong>omnibus</strong></span> 
     </span>
    </p>
   </div>
   <div class='ocr_carea' id='block_1_54' title="bbox 1720 1290 2121 1348">
    <p class='ocr_par' dir='ltr' id='par_1_54' title="bbox 1720 1290 2121 1348">
     <span class='ocr_line' id='line_1_54' title="bbox 1720 1290 2121 1348; baseline -0.005 -2"><span class='ocrx_word' id='word_1_334' title='bbox 1720 1290 1978 1348; x_wconf 83' lang='lat' dir='ltr'><strong>ohediant</strong></span> <span class='ocrx_word' id='word_1_335' title='bbox 2008 1290 2121 1344; x_wconf 64' lang='grc' dir='ltr'>¹⁸⁸⁶ι</span> 
     </span>
    </p>
   </div>
   <div class='ocr_carea' id='block_1_55' title="bbox 1793 1374 3307 1451">
    <p class='ocr_par' dir='ltr' id='par_1_55' title="bbox 1793 1374 3307 1451">
     <span class='ocr_line' id='line_1_55' title="bbox 1793 1374 3307 1451; baseline -0.004 -17"><span class='ocrx_word' id='word_1_336' title='bbox 1793 1380 1845 1435; x_wconf 85' lang='grc'><strong>7.</strong></span> <span class='ocrx_word' id='word_1_337' title='bbox 1879 1380 2011 1435; x_wconf 88' lang='lat' dir='ltr'><strong>item</strong></span> <span class='ocrx_word' id='word_1_338' title='bbox 2039 1380 2433 1451; x_wconf 82' lang='lat' dir='ltr'><strong>interrOgatum</strong></span> <span class='ocrx_word' id='word_1_339' title='bbox 2471 1389 2594 1443; x_wconf 88' lang='lat' dir='ltr'><strong>est,</strong></span> <span class='ocrx_word' id='word_1_340' title='bbox 2647 1377 2778 1449; x_wconf 89' lang='lat' dir='ltr'><strong>quid</strong></span> <span class='ocrx_word' id='word_1_341' title='bbox 2807 1377 2873 1432; x_wconf 89' lang='lat' dir='ltr'><strong>de</strong></span> <span class='ocrx_word' id='word_1_342' title='bbox 2913 1391 2978 1433; x_wconf 87' lang='lat' dir='ltr'><strong>eo</strong></span> <span class='ocrx_word' id='word_1_343' title='bbox 3004 1374 3307 1432; x_wconf 85' lang='lat' dir='ltr'><strong>faciendum</strong></span> 
     </span>
    </p>
   </div>
   <div class='ocr_carea' id='block_1_56' title="bbox 1720 1464 3307 1541">
    <p class='ocr_par' dir='ltr' id='par_1_56' title="bbox 1720 1464 3307 1541">
     <span class='ocr_line' id='line_1_56' title="bbox 1720 1464 3307 1541; baseline -0.004 -16"><span class='ocrx_word' id='word_1_344' title='bbox 1720 1470 1813 1535; x_wconf 87' lang='lat' dir='ltr'><strong>sit,</strong></span> <span class='ocrx_word' id='word_1_345' title='bbox 1845 1471 1937 1541; x_wconf 89' lang='lat' dir='ltr'><strong>qui</strong></span> <span class='ocrx_word' id='word_1_346' title='bbox 1969 1469 2332 1526; x_wconf 89' lang='lat' dir='ltr'><strong>christianum</strong></span> <span class='ocrx_word' id='word_1_347' title='bbox 2375 1469 2652 1525; x_wconf 90' lang='lat' dir='ltr'><strong>hominem</strong></span> <span class='ocrx_word' id='word_1_348' title='bbox 2684 1465 3010 1522; x_wconf 87' lang='lat' dir='ltr'><strong>vendiderit.</strong></span> <span class='ocrx_word' id='word_1_349' title='bbox 3063 1464 3307 1534; x_wconf 80' lang='lat' dir='ltr'><strong>Respon-</strong></span> 
     </span>
    </p>
   </div>
   <div class='ocr_carea' id='block_1_57' title="bbox 1720 1557 3309 1637">
    <p class='ocr_par' dir='ltr' id='par_1_57' title="bbox 1720 1557 3309 1637">
     <span class='ocr_line' id='line_1_57' title="bbox 1720 1557 3309 1637; baseline -0.004 -20"><span class='ocrx_word' id='word_1_350' title='bbox 1720 1575 1948 1629; x_wconf 86' lang='lat' dir='ltr'><strong>sumque</strong></span> <span class='ocrx_word' id='word_1_351' title='bbox 1980 1570 2067 1617; x_wconf 86' lang='lat' dir='ltr'><strong>est</strong></span> <span class='ocrx_word' id='word_1_352' title='bbox 2113 1560 2183 1617; x_wconf 89' lang='lat' dir='ltr'><strong>ab</strong></span> <span class='ocrx_word' id='word_1_353' title='bbox 2230 1561 2505 1627; x_wconf 89' lang='lat' dir='ltr'><strong>omnibus,</strong></span> <span class='ocrx_word' id='word_1_354' title='bbox 2541 1558 2829 1616; x_wconf 83' lang='lat' dir='ltr'><strong>homicidii</strong></span> <span class='ocrx_word' id='word_1_355' title='bbox 2869 1565 3081 1615; x_wconf 88' lang='lat' dir='ltr'><strong>reatum</strong></span> <span class='ocrx_word' id='word_1_356' title='bbox 3130 1557 3309 1637; x_wconf 86' lang='lat' dir='ltr'><strong>ipsum</strong></span> 
     </span>
    </p>
   </div>
   <div class='ocr_carea' id='block_1_58' title="bbox 1719 1651 2524 1713">
    <p class='ocr_par' dir='ltr' id='par_1_58' title="bbox 1719 1651 2524 1713">
     <span class='ocr_line' id='line_1_58' title="bbox 1719 1651 2524 1713; baseline -0.002 -5"><span class='ocrx_word' id='word_1_357' title='bbox 1719 1652 1994 1708; x_wconf 88' lang='lat' dir='ltr'><strong>hominem</strong></span> <span class='ocrx_word' id='word_1_358' title='bbox 2020 1651 2124 1707; x_wconf 89' lang='lat' dir='ltr'><strong>sibi</strong></span> <span class='ocrx_word' id='word_1_359' title='bbox 2154 1653 2524 1713; x_wconf 53' lang='lat' dir='ltr'><strong>contrahere.</strong></span> 
     </span>
    </p>
   </div>
   <div class='ocr_carea' id='block_1_59' title="bbox 1717 1740 3307 1814">
    <p class='ocr_par' dir='ltr' id='par_1_59' title="bbox 1717 1740 3307 1814">
     <span class='ocr_line' id='line_1_59' title="bbox 1717 1740 3307 1814; baseline -0.005 -12"><span class='ocrx_word' id='word_1_360' title='bbox 1717 1753 1741 1813; x_wconf 61' lang='grc' dir='ltr'>δ</span> <span class='ocrx_word' id='word_1_361' title='bbox 1790 1744 1845 1801; x_wconf 87' lang='lat'><strong>8.</strong></span> <span class='ocrx_word' id='word_1_362' title='bbox 1872 1742 1930 1799; x_wconf 92' lang='lat' dir='ltr'><strong>Si</strong></span> <span class='ocrx_word' id='word_1_363' title='bbox 1974 1742 2098 1814; x_wconf 89' lang='lat' dir='ltr'><strong>quis</strong></span> <span class='ocrx_word' id='word_1_364' title='bbox 2127 1757 2258 1799; x_wconf 91' lang='lat' dir='ltr'><strong>vero</strong></span> <span class='ocrx_word' id='word_1_365' title='bbox 2291 1741 2465 1798; x_wconf 90' lang='lat' dir='ltr'><strong>laicus</strong></span> <span class='ocrx_word' id='word_1_366' title='bbox 2493 1741 2580 1798; x_wconf 87' lang='lat' dir='ltr'><strong>vel</strong></span> <span class='ocrx_word' id='word_1_367' title='bbox 2610 1740 2845 1799; x_wconf 90' lang='lat' dir='ltr'><strong>clericus</strong></span> <span class='ocrx_word' id='word_1_368' title='bbox 2892 1756 2990 1798; x_wconf 80' lang='lat' dir='ltr'><strong>seu</strong></span> <span class='ocrx_word' id='word_1_369' title='bbox 3024 1740 3307 1809; x_wconf 78' lang='lat' dir='ltr'><strong>utriusque</strong></span> 
     </span>
    </p>
   </div>
   <div class='ocr_carea' id='block_1_60' title="bbox 1718 1829 3309 1906">
    <p class='ocr_par' dir='ltr' id='par_1_60' title="bbox 1718 1829 3309 1906">
     <span class='ocr_line' id='line_1_60' title="bbox 1718 1829 3309 1906; baseline -0.006 -13"><span class='ocrx_word' id='word_1_370' title='bbox 1718 1851 1881 1893; x_wconf 78' lang='lat' dir='ltr'><strong>sexus</strong></span> <span class='ocrx_word' id='word_1_371' title='bbox 1924 1850 2157 1906; x_wconf 85' lang='lat' dir='ltr'><strong>persona</strong></span> <span class='ocrx_word' id='word_1_372' title='bbox 2204 1834 2559 1906; x_wconf 87' lang='lat' dir='ltr'><strong>proprietatis</strong></span> <span class='ocrx_word' id='word_1_373' title='bbox 2602 1849 2715 1891; x_wconf 71' lang='lat' dir='ltr'><strong>suae</strong></span> <span class='ocrx_word' id='word_1_374' title='bbox 2768 1834 2885 1889; x_wconf 87' lang='lat' dir='ltr'><strong>loca</strong></span> <span class='ocrx_word' id='word_1_375' title='bbox 2937 1832 3023 1889; x_wconf 84' lang='lat' dir='ltr'><strong>vel</strong></span> <span class='ocrx_word' id='word_1_376' title='bbox 3070 1847 3158 1887; x_wconf 91' lang='lat' dir='ltr'><strong>res</strong></span> <span class='ocrx_word' id='word_1_377' title='bbox 3209 1829 3309 1886; x_wconf 82' lang='lat' dir='ltr'><strong>ali-</strong></span> 
     </span>
    </p>
   </div>
   <div class='ocr_carea' id='block_1_61' title="bbox 1719 1924 3306 1997">
    <p class='ocr_par' dir='ltr' id='par_1_61' title="bbox 1719 1924 3306 1997">
     <span class='ocr_line' id='line_1_61' title="bbox 1719 1924 3306 1997; baseline -0.006 -13"><span class='ocrx_word' id='word_1_378' title='bbox 1719 1928 1844 1984; x_wconf 89' lang='lat' dir='ltr'><strong>cubi</strong></span> <span class='ocrx_word' id='word_1_379' title='bbox 1893 1926 2096 1982; x_wconf 89' lang='lat' dir='ltr'><strong>donare</strong></span> <span class='ocrx_word' id='word_1_380' title='bbox 2137 1924 2500 1997; x_wconf 77' lang='lat' dir='ltr'><strong>delegaverit,</strong></span> <span class='ocrx_word' id='word_1_381' title='bbox 2539 1924 2956 1980; x_wconf 89' lang='lat' dir='ltr'><strong>decimationum</strong></span> <span class='ocrx_word' id='word_1_382' title='bbox 2987 1930 3306 1991; x_wconf 76' lang='lat' dir='ltr'><strong>proventum</strong></span> 
     </span>
    </p>
   </div>
   <div class='ocr_carea' id='block_1_62' title="bbox 1717 2016 3311 2094">
    <p class='ocr_par' dir='ltr' id='par_1_62' title="bbox 1717 2016 3311 2094">
     <span class='ocr_line' id='line_1_62' title="bbox 1717 2016 3311 2094; baseline -0.006 -17"><span class='ocrx_word' id='word_1_383' title='bbox 1717 2021 1886 2094; x_wconf 91' lang='lat' dir='ltr'><strong>priori</strong></span> <span class='ocrx_word' id='word_1_384' title='bbox 1914 2020 2173 2085; x_wconf 71' lang='lat' dir='ltr'><strong>:ecclesite</strong></span> <span class='ocrx_word' id='word_1_385' title='bbox 2220 2020 2461 2092; x_wconf 76' lang='lat' dir='ltr'><strong>legitime</strong></span> <span class='ocrx_word' id='word_1_386' title='bbox 2507 2019 2877 2091; x_wconf 74' lang='lat' dir='ltr'><strong>assignatum,</strong></span> <span class='ocrx_word' id='word_1_387' title='bbox 2924 2016 3049 2072; x_wconf 90' lang='lat' dir='ltr'><strong>inde</strong></span> <span class='ocrx_word' id='word_1_388' title='bbox 3095 2016 3311 2071; x_wconf 84' lang='lat' dir='ltr'><strong>abstra-</strong></span> 
     </span>
    </p>
   </div>
   <div class='ocr_carea' id='block_1_63' title="bbox 1717 2108 3312 2183">
    <p class='ocr_par' dir='ltr' id='par_1_63' title="bbox 1717 2108 3312 2183">
     <span class='ocr_line' id='line_1_63' title="bbox 1717 2108 3312 2183; baseline -0.004 -12"><span class='ocrx_word' id='word_1_389' title='bbox 1717 2115 1849 2171; x_wconf 87' lang='lat' dir='ltr'><strong>here</strong></span> <span class='ocrx_word' id='word_1_390' title='bbox 1901 2114 2106 2170; x_wconf 85' lang='lat' dir='ltr'><strong>nullam</strong></span> <span class='ocrx_word' id='word_1_391' title='bbox 2158 2112 2357 2170; x_wconf 86' lang='lat' dir='ltr'><strong>habeat</strong></span> <span class='ocrx_word' id='word_1_392' title='bbox 2409 2120 2755 2183; x_wconf 87' lang='lat' dir='ltr'><strong>potestatem.</strong></span> <span class='ocrx_word' id='word_1_393' title='bbox 2812 2108 2968 2178; x_wconf 83' lang='lat' dir='ltr'><strong>Quod</strong></span> <span class='ocrx_word' id='word_1_394' title='bbox 3022 2110 3069 2165; x_wconf 88' lang='lat' dir='ltr'><strong>si</strong></span> <span class='ocrx_word' id='word_1_395' title='bbox 3127 2108 3312 2164; x_wconf 84' lang='lat' dir='ltr'><strong>facere</strong></span> 
     </span>
    </p>
   </div>
   <div class='ocr_carea' id='block_1_64' title="bbox 1716 2197 3306 2275">
    <p class='ocr_par' dir='ltr' id='par_1_64' title="bbox 1716 2197 3306 2275">
     <span class='ocr_line' id='line_1_64' title="bbox 1716 2197 3306 2275; baseline -0.008 -13"><span class='ocrx_word' id='word_1_396' title='bbox 1716 2204 2100 2275; x_wconf 83' lang='lat' dir='ltr'><strong>temptaverit,</strong></span> <span class='ocrx_word' id='word_1_397' title='bbox 2145 2201 2269 2260; x_wconf 88' lang='lat' dir='ltr'><strong>talis</strong></span> <span class='ocrx_word' id='word_1_398' title='bbox 2314 2201 2539 2257; x_wconf 89' lang='lat' dir='ltr'><strong>traditio</strong></span> <span class='ocrx_word' id='word_1_399' title='bbox 2587 2201 2745 2257; x_wconf 88' lang='lat' dir='ltr'><strong>irrita</strong></span> <span class='ocrx_word' id='word_1_400' title='bbox 2790 2214 3017 2270; x_wconf 86' lang='lat' dir='ltr'><strong>prorsus</strong></span> <span class='ocrx_word' id='word_1_401' title='bbox 3055 2197 3306 2257; x_wconf 85' lang='lat' dir='ltr'><strong>ducatur,</strong></span> 
     </span>
    </p>
   </div>
   <div class='ocr_carea' id='block_1_65' title="bbox 1717 2292 3311 2368">
    <p class='ocr_par' dir='ltr' id='par_1_65' title="bbox 1717 2292 3311 2368">
     <span class='ocr_line' id='line_1_65' title="bbox 1717 2292 3311 2368; baseline -0.007 -14"><span class='ocrx_word' id='word_1_402' title='bbox 1717 2306 1775 2354; x_wconf 89' lang='lat' dir='ltr'><strong>et</strong></span> <span class='ocrx_word' id='word_1_403' title='bbox 1819 2297 1936 2368; x_wconf 86' lang='lat' dir='ltr'><strong>ipse</strong></span> <span class='ocrx_word' id='word_1_404' title='bbox 1985 2295 2055 2352; x_wconf 87' lang='lat' dir='ltr'><strong>ad</strong></span> <span class='ocrx_word' id='word_1_405' title='bbox 2102 2293 2538 2353; x_wconf 88' lang='lat' dir='ltr'><strong>emendationem</strong></span> <span class='ocrx_word' id='word_1_406' title='bbox 2579 2292 2953 2350; x_wconf 88' lang='lat' dir='ltr'><strong>ecclesiastica</strong></span> <span class='ocrx_word' id='word_1_407' title='bbox 2991 2298 3311 2351; x_wconf 88' lang='lat' dir='ltr'><strong>coerceatur</strong></span> 
     </span>
    </p>
   </div>
   <div class='ocr_carea' id='block_1_66' title="bbox 1718 2405 1973 2448">
    <p class='ocr_par' dir='ltr' id='par_1_66' title="bbox 1718 2405 1973 2448">
     <span class='ocr_line' id='line_1_66' title="bbox 1718 2405 1973 2448; baseline -0.02 1"><span class='ocrx_word' id='word_1_408' title='bbox 1718 2405 1973 2448; x_wconf 79' lang='lat' dir='ltr'><strong>censura.</strong></span> 
     </span>
    </p>
   </div>
   <div class='ocr_carea' id='block_1_67' title="bbox 1786 2479 3312 2552">
    <p class='ocr_par' dir='ltr' id='par_1_67' title="bbox 1786 2479 3312 2552">
     <span class='ocr_line' id='line_1_67' title="bbox 1786 2479 3312 2552; baseline -0.007 -12"><span class='ocrx_word' id='word_1_409' title='bbox 1786 2483 1840 2540; x_wconf 85' lang='lat'><strong>9.</strong></span> <span class='ocrx_word' id='word_1_410' title='bbox 1886 2482 2161 2539; x_wconf 88' lang='lat' dir='ltr'><strong>Perlatum</strong></span> <span class='ocrx_word' id='word_1_411' title='bbox 2205 2490 2291 2540; x_wconf 87' lang='lat' dir='ltr'><strong>est</strong></span> <span class='ocrx_word' id='word_1_412' title='bbox 2334 2479 2660 2552; x_wconf 79' lang='lat' dir='ltr'><strong>quoquead</strong></span> <span class='ocrx_word' id='word_1_413' title='bbox 2700 2479 2930 2536; x_wconf 88' lang='lat' dir='ltr'><strong>eandem</strong></span> <span class='ocrx_word' id='word_1_414' title='bbox 2979 2492 3192 2533; x_wconf 88' lang='lat' dir='ltr'><strong>sacram</strong></span> <span class='ocrx_word' id='word_1_415' title='bbox 3222 2492 3312 2547; x_wconf 82' lang='lat' dir='ltr'><strong>sy-</strong></span> 
     </span>
    </p>
   </div>
   <div class='ocr_carea' id='block_1_68' title="bbox 1716 2566 3310 2644">
    <p class='ocr_par' dir='ltr' id='par_1_68' title="bbox 1716 2566 3310 2644">
     <span class='ocr_line' id='line_1_68' title="bbox 1716 2566 3310 2644; baseline -0.009 -13"><span class='ocrx_word' id='word_1_416' title='bbox 1716 2574 1938 2641; x_wconf 86' lang='lat' dir='ltr'><strong>nodum,</strong></span> <span class='ocrx_word' id='word_1_417' title='bbox 1969 2572 2236 2644; x_wconf 84' lang='lat' dir='ltr'><strong>quosdam</strong></span> <span class='ocrx_word' id='word_1_418' title='bbox 2274 2572 2549 2630; x_wconf 87' lang='lat' dir='ltr'><strong>seculares</strong></span> <span class='ocrx_word' id='word_1_419' title='bbox 2595 2569 3072 2628; x_wconf 88' lang='lat' dir='ltr'><strong>inracionabiliter</strong></span> <span class='ocrx_word' id='word_1_420' title='bbox 3118 2566 3310 2636; x_wconf 86' lang='lat' dir='ltr'><strong>aliqui-</strong></span> 
     </span>
    </p>
   </div>
   <div class='ocr_carea' id='block_1_69' title="bbox 1715 2659 3308 2737">
    <p class='ocr_par' dir='ltr' id='par_1_69' title="bbox 1715 2659 3308 2737">
     <span class='ocr_line' id='line_1_69' title="bbox 1715 2659 3308 2737; baseline -0.008 -16"><span class='ocrx_word' id='word_1_421' title='bbox 1715 2666 1819 2722; x_wconf 92' lang='lat' dir='ltr'><strong>hus</strong></span> <span class='ocrx_word' id='word_1_422' title='bbox 1844 2664 2162 2737; x_wconf 83' lang='lat' dir='ltr'><strong>presbiteris</strong></span> <span class='ocrx_word' id='word_1_423' title='bbox 2186 2678 2315 2720; x_wconf 89' lang='lat' dir='ltr'><strong>suas</strong></span> <span class='ocrx_word' id='word_1_424' title='bbox 2338 2661 2617 2719; x_wconf 64' lang='lat' dir='ltr'><strong>aacclesias</strong></span> <span class='ocrx_word' id='word_1_425' title='bbox 2655 2659 3068 2719; x_wconf 89' lang='lat' dir='ltr'><strong>commendasse</strong></span> <span class='ocrx_word' id='word_1_426' title='bbox 3107 2663 3163 2711; x_wconf 88' lang='lat' dir='ltr'><strong>et</strong></span> <span class='ocrx_word' id='word_1_427' title='bbox 3209 2669 3308 2725; x_wconf 85' lang='lat' dir='ltr'><strong>pro</strong></span> 
     </span>
    </p>
   </div>
   <div class='ocr_carea' id='block_1_70' title="bbox 1716 2747 3310 2820">
    <p class='ocr_par' dir='ltr' id='par_1_70' title="bbox 1716 2747 3310 2820">
     <span class='ocr_line' id='line_1_70' title="bbox 1716 2747 3310 2820; baseline -0.009 -6"><span class='ocrx_word' id='word_1_428' title='bbox 1716 2759 1873 2814; x_wconf 87' lang='lat' dir='ltr'><strong>lihitu</strong></span> <span class='ocrx_word' id='word_1_429' title='bbox 1904 2773 2006 2816; x_wconf 85' lang='lat' dir='ltr'><strong>suo</strong></span> <span class='ocrx_word' id='word_1_430' title='bbox 2030 2773 2154 2814; x_wconf 82' lang='lat' dir='ltr'><strong>cum</strong></span> <span class='ocrx_word' id='word_1_431' title='bbox 2181 2756 2455 2814; x_wconf 89' lang='lat' dir='ltr'><strong>voluerint</strong></span> <span class='ocrx_word' id='word_1_432' title='bbox 2492 2754 2731 2811; x_wconf 81' lang='lat' dir='ltr'><strong>auferre.</strong></span> <span class='ocrx_word' id='word_1_433' title='bbox 2776 2751 2896 2820; x_wconf 83' lang='lat' dir='ltr'><strong>Quo</strong></span> <span class='ocrx_word' id='word_1_434' title='bbox 2938 2750 3081 2806; x_wconf 90' lang='lat' dir='ltr'><strong>circa</strong></span> <span class='ocrx_word' id='word_1_435' title='bbox 3113 2747 3310 2803; x_wconf 82' lang='lat' dir='ltr'><strong>unani-</strong></span> 
     </span>
    </p>
   </div>
   <div class='ocr_carea' id='block_1_71' title="bbox 1715 2840 3307 2917">
    <p class='ocr_par' dir='ltr' id='par_1_71' title="bbox 1715 2840 3307 2917">
     <span class='ocr_line' id='line_1_71' title="bbox 1715 2840 3307 2917; baseline -0.008 -10"><span class='ocrx_word' id='word_1_436' title='bbox 1715 2851 1878 2908; x_wconf 86' lang='lat' dir='ltr'><strong>miter</strong></span> <span class='ocrx_word' id='word_1_437' title='bbox 1903 2850 2111 2907; x_wconf 77' lang='lat' dir='ltr'><strong>firmari</strong></span> <span class='ocrx_word' id='word_1_438' title='bbox 2134 2849 2411 2915; x_wconf 86' lang='lat' dir='ltr'><strong>convenit,</strong></span> <span class='ocrx_word' id='word_1_439' title='bbox 2445 2855 2505 2904; x_wconf 93' lang='lat' dir='ltr'><strong>ut</strong></span> <span class='ocrx_word' id='word_1_440' title='bbox 2528 2847 2707 2903; x_wconf 90' lang='lat' dir='ltr'><strong>nullus</strong></span> <span class='ocrx_word' id='word_1_441' title='bbox 2735 2844 3023 2917; x_wconf 80' lang='lat' dir='ltr'><strong>presbyter</strong></span> <span class='ocrx_word' id='word_1_442' title='bbox 3049 2840 3307 2909; x_wconf 83' lang='lat' dir='ltr'><strong>deinceps</strong></span> 
     </span>
    </p>
   </div>
   <div class='ocr_carea' id='block_1_72' title="bbox 1715 2930 3303 3014">
    <p class='ocr_par' dir='ltr' id='par_1_72' title="bbox 1715 2930 3303 3014">
     <span class='ocr_line' id='line_1_72' title="bbox 1715 2930 3303 3014; baseline -0.01 -14"><span class='ocrx_word' id='word_1_443' title='bbox 1715 2944 1952 3014; x_wconf 84' lang='lat' dir='ltr'><strong>aliquam</strong></span> <span class='ocrx_word' id='word_1_444' title='bbox 1982 2943 2246 3013; x_wconf 87' lang='lat' dir='ltr'><strong>suscipiat</strong></span> <span class='ocrx_word' id='word_1_445' title='bbox 2272 2939 2601 3005; x_wconf 64' lang='lat' dir='ltr'><strong>mcclesiam,</strong></span> <span class='ocrx_word' id='word_1_446' title='bbox 2642 2938 2746 2995; x_wconf 87' lang='lat' dir='ltr'><strong>nisi</strong></span> <span class='ocrx_word' id='word_1_447' title='bbox 2791 2937 2844 2992; x_wconf 92' lang='lat' dir='ltr'><strong>in</strong></span> <span class='ocrx_word' id='word_1_448' title='bbox 2876 2932 3153 3007; x_wconf 90' lang='lat' dir='ltr'><strong>presentia</strong></span> <span class='ocrx_word' id='word_1_449' title='bbox 3186 2930 3303 3001; x_wconf 89' lang='lat' dir='ltr'><strong>epi-</strong></span> 
     </span>
    </p>
   </div>
   <div class='ocr_carea' id='block_1_73' title="bbox 1715 3022 3308 3106">
    <p class='ocr_par' dir='ltr' id='par_1_73' title="bbox 1715 3022 3308 3106">
     <span class='ocr_line' id='line_1_73' title="bbox 1715 3022 3308 3106; baseline -0.009 -16"><span class='ocrx_word' id='word_1_450' title='bbox 1715 3034 1867 3106; x_wconf 84' lang='lat' dir='ltr'><strong>scopi</strong></span> <span class='ocrx_word' id='word_1_451' title='bbox 1893 3032 1975 3090; x_wconf 86' lang='lat' dir='ltr'><strong>vel</strong></span> <span class='ocrx_word' id='word_1_452' title='bbox 1997 3031 2115 3102; x_wconf 88' lang='lat' dir='ltr'><strong>ejus</strong></span> <span class='ocrx_word' id='word_1_453' title='bbox 2138 3031 2488 3099; x_wconf 88' lang='lat' dir='ltr'><strong>vicariorum,</strong></span> <span class='ocrx_word' id='word_1_454' title='bbox 2518 3046 2621 3087; x_wconf 90' lang='lat' dir='ltr'><strong>ncc</strong></span> <span class='ocrx_word' id='word_1_455' title='bbox 2659 3029 2859 3085; x_wconf 88' lang='lat' dir='ltr'><strong>habeat</strong></span> <span class='ocrx_word' id='word_1_456' title='bbox 2879 3025 3108 3097; x_wconf 89' lang='lat' dir='ltr'><strong>quilibet</strong></span> <span class='ocrx_word' id='word_1_457' title='bbox 3135 3022 3308 3078; x_wconf 87' lang='lat' dir='ltr'><strong>laicus</strong></span> 
     </span>
    </p>
   </div>
   <div class='ocr_carea' id='block_1_74' title="bbox 1717 3112 3308 3196">
    <p class='ocr_par' dir='ltr' id='par_1_74' title="bbox 1717 3112 3308 3196">
     <span class='ocr_line' id='line_1_74' title="bbox 1717 3112 3308 3196; baseline -0.009 -14"><span class='ocrx_word' id='word_1_458' title='bbox 1717 3126 1884 3182; x_wconf 90' lang='lat' dir='ltr'><strong>ullam</strong></span> <span class='ocrx_word' id='word_1_459' title='bbox 1931 3134 2260 3196; x_wconf 87' lang='lat' dir='ltr'><strong>potestatem</strong></span> <span class='ocrx_word' id='word_1_460' title='bbox 2308 3139 2432 3183; x_wconf 88' lang='lat' dir='ltr'><strong>eam</strong></span> <span class='ocrx_word' id='word_1_461' title='bbox 2479 3119 2757 3178; x_wconf 86' lang='lat' dir='ltr'><strong>auferendi</strong></span> <span class='ocrx_word' id='word_1_462' title='bbox 2800 3118 2890 3151; x_wconf 67' lang='lat'><strong>“‘9</strong></span> <span class='ocrx_word' id='word_1_463' title='bbox 2941 3117 3059 3172; x_wconf 89' lang='lat' dir='ltr'><strong>sine</strong></span> <span class='ocrx_word' id='word_1_464' title='bbox 3101 3112 3308 3183; x_wconf 82' lang='lat' dir='ltr'><strong>judicio</strong></span> 
     </span>
    </p>
   </div>
   <div class='ocr_carea' id='block_1_75' title="bbox 1717 3202 3305 3290">
    <p class='ocr_par' dir='ltr' id='par_1_75' title="bbox 1717 3202 3305 3290">
     <span class='ocr_line' id='line_1_75' title="bbox 1717 3202 3305 3290; baseline -0.013 -16"><span class='ocrx_word' id='word_1_465' title='bbox 1717 3217 1956 3290; x_wconf 87' lang='lat' dir='ltr'><strong>episcopi</strong></span> <span class='ocrx_word' id='word_1_466' title='bbox 1988 3226 2082 3274; x_wconf 91' lang='lat' dir='ltr'><strong>aut</strong></span> <span class='ocrx_word' id='word_1_467' title='bbox 2106 3215 2223 3286; x_wconf 83' lang='lat' dir='ltr'><strong>ejus</strong></span> <span class='ocrx_word' id='word_1_468' title='bbox 2249 3213 2852 3285; x_wconf 89' lang='lat' dir='ltr'><strong>archipresbiterorum.</strong></span> <span class='ocrx_word' id='word_1_469' title='bbox 2880 3207 2936 3263; x_wconf 82' lang='lat' dir='ltr'><strong>Si</strong></span> <span class='ocrx_word' id='word_1_470' title='bbox 2964 3206 3111 3263; x_wconf 88' lang='lat' dir='ltr'><strong>enim</strong></span> <span class='ocrx_word' id='word_1_471' title='bbox 3133 3202 3305 3260; x_wconf 83' lang='lat' dir='ltr'><strong>isdem</strong></span> 
     </span>
    </p>
   </div>
   <div class='ocr_carea' id='block_1_76' title="bbox 1716 3294 3309 3383">
    <p class='ocr_par' dir='ltr' id='par_1_76' title="bbox 1716 3294 3309 3383">
     <span class='ocr_line' id='line_1_76' title="bbox 1716 3294 3309 3383; baseline -0.011 -18"><span class='ocrx_word' id='word_1_472' title='bbox 1716 3309 2005 3383; x_wconf 85' lang='lat' dir='ltr'><strong>presbyter</strong></span> <span class='ocrx_word' id='word_1_473' title='bbox 2033 3308 2244 3365; x_wconf 89' lang='lat' dir='ltr'><strong>ratione</strong></span> <span class='ocrx_word' id='word_1_474' title='bbox 2265 3306 2492 3377; x_wconf 67' lang='lat' dir='ltr'><strong>iustitiae</strong></span> <span class='ocrx_word' id='word_1_475' title='bbox 2515 3311 2807 3377; x_wconf 86' lang='lat' dir='ltr'><strong>perventus</strong></span> <span class='ocrx_word' id='word_1_476' title='bbox 2827 3300 2918 3334; x_wconf 78' lang='lat'>“&quot;</span> <span class='ocrx_word' id='word_1_477' title='bbox 2946 3298 3132 3364; x_wconf 85' lang='lat' dir='ltr'><strong>luerit,</strong></span> <span class='ocrx_word' id='word_1_478' title='bbox 3161 3294 3309 3366; x_wconf 86' lang='lat' dir='ltr'><strong>quod</strong></span> 
     </span>
    </p>
   </div>
   <div class='ocr_carea' id='block_1_77' title="bbox 1716 3384 3296 3471">
    <p class='ocr_par' dir='ltr' id='par_1_77' title="bbox 1716 3384 3296 3471">
     <span class='ocr_line' id='line_1_77' title="bbox 1716 3384 3296 3471; baseline -0.011 -14"><span class='ocrx_word' id='word_1_479' title='bbox 1716 3416 1837 3458; x_wconf 88' lang='lat' dir='ltr'><strong>eam</strong></span> <span class='ocrx_word' id='word_1_480' title='bbox 1866 3400 2047 3456; x_wconf 88' lang='lat' dir='ltr'><strong>minus</strong></span> <span class='ocrx_word' id='word_1_481' title='bbox 2071 3398 2296 3471; x_wconf 88' lang='lat' dir='ltr'><strong>provide</strong></span> <span class='ocrx_word' id='word_1_482' title='bbox 2340 3398 2398 3454; x_wconf 89' lang='lat' dir='ltr'><strong>in</strong></span> <span class='ocrx_word' id='word_1_483' title='bbox 2443 3393 2840 3454; x_wconf 69' lang='lat' dir='ltr'><strong>mcclesiastieis</strong></span> <span class='ocrx_word' id='word_1_484' title='bbox 2865 3395 3186 3463; x_wconf 90' lang='lat' dir='ltr'><strong>procuraret</strong></span> <span class='ocrx_word' id='word_1_485' title='bbox 3213 3384 3296 3440; x_wconf 80' lang='lat' dir='ltr'><strong>of-</strong></span> 
     </span>
    </p>
   </div>
   <div class='ocr_carea' id='block_1_78' title="bbox 1719 3478 3308 3556">
    <p class='ocr_par' dir='ltr' id='par_1_78' title="bbox 1719 3478 3308 3556">
     <span class='ocr_line' id='line_1_78' title="bbox 1719 3478 3308 3556; baseline -0.008 -10"><span class='ocrx_word' id='word_1_486' title='bbox 1719 3491 1879 3556; x_wconf 85' lang='lat' dir='ltr'><strong>ﬁciis,</strong></span> <span class='ocrx_word' id='word_1_487' title='bbox 1907 3489 2188 3546; x_wconf 89' lang='lat' dir='ltr'><strong>auferatur</strong></span> <span class='ocrx_word' id='word_1_488' title='bbox 2214 3489 2284 3545; x_wconf 89' lang='lat' dir='ltr'><strong>ab</strong></span> <span class='ocrx_word' id='word_1_489' title='bbox 2313 3503 2399 3545; x_wconf 88' lang='lat' dir='ltr'><strong>eo.</strong></span> <span class='ocrx_word' id='word_1_490' title='bbox 2431 3486 2529 3544; x_wconf 85' lang='lat' dir='ltr'><strong>Sin</strong></span> <span class='ocrx_word' id='word_1_491' title='bbox 2558 3495 2766 3551; x_wconf 90' lang='lat' dir='ltr'><strong>autem,</strong></span> <span class='ocrx_word' id='word_1_492' title='bbox 2795 3481 3067 3539; x_wconf 87' lang='lat' dir='ltr'><strong>indemnis</strong></span> <span class='ocrx_word' id='word_1_493' title='bbox 3105 3478 3308 3534; x_wconf 82' lang='lat' dir='ltr'><strong>laboris</strong></span> 
     </span>
    </p>
   </div>
   <div class='ocr_carea' id='block_1_79' title="bbox 1718 3569 3305 3641">
    <p class='ocr_par' dir='ltr' id='par_1_79' title="bbox 1718 3569 3305 3641">
     <span class='ocr_line' id='line_1_79' title="bbox 1718 3569 3305 3641; baseline -0.009 -4"><span class='ocrx_word' id='word_1_494' title='bbox 1718 3581 1802 3637; x_wconf 90' lang='lat' dir='ltr'><strong>sui</strong></span> <span class='ocrx_word' id='word_1_495' title='bbox 1845 3588 2033 3636; x_wconf 87' lang='lat' dir='ltr'><strong>utatur</strong></span> <span class='ocrx_word' id='word_1_496' title='bbox 2078 3579 2384 3641; x_wconf 85' lang='lat' dir='ltr'><strong>commodo.</strong></span> <span class='ocrx_word' id='word_1_497' title='bbox 2420 3578 2556 3634; x_wconf 83' lang='lat' dir='ltr'><strong>Cum</strong></span> <span class='ocrx_word' id='word_1_498' title='bbox 2605 3591 2737 3633; x_wconf 89' lang='lat' dir='ltr'><strong>vero</strong></span> <span class='ocrx_word' id='word_1_499' title='bbox 2785 3573 3079 3631; x_wconf 87' lang='lat' dir='ltr'><strong>defunctus</strong></span> <span class='ocrx_word' id='word_1_500' title='bbox 3115 3569 3305 3633; x_wconf 88' lang='lat' dir='ltr'><strong>fuerit,</strong></span> 
     </span>
    </p>
   </div>
   <div class='ocr_carea' id='block_1_80' title="bbox 88 3652 3311 3764">
    <p class='ocr_par' dir='ltr' id='par_1_80' title="bbox 88 3652 3311 3764">
     <span class='ocr_line' id='line_1_80' title="bbox 88 3652 3311 3764; baseline 0.001 -54"><span class='ocrx_word' id='word_1_501' title='bbox 88 3652 173 3764; x_wconf 45' lang='lat' dir='ltr'><strong>tite</strong></span> <span class='ocrx_word' id='word_1_502' title='bbox 203 3658 398 3714; x_wconf 79' lang='lat' dir='ltr'><strong>mulier.</strong></span> <span class='ocrx_word' id='word_1_503' title='bbox 430 3659 491 3715; x_wconf 89' lang='lat' dir='ltr'><strong>In</strong></span> <span class='ocrx_word' id='word_1_504' title='bbox 534 3662 1040 3719; x_wconf 78' lang='lat' dir='ltr'><strong>coniirmationibus</strong></span> <span class='ocrx_word' id='word_1_505' title='bbox 1078 3678 1296 3734; x_wconf 87' lang='lat' dir='ltr'><strong>quoque</strong></span> <span class='ocrx_word' id='word_1_506' title='bbox 1335 3663 1390 3719; x_wconf 86' lang='lat' dir='ltr'><strong>id</strong></span> <span class='ocrx_word' id='word_1_507' title='bbox 1438 3663 1613 3735; x_wconf 85' lang='lat' dir='ltr'><strong>ipsum</strong></span> <span class='ocrx_word' id='word_1_508' title='bbox 1642 3701 1688 3764; x_wconf 65' lang='grc' dir='ltr'>Ο</span> <span class='ocrx_word' id='word_1_509' title='bbox 1720 3668 1925 3725; x_wconf 88' lang='lat' dir='ltr'><strong>nullum</strong></span> <span class='ocrx_word' id='word_1_510' title='bbox 1975 3668 2272 3725; x_wconf 90' lang='lat' dir='ltr'><strong>dominium</strong></span> <span class='ocrx_word' id='word_1_511' title='bbox 2318 3667 2407 3699; x_wconf 76' lang='grc'>⁸⁸⁷³</span> <span class='ocrx_word' id='word_1_512' title='bbox 2437 3668 2492 3722; x_wconf 93' lang='lat' dir='ltr'><strong>in</strong></span> <span class='ocrx_word' id='word_1_513' title='bbox 2535 3665 2855 3722; x_wconf 75' lang='lat' dir='ltr'><strong>substantia:</strong></span> <span class='ocrx_word' id='word_1_514' title='bbox 2907 3662 3053 3717; x_wconf 88' lang='lat' dir='ltr'><strong>illius</strong></span> <span class='ocrx_word' id='word_1_515' title='bbox 3099 3674 3311 3730; x_wconf 86' lang='lat' dir='ltr'><strong>posses-</strong></span> 
     </span>
    </p>
   </div>
   <div class='ocr_carea' id='block_1_81' title="bbox 1718 3748 3307 3819">
    <p class='ocr_par' dir='ltr' id='par_1_81' title="bbox 1718 3748 3307 3819">
     <span class='ocr_line' id='line_1_81' title="bbox 1718 3748 3307 3819; baseline -0.009 -3"><span class='ocrx_word' id='word_1_516' title='bbox 1718 3759 1963 3816; x_wconf 87' lang='lat' dir='ltr'><strong>sionibus</strong></span> <span class='ocrx_word' id='word_1_517' title='bbox 2010 3758 2116 3815; x_wconf 89' lang='lat' dir='ltr'><strong>sibi</strong></span> <span class='ocrx_word' id='word_1_518' title='bbox 2151 3756 2397 3815; x_wconf 69' lang='lat' dir='ltr'><strong>ecclesia:</strong></span> <span class='ocrx_word' id='word_1_519' title='bbox 2426 3756 2680 3814; x_wconf 88' lang='lat' dir='ltr'><strong>dominus</strong></span> <span class='ocrx_word' id='word_1_520' title='bbox 2708 3752 2990 3819; x_wconf 89' lang='lat' dir='ltr'><strong>vindicet,</strong></span> <span class='ocrx_word' id='word_1_521' title='bbox 3041 3749 3140 3806; x_wconf 88' lang='lat' dir='ltr'><strong>sed</strong></span> <span class='ocrx_word' id='word_1_522' title='bbox 3187 3748 3307 3802; x_wconf 74' lang='lat' dir='ltr'><strong>dna:</strong></span> 
     </span>
    </p>
   </div>
   <div class='ocr_carea' id='block_1_82' title="bbox 1717 3838 3305 3922">
    <p class='ocr_par' dir='ltr' id='par_1_82' title="bbox 1717 3838 3305 3922">
     <span class='ocr_line' id='line_1_82' title="bbox 1717 3838 3305 3922; baseline -0.011 -16"><span class='ocrx_word' id='word_1_523' title='bbox 1717 3860 1897 3922; x_wconf 83' lang='lat' dir='ltr'><strong>partes</strong></span> <span class='ocrx_word' id='word_1_524' title='bbox 1931 3849 1987 3905; x_wconf 94' lang='lat' dir='ltr'><strong>in</strong></span> <span class='ocrx_word' id='word_1_525' title='bbox 2016 3848 2373 3915; x_wconf 87' lang='lat' dir='ltr'><strong>elemosinam</strong></span> <span class='ocrx_word' id='word_1_526' title='bbox 2420 3862 2520 3920; x_wconf 90' lang='lat' dir='ltr'><strong>pro</strong></span> <span class='ocrx_word' id='word_1_527' title='bbox 2565 3846 2733 3917; x_wconf 86' lang='lat' dir='ltr'><strong>ipsius</strong></span> <span class='ocrx_word' id='word_1_528' title='bbox 2759 3843 3060 3914; x_wconf 81' lang='lat' dir='ltr'><strong>largiantur</strong></span> <span class='ocrx_word' id='word_1_529' title='bbox 3101 3838 3305 3899; x_wconf 74' lang='lat' dir='ltr'><strong>anima,</strong></span> 
     </span>
    </p>
   </div>
   <div class='ocr_carea' id='block_1_83' title="bbox 1721 3927 3301 4009">
    <p class='ocr_par' dir='ltr' id='par_1_83' title="bbox 1721 3927 3301 4009">
     <span class='ocr_line' id='line_1_83' title="bbox 1721 3927 3301 4009; baseline -0.011 -12"><span class='ocrx_word' id='word_1_530' title='bbox 1721 3930 1880 3998; x_wconf 89' lang='lat' dir='ltr'><strong>tertia</strong></span> <span class='ocrx_word' id='word_1_531' title='bbox 1925 3949 2108 3996; x_wconf 87' lang='lat' dir='ltr'><strong>autem</strong></span> <span class='ocrx_word' id='word_1_532' title='bbox 2152 3953 2281 4009; x_wconf 86' lang='lat' dir='ltr'><strong>pars</strong></span> <span class='ocrx_word' id='word_1_533' title='bbox 2321 3936 2580 3993; x_wconf 70' lang='lat' dir='ltr'><strong>mcclesim</strong></span> <span class='ocrx_word' id='word_1_534' title='bbox 2614 3934 2702 3991; x_wconf 90' lang='lat' dir='ltr'><strong>cui</strong></span> <span class='ocrx_word' id='word_1_535' title='bbox 2751 3932 2978 3989; x_wconf 87' lang='lat' dir='ltr'><strong>servivit</strong></span> <span class='ocrx_word' id='word_1_536' title='bbox 3018 3927 3301 4002; x_wconf 70' lang='lat' dir='ltr'><strong>profutura</strong></span> 
     </span>
    </p>
   </div>
   <div class='ocr_carea' id='block_1_84' title="bbox 1718 4022 3307 4105">
    <p class='ocr_par' dir='ltr' id='par_1_84' title="bbox 1718 4022 3307 4105">
     <span class='ocr_line' id='line_1_84' title="bbox 1718 4022 3307 4105; baseline -0.01 -15"><span class='ocrx_word' id='word_1_537' title='bbox 1718 4034 2080 4105; x_wconf 86' lang='lat' dir='ltr'><strong>relinquatur.</strong></span> <span class='ocrx_word' id='word_1_538' title='bbox 2113 4031 2172 4089; x_wconf 82' lang='lat' dir='ltr'><strong>Si</strong></span> <span class='ocrx_word' id='word_1_539' title='bbox 2202 4032 2327 4104; x_wconf 88' lang='lat' dir='ltr'><strong>quis</strong></span> <span class='ocrx_word' id='word_1_540' title='bbox 2352 4040 2550 4102; x_wconf 59' lang='lat' dir='ltr'><strong>praeter</strong></span> <span class='ocrx_word' id='word_1_541' title='bbox 2570 4029 2686 4087; x_wconf 59' lang='lat' dir='ltr'><strong>haec</strong></span> <span class='ocrx_word' id='word_1_542' title='bbox 2716 4026 2934 4094; x_wconf 82' lang='lat' dir='ltr'><strong>fecerit,</strong></span> <span class='ocrx_word' id='word_1_543' title='bbox 2962 4022 3307 4082; x_wconf 68' lang='lat' dir='ltr'><strong>mcclesiasti-</strong></span> 
     </span>
    </p>
   </div>
   <div class='ocr_carea' id='block_1_85' title="bbox 1720 4123 3219 4197">
    <p class='ocr_par' dir='ltr' id='par_1_85' title="bbox 1720 4123 3219 4197">
     <span class='ocr_line' id='line_1_85' title="bbox 1720 4123 3219 4197; baseline -0.006 -16"><span class='ocrx_word' id='word_1_544' title='bbox 1720 4126 1802 4182; x_wconf 89' lang='lat' dir='ltr'><strong>eis</strong></span> <span class='ocrx_word' id='word_1_545' title='bbox 1848 4124 2287 4197; x_wconf 84' lang='lat' dir='ltr'><strong>correptionibus</strong></span> <span class='ocrx_word' id='word_1_546' title='bbox 2324 4123 2624 4196; x_wconf 72' lang='lat' dir='ltr'><strong>subiaceat.</strong></span> <span class='ocrx_word' id='word_1_547' title='bbox 3216 4162 3219 4163; x_wconf 41' lang='grc' dir='ltr'><em>ν</em></span> 
     </span>
    </p>
   </div>
   <div class='ocr_carea' id='block_1_86' title="bbox 1796 4205 3308 4288">
    <p class='ocr_par' dir='ltr' id='par_1_86' title="bbox 1796 4205 3308 4288">
     <span class='ocr_line' id='line_1_86' title="bbox 1796 4205 3308 4288; baseline -0.007 -17"><span class='ocrx_word' id='word_1_548' title='bbox 1796 4216 1883 4272; x_wconf 84' lang='grc'><strong>10.</strong></span> <span class='ocrx_word' id='word_1_549' title='bbox 1913 4215 2024 4273; x_wconf 87' lang='lat' dir='ltr'><strong>[ioc</strong></span> <span class='ocrx_word' id='word_1_550' title='bbox 2052 4229 2268 4288; x_wconf 86' lang='lat' dir='ltr'><strong>quoque</strong></span> <span class='ocrx_word' id='word_1_551' title='bbox 2300 4222 2566 4271; x_wconf 88' lang='lat' dir='ltr'><strong>statutum</strong></span> <span class='ocrx_word' id='word_1_552' title='bbox 2594 4222 2700 4280; x_wconf 87' lang='lat' dir='ltr'><strong>est,</strong></span> <span class='ocrx_word' id='word_1_553' title='bbox 2735 4219 2794 4267; x_wconf 90' lang='lat' dir='ltr'><strong>ut</strong></span> <span class='ocrx_word' id='word_1_554' title='bbox 2816 4210 2995 4267; x_wconf 88' lang='lat' dir='ltr'><strong>nullus</strong></span> <span class='ocrx_word' id='word_1_555' title='bbox 3032 4205 3308 4278; x_wconf 80' lang='lat' dir='ltr'><strong>presbyte-</strong></span> 
     </span>
    </p>
   </div>
   <div class='ocr_carea' id='block_1_87' title="bbox 1722 4297 3309 4376">
    <p class='ocr_par' dir='ltr' id='par_1_87' title="bbox 1722 4297 3309 4376">
     <span class='ocr_line' id='line_1_87' title="bbox 1722 4297 3309 4376; baseline -0.009 -11"><span class='ocrx_word' id='word_1_556' title='bbox 1722 4325 1907 4371; x_wconf 88' lang='lat' dir='ltr'><strong>rorum</strong></span> <span class='ocrx_word' id='word_1_557' title='bbox 1936 4309 2226 4365; x_wconf 89' lang='lat' dir='ltr'><strong>missarum</strong></span> <span class='ocrx_word' id='word_1_558' title='bbox 2248 4306 2527 4365; x_wconf 88' lang='lat' dir='ltr'><strong>sollemnia</strong></span> <span class='ocrx_word' id='word_1_559' title='bbox 2548 4306 2830 4363; x_wconf 88' lang='lat' dir='ltr'><strong>celebrare</strong></span> <span class='ocrx_word' id='word_1_560' title='bbox 2858 4308 3170 4376; x_wconf 79' lang='lat' dir='ltr'><strong>praesumat,</strong></span> <span class='ocrx_word' id='word_1_561' title='bbox 3204 4297 3309 4352; x_wconf 88' lang='lat' dir='ltr'><strong>nisi</strong></span> 
     </span>
    </p>
   </div>
   <div class='ocr_carea' id='block_1_88' title="bbox 1722 4391 3309 4471">
    <p class='ocr_par' dir='ltr' id='par_1_88' title="bbox 1722 4391 3309 4471">
     <span class='ocr_line' id='line_1_88' title="bbox 1722 4391 3309 4471; baseline -0.009 -15"><span class='ocrx_word' id='word_1_562' title='bbox 1722 4400 1932 4457; x_wconf 88' lang='lat' dir='ltr'><strong>duobus</strong></span> <span class='ocrx_word' id='word_1_563' title='bbox 1954 4400 2315 4471; x_wconf 67' lang='lat' dir='ltr'><strong>praesentibus</strong></span> <span class='ocrx_word' id='word_1_564' title='bbox 2334 4399 2546 4470; x_wconf 87' lang='lat' dir='ltr'><strong>sibique</strong></span> <span class='ocrx_word' id='word_1_565' title='bbox 2573 4393 3027 4471; x_wconf 77' lang='lat' dir='ltr'><strong>respondentibus</strong></span> <span class='ocrx_word' id='word_1_566' title='bbox 3053 4391 3167 4461; x_wconf 90' lang='lat' dir='ltr'><strong>ipse</strong></span> <span class='ocrx_word' id='word_1_567' title='bbox 3197 4397 3309 4443; x_wconf 89' lang='lat' dir='ltr'><strong>ter-</strong></span> 
     </span>
    </p>
   </div>
   <div class='ocr_carea' id='block_1_89' title="bbox 1721 4468 3304 4562">
    <p class='ocr_par' dir='ltr' id='par_1_89' title="bbox 1721 4468 3304 4562">
     <span class='ocr_line' id='line_1_89' title="bbox 1721 4468 3304 4562; baseline -0.011 -14"><span class='ocrx_word' id='word_1_568' title='bbox 1721 4493 1830 4549; x_wconf 91' lang='lat' dir='ltr'><strong>tius</strong></span> <span class='ocrx_word' id='word_1_569' title='bbox 1866 4468 2167 4561; x_wconf 83' lang='lat' dir='ltr'><strong>habeatur;</strong></span> <span class='ocrx_word' id='word_1_570' title='bbox 2197 4492 2326 4562; x_wconf 87' lang='lat' dir='ltr'><strong>quia</strong></span> <span class='ocrx_word' id='word_1_571' title='bbox 2362 4468 2486 4548; x_wconf 83' lang='lat' dir='ltr'><strong>cum</strong></span> <span class='ocrx_word' id='word_1_572' title='bbox 2517 4489 2824 4562; x_wconf 67' lang='lat' dir='ltr'><strong>pluraliter,</strong></span> <span class='ocrx_word' id='word_1_573' title='bbox 2840 4468 2918 4544; x_wconf 62' lang='lat' dir='ltr'><strong>‘ab</strong></span> <span class='ocrx_word' id='word_1_574' title='bbox 2948 4500 3015 4542; x_wconf 90' lang='lat' dir='ltr'><strong>eo</strong></span> <span class='ocrx_word' id='word_1_575' title='bbox 3065 4482 3263 4538; x_wconf 89' lang='lat' dir='ltr'><strong>dicitur</strong></span> <span class='ocrx_word' id='word_1_576' title='bbox 3291 4496 3304 4531; x_wconf 90' lang='lat'>:</span> 
     </span>
    </p>
   </div>
   <div class='ocr_carea' id='block_1_90' title="bbox 1719 4526 3308 4660">
    <p class='ocr_par' dir='ltr' id='par_1_90' title="bbox 1719 4526 3308 4660">
     <span class='ocr_line' id='line_1_90' title="bbox 1723 4526 3304 4562; baseline -0.01 -12"><span class='ocrx_word' id='word_1_577' title='bbox 1723 4526 1830 4549; x_wconf 70' lang='grc' dir='ltr'><strong>ιιυδ</strong></span> <span class='ocrx_word' id='word_1_578' title='bbox 1868 4526 2124 4549; x_wconf 65' lang='grc' dir='ltr'><strong>ιιαυῦαιυι</strong></span> <span class='ocrx_word' id='word_1_579' title='bbox 2152 4535 2167 4561; x_wconf 57' lang='grc' dir='ltr'><strong><em>θ</em></strong></span> <span class='ocrx_word' id='word_1_580' title='bbox 2197 4526 2326 4562; x_wconf 65' lang='lat' dir='ltr'><strong>quia</strong></span> <span class='ocrx_word' id='word_1_581' title='bbox 2362 4526 2486 4548; x_wconf 65' lang='lat' dir='ltr'><strong>v.qu</strong></span> <span class='ocrx_word' id='word_1_582' title='bbox 2518 4526 2791 4561; x_wconf 67' lang='grc' dir='ltr'><strong>γιυιιιιιιιιι</strong></span> <span class='ocrx_word' id='word_1_583' title='bbox 2849 4526 2918 4544; x_wconf 70' lang='lat' dir='ltr'><strong>IIII</strong></span> <span class='ocrx_word' id='word_1_584' title='bbox 2949 4526 3014 4542; x_wconf 74' lang='grc' dir='ltr'>νν</span> <span class='ocrx_word' id='word_1_585' title='bbox 3066 4526 3252 4538; x_wconf 65' lang='grc' dir='ltr'><strong>νην-ιπη-</strong></span> <span class='ocrx_word' id='word_1_586' title='bbox 3291 4526 3304 4531; x_wconf 85' lang='grc'><strong><em>-</em></strong></span> 
     </span>
     <span class='ocr_line' id='line_1_91' title="bbox 1719 4526 3308 4660; baseline -0.009 -19"><span class='ocrx_word' id='word_1_587' title='bbox 1719 4585 1976 4643; x_wconf 78' lang='lat' dir='ltr'><strong>Dominus</strong></span> <span class='ocrx_word' id='word_1_588' title='bbox 2014 4587 2298 4650; x_wconf 76' lang='lat' dir='ltr'><strong>vobiscum,</strong></span> <span class='ocrx_word' id='word_1_589' title='bbox 2338 4593 2395 4641; x_wconf 89' lang='lat' dir='ltr'><strong>et</strong></span> <span class='ocrx_word' id='word_1_590' title='bbox 2434 4583 2565 4640; x_wconf 88' lang='lat' dir='ltr'><strong>illud</strong></span> <span class='ocrx_word' id='word_1_591' title='bbox 2611 4584 2668 4638; x_wconf 90' lang='lat' dir='ltr'><strong>in</strong></span> <span class='ocrx_word' id='word_1_592' title='bbox 2716 4526 2986 4660; x_wconf 42' lang='lat' dir='ltr'><strong>secietis:</strong></span> <span class='ocrx_word' id='word_1_593' title='bbox 3027 4576 3308 4645; x_wconf 70' lang='lat' dir='ltr'><strong>Oratepro</strong></span> 
     </span>
    </p>
   </div>
   <div class='ocr_carea' id='block_1_91' title="bbox 1719 4667 3313 4755">
    <p class='ocr_par' dir='ltr' id='par_1_91' title="bbox 1719 4667 3313 4755">
     <span class='ocr_line' id='line_1_92' title="bbox 1719 4667 3313 4755; baseline -0.011 -22"><span class='ocrx_word' id='word_1_594' title='bbox 1719 4695 1822 4743; x_wconf 87' lang='lat' dir='ltr'><strong>me,</strong></span> <span class='ocrx_word' id='word_1_595' title='bbox 1853 4677 2133 4748; x_wconf 88' lang='lat' dir='ltr'><strong>aptissime</strong></span> <span class='ocrx_word' id='word_1_596' title='bbox 2179 4677 2458 4744; x_wconf 90' lang='lat' dir='ltr'><strong>convenit,</strong></span> <span class='ocrx_word' id='word_1_597' title='bbox 2493 4684 2553 4731; x_wconf 92' lang='lat' dir='ltr'><strong>ut</strong></span> <span class='ocrx_word' id='word_1_598' title='bbox 2598 4681 2656 4729; x_wconf 90' lang='lat' dir='ltr'><strong>et</strong></span> <span class='ocrx_word' id='word_1_599' title='bbox 2684 4671 2971 4744; x_wconf 87' lang='lat' dir='ltr'><strong>pluraliter</strong></span> <span class='ocrx_word' id='word_1_600' title='bbox 3016 4667 3186 4755; x_wconf 56' lang='lat' dir='ltr'><strong>ipsius</strong></span> <span class='ocrx_word' id='word_1_601' title='bbox 3219 4673 3313 4733; x_wconf 45' lang='lat' dir='ltr'><strong>rei</strong></span> 
     </span>
    </p>
   </div>
   <div class='ocr_carea' id='block_1_92' title="bbox 101 4748 1617 4864">
    <p class='ocr_par' dir='ltr' id='par_1_92' title="bbox 101 4748 1613 4842">
     <span class='ocr_line' id='line_1_93' title="bbox 101 4748 1613 4842; baseline -0.002 -14"><span class='ocrx_word' id='word_1_602' title='bbox 101 4748 205 4819; x_wconf 54' lang='grc' dir='ltr'>δίκε,</span> <span class='ocrx_word' id='word_1_603' title='bbox 224 4759 574 4842; x_wconf 61' lang='lat' dir='ltr'><strong>F‘Piscoporum</strong></span> <span class='ocrx_word' id='word_1_604' title='bbox 602 4777 661 4824; x_wconf 91' lang='lat' dir='ltr'><strong>ut</strong></span> <span class='ocrx_word' id='word_1_605' title='bbox 701 4768 862 4826; x_wconf 88' lang='lat' dir='ltr'><strong>decet</strong></span> <span class='ocrx_word' id='word_1_606' title='bbox 904 4748 1174 4827; x_wconf 86' lang='lat' dir='ltr'><strong>divinitus</strong></span> <span class='ocrx_word' id='word_1_607' title='bbox 1195 4769 1495 4827; x_wconf 90' lang='lat' dir='ltr'><strong>subdantur</strong></span> <span class='ocrx_word' id='word_1_608' title='bbox 1526 4783 1613 4825; x_wconf 84' lang='lat' dir='ltr'><strong>re-</strong></span> 
     </span>
    </p>
   </div>
   <div class='ocr_carea' id='block_1_93' title="bbox 1724 4748 2557 4864">
    <p class='ocr_par' dir='ltr' id='par_1_93' title="bbox 1724 4766 2557 4840">
     <span class='ocr_line' id='line_1_94' title="bbox 1724 4766 2557 4840; baseline -0.006 -16"><span class='ocrx_word' id='word_1_609' title='bbox 1724 4770 2052 4840; x_wconf 87' lang='lat' dir='ltr'><strong>spondeatur</strong></span> <span class='ocrx_word' id='word_1_610' title='bbox 2086 4766 2395 4824; x_wconf 88' lang='lat' dir='ltr'><strong>salutationi</strong></span> <span class='ocrx_word' id='word_1_611' title='bbox 2444 4766 2557 4798; x_wconf 79' lang='grc' dir='ltr'><strong>¹⁸⁷²ο</strong></span> 
     </span>
    </p>
   </div>
   <div class='ocr_carea' id='block_1_94' title="bbox 1331 4900 2012 4961">
    <p class='ocr_par' dir='ltr' id='par_1_94' title="bbox 1331 4900 2012 4961">
     <span class='ocr_line' id='line_1_95' title="bbox 1331 4900 2012 4961; baseline 0 -2"><span class='ocrx_word' id='word_1_612' title='bbox 1331 4900 1568 4959; x_wconf 71' lang='lat' dir='ltr'><strong>VARhE</strong></span> <span class='ocrx_word' id='word_1_613' title='bbox 1611 4902 2012 4961; x_wconf 78' lang='lat' dir='ltr'><strong>LECTIONES.</strong></span> 
     </span>
    </p>
   </div>
   <div class='ocr_carea' id='block_1_95' title="bbox 164 4997 3316 5088">
    <p class='ocr_par' dir='ltr' id='par_1_95' title="bbox 164 4997 3316 5088">
     <span class='ocr_line' id='line_1_96' title="bbox 164 4997 3316 5088; baseline 0.001 -24"><span class='ocrx_word' id='word_1_614' title='bbox 164 4997 298 5088; x_wconf 41' lang='lat'><strong>{3}&quot;</strong></span> <span class='ocrx_word' id='word_1_615' title='bbox 324 5010 595 5088; x_wconf 80' lang='lat' dir='ltr'><strong>episcopus</strong></span> <span class='ocrx_word' id='word_1_616' title='bbox 623 5014 705 5069; x_wconf 85' lang='lat' dir='ltr'><strong>hic</strong></span> <span class='ocrx_word' id='word_1_617' title='bbox 734 5024 782 5070; x_wconf 81' lang='lat' dir='ltr'><strong>et</strong></span> <span class='ocrx_word' id='word_1_618' title='bbox 825 5016 880 5088; x_wconf 75' lang='lat' dir='ltr'><strong>in</strong></span> <span class='ocrx_word' id='word_1_619' title='bbox 918 5030 1061 5088; x_wconf 63' lang='lat' dir='ltr'><strong>seqq.</strong></span> <span class='ocrx_word' id='word_1_620' title='bbox 1093 5016 1232 5070; x_wconf 80' lang='lat' dir='ltr'><strong>deest</strong></span> <span class='ocrx_word' id='word_1_621' title='bbox 1264 5014 1318 5069; x_wconf 84' lang='lat' dir='ltr'><strong>in</strong></span> <span class='ocrx_word' id='word_1_622' title='bbox 1342 5021 1460 5070; x_wconf 81' lang='lat' dir='ltr'><strong>cod.</strong></span> <span class='ocrx_word' id='word_1_623' title='bbox 1502 5014 1739 5088; x_wconf 72' lang='lat' dir='ltr'><strong>Frising.</strong></span> <span class='ocrx_word' id='word_1_624' title='bbox 1780 5034 1837 5073; x_wconf 80' lang='grc' dir='ltr'><strong>α.</strong></span> <span class='ocrx_word' id='word_1_625' title='bbox 1869 5017 1934 5081; x_wconf 81' lang='lat' dir='ltr'><strong>cl.</strong></span> <span class='ocrx_word' id='word_1_626' title='bbox 1973 5015 2237 5088; x_wconf 70' lang='lat' dir='ltr'><strong>Foringer</strong></span> <span class='ocrx_word' id='word_1_627' title='bbox 2259 5017 2314 5088; x_wconf 68' lang='lat' dir='ltr'><strong>in</strong></span> <span class='ocrx_word' id='word_1_628' title='bbox 2343 5033 2512 5088; x_wconf 29' lang='lat' dir='ltr'><strong>usum;</strong></span> <span class='ocrx_word' id='word_1_629' title='bbox 2525 5025 2777 5072; x_wconf 78' lang='lat' dir='ltr'><strong>nostrum.</strong></span> <span class='ocrx_word' id='word_1_630' title='bbox 2792 5015 2988 5088; x_wconf 65' lang='lat' dir='ltr'><strong>iterum</strong></span> <span class='ocrx_word' id='word_1_631' title='bbox 3023 5008 3276 5088; x_wconf 61' lang='lat' dir='ltr'><strong>exscripta</strong></span> <span class='ocrx_word' id='word_1_632' title='bbox 3300 5045 3316 5068; x_wconf 66' lang='grc' dir='ltr'><strong>ν</strong></span> 
     </span>
    </p>
   </div>
   <div class='ocr_carea' id='block_1_96' title="bbox 110 5066 3317 5156">
    <p class='ocr_par' dir='ltr' id='par_1_96' title="bbox 110 5066 3317 5156">
     <span class='ocr_line' id='line_1_97' title="bbox 110 5066 3317 5156; baseline 0.002 -28"><span class='ocrx_word' id='word_1_633' title='bbox 110 5066 217 5156; x_wconf 46' lang='lat' dir='ltr'><strong>gift!</strong></span> <span class='ocrx_word' id='word_1_634' title='bbox 240 5090 340 5131; x_wconf 73' lang='lat' dir='ltr'><strong>vero</strong></span> <span class='ocrx_word' id='word_1_635' title='bbox 354 5066 466 5156; x_wconf 46' lang='lat' dir='ltr'><strong>.vim</strong></span> <span class='ocrx_word' id='word_1_636' title='bbox 488 5066 557 5137; x_wconf 79' lang='grc' dir='ltr'><strong>ἐι.</strong></span> <span class='ocrx_word' id='word_1_637' title='bbox 593 5095 828 5156; x_wconf 63' lang='lat' dir='ltr'><strong>monente</strong></span> <span class='ocrx_word' id='word_1_638' title='bbox 853 5086 907 5140; x_wconf 84' lang='lat' dir='ltr'><strong>in</strong></span> <span class='ocrx_word' id='word_1_639' title='bbox 937 5066 1258 5156; x_wconf 59' lang='lat' dir='ltr'><strong>collectione</strong></span> <span class='ocrx_word' id='word_1_640' title='bbox 1282 5100 1542 5156; x_wconf 77' lang='lat' dir='ltr'><strong>canonum</strong></span> <span class='ocrx_word' id='word_1_641' title='bbox 1572 5087 1672 5156; x_wconf 83' lang='lat' dir='ltr'><strong>legi</strong></span> <span class='ocrx_word' id='word_1_642' title='bbox 1689 5066 2123 5147; x_wconf 48' lang='lat' dir='ltr'><strong>&quot;Baiuwariorum</strong></span> <span class='ocrx_word' id='word_1_643' title='bbox 2143 5066 2216 5141; x_wconf 53' lang='lat' dir='ltr'><strong>ain</strong></span> <span class='ocrx_word' id='word_1_644' title='bbox 2234 5080 2435 5142; x_wconf 83' lang='lat' dir='ltr'><strong>Codice</strong></span> <span class='ocrx_word' id='word_1_645' title='bbox 2471 5086 2839 5156; x_wconf 75' lang='lat' dir='ltr'><strong>Tegernseenst&#39;</strong></span> <span class='ocrx_word' id='word_1_646' title='bbox 2866 5083 3077 5156; x_wconf 57' lang='lat' dir='ltr'><strong>Cinaei.</strong></span> <span class='ocrx_word' id='word_1_647' title='bbox 3098 5066 3234 5156; x_wconf 58' lang='grc' dir='ltr'><strong>ιγίὸ</strong></span> <span class='ocrx_word' id='word_1_648' title='bbox 3255 5091 3317 5156; x_wconf 54' lang='grc' dir='ltr'><strong>,α-</strong></span> 
     </span>
    </p>
   </div>
   <div class='ocr_carea' id='block_1_97' title="bbox 115 5142 3326 5229">
    <p class='ocr_par' dir='ltr' id='par_1_97' title="bbox 115 5142 3326 5229">
     <span class='ocr_line' id='line_1_98' title="bbox 115 5142 3326 5229; baseline 0.001 -24"><span class='ocrx_word' id='word_1_649' title='bbox 115 5147 445 5229; x_wconf 41' lang='grc' dir='ltr'><strong>ζξξῖξξεειςιηῖ.</strong></span> <span class='ocrx_word' id='word_1_650' title='bbox 488 5153 818 5229; x_wconf 27' lang='grc' dir='ltr'><strong>εξε-ᾳκιΑ-ΧΙ.</strong></span> <span class='ocrx_word' id='word_1_651' title='bbox 850 5155 1199 5229; x_wconf 72' lang='lat' dir='ltr'><strong>in._adjc_c_ta,</strong></span> <span class='ocrx_word' id='word_1_652' title='bbox 1232 5155 1320 5210; x_wconf 84' lang='lat' dir='ltr'><strong>ubi</strong></span> <span class='ocrx_word' id='word_1_653' title='bbox 1350 5155 1448 5229; x_wconf 81' lang='lat' dir='ltr'><strong>fol.</strong></span> <span class='ocrx_word' id='word_1_654' title='bbox 1492 5154 1583 5229; x_wconf 57' lang='grc' dir='ltr'><strong>ξι.</strong></span> <span class='ocrx_word' id='word_1_655' title='bbox 1609 5142 1701 5229; x_wconf 63' lang='lat' dir='ltr'><strong>lib.</strong></span> <span class='ocrx_word' id='word_1_656' title='bbox 1745 5142 1909 5212; x_wconf 78' lang='lat' dir='ltr'><strong>VIII.</strong></span> <span class='ocrx_word' id='word_1_657' title='bbox 1951 5144 2068 5229; x_wconf 71' lang='lat' dir='ltr'><strong>cup.</strong></span> <span class='ocrx_word' id='word_1_658' title='bbox 2095 5158 2185 5215; x_wconf 64' lang='lat'><strong>94.</strong></span> <span class='ocrx_word' id='word_1_659' title='bbox 2210 5142 2687 5229; x_wconf 10' lang='lat' dir='ltr'><strong>introitusftivcap.</strong></span> <span class='ocrx_word' id='word_1_660' title='bbox 2714 5158 2766 5210; x_wconf 87' lang='grc'><strong>1.</strong></span> <span class='ocrx_word' id='word_1_661' title='bbox 2806 5152 3035 5229; x_wconf 54' lang='lat' dir='ltr'><strong>concilii</strong></span> <span class='ocrx_word' id='word_1_662' title='bbox 3061 5142 3326 5229; x_wconf 44' lang='lat' dir='ltr'><strong>5515MB“</strong></span> 
     </span>
    </p>
   </div>
   <div class='ocr_carea' id='block_1_98' title="bbox 113 5211 3326 5296">
    <p class='ocr_par' dir='ltr' id='par_1_98' title="bbox 113 5211 3326 5296">
     <span class='ocr_line' id='line_1_99' title="bbox 113 5211 3326 5296; baseline -0 -28"><span class='ocrx_word' id='word_1_663' title='bbox 113 5215 278 5296; x_wconf 33' lang='lat' dir='ltr'><strong>illiilli-ur.</strong></span> <span class='ocrx_word' id='word_1_664' title='bbox 316 5219 492 5296; x_wconf 67' lang='lat' dir='ltr'><strong>idem:</strong></span> <span class='ocrx_word' id='word_1_665' title='bbox 533 5211 1447 5296; x_wconf 33' lang='lat' dir='ltr'><strong>)Yirzihurgensis,iplindanensis,</strong></span> <span class='ocrx_word' id='word_1_666' title='bbox 1503 5226 1639 5282; x_wconf 83' lang='lat' dir='ltr'><strong>Doto</strong></span> <span class='ocrx_word' id='word_1_667' title='bbox 1666 5211 2423 5296; x_wconf 18' lang='lat' dir='ltr'><strong>(lsnehrugenrsis,iRigouuo,</strong></span> <span class='ocrx_word' id='word_1_668' title='bbox 2465 5211 2798 5281; x_wconf 74' lang='lat' dir='ltr'><strong>Rihuuinus.</strong></span> <span class='ocrx_word' id='word_1_669' title='bbox 2849 5211 3326 5296; x_wconf 60' lang='lat' dir='ltr'><strong>PadebruneufiS,</strong></span> 
     </span>
    </p>
   </div>
  </div>
