3924 6318
1259 401 1373 411 ο-σ

1097 329 1101 333 1
1143 257 1360 317 TRIUM
1401 258 2086 319 OTTONUM'CONSTIT.
2130 263 2411 321 ECCLES.

3310 266 3417 322 822

136 388 3411 439 WWW

478 486 544 548 Θ

788 515 1546 732 '/TRIUM
1662 503 2590 735 OTTONUM

422 858 1780 1012 CONSTITUTIONES
1830 852 3223 1064 'ECCLESIASTICJE/

1334 1117 1536 1189 (Pcrtz.
1567 1117 1808 1173 Monum.
1835 1118 2015 1175 Germ.
2038 1120 2188 1191 hist.)

707 1415 1243 1511 OTTONIS
1315 1416 1711 1515 MAGNI.

1811 1352 2866 1511 IONSTITUTIONES.

1288 1779 1608 1840 SYNODUS
1651 1779 2243 1839 lNGELilElMENSlS.

1615 1938 1739 2011 (An.
1774 1939 1924 2012 948.)

203 2089 527 2165 Conventus
564 2089 777 2165 Ottonis
815 2096 979 2165 atque
1016 2088 1277 2147 Ludovici
1303 2105 1502 2165 gregum
1553 2091 1615 2165 in_
1651 2090 2302 2165 palatitLlngelhelmensi
2352 2090 2631 2165 celebrati
2662 2108 2858 2151 causas
2910 2103 3074 2165 atque
3115 2095 3406 2156 historiam

120 2159 411 2236 Ricberus
451 2162 754 2236 monachus
788 2159 1361 2236 uberrimeexposuit,
1380 2159 1538 2236 'unde
1566 2159 1797 2236 plurima
1838 2159 2174 2236 Trithemius
2202 2164 2372 2236 abbas
2396 2161 2928 2236 Spanbeimensisin
2960 2159 3253 2223 Historiam
3278 2169 3407 2236 Βίτ-

120 2232 479 2315 saugiensem
503 2231 892 2315 'l'ranscripsit;
932 2231 1284 2315 succinctam
1319 2232 1387 2315 de
1423 2231 1694 2315 _rebus_in
1747 2248 1817 2315 eo
1847 2234 2017 2315 gestis
2052 2231 2805 2315 narrationem—Fictioardus
2844 2235 3144 2315 Annalibus
3183 2233 3298 2315 suis
3334 2240 3406 2315 ad

125 2317 223 2355 an.
243 2301 392 2373 948,
420 2310 476 2357 et
501 2301 753 2373 Historia:
782 2302 1035 2373 Remensi
1061 2301 1310 2373 inseruit.
1336 2303 1471 2373 Acta
1506 2303 1826 2373 prodierunt
1848 2301 1901 2357 in
1924 2303 2134 2373 Canisii
2163 2302 2515 2373 Lectionibus
2543 2301 2611 2359 ex
2638 2303 2827 2360 codice
2860 2306 3201 2363 bibliothecae
3225 2306 3407 2364 Wein-

121 2372 433 2495 Emensis,
476 2372 619 2427 male
660 2372 1009 2441 transcripto,
1053 2370 1207 2441 cujus
1254 2372 1482 2442 vestigia
1506 2370 1587 2427 'in
1619 2372 1965 2429 bibliothecis
2001 2373 2150 2443 regia
2182 2372 2603 2442 Stuttgardiensi
2655 2382 2712 2428 et
2750 2374 3002 2431 Fuldensi
3038 2391 3160 2446 quae
3189 2378 3406 2434 codices

199 2441 583 2495 (sinuat-tenses
598 2442 811 2495 interse
831 2443 1043 2495 partita:
1057 2451 1202 2495 sunt.
1226 2456 1435 2495 necnon
1464 2441 1518 2495 in
1544 2443 1690 2495 regia
1719 2443 2038 2495 Parisiensi.
2059 2444 2191 2495 viris
2213 2442 2531 2495 clarissimis
2554 2444 2616 2495 D.
2637 2442 2850 2495 Mosero
2877 2445 3065 2495 Ilauck
3081 2446 3327 2495 ethéra
3338 2449 3400 2495 nt

199 2441 583 2514 eingartenscs
598 2442 811 2497 interse
831 2443 1043 2514 partita:
1057 2451 1202 2514 sunt,
1226 2441 1435 2498 necnon
1464 2441 1518 2496 in
1544 2443 1690 2514 regia
1719 2443 2038 2507 Parisiensi,
2059 2441 2191 2498 viris
2213 2441 2531 2499 clarissimis
2554 2444 2616 2497 Ι).
2637 2442 2850 2501 Mosero
2877 2441 3327 2503 llauclietGuéra
3338 2449 3403 2507 rd

119 2511 561 2587 operani_suam_
581 2511 986 2587 praestantibus,
1014 2512 1320 2587 implorare,
1352 2527 1508 2587 casso
1538 2511 1718 2587 tamen
1753 2514 1962 2587 labore,
2000 2514 2224 2587 studu_i;_
2244 2514 2455 2587 seriem
2474 2514 2690 2587 tandem
2715 2517 3319 2587 episcoporumreperi
3346 2518 3405 2576 in

121 2581 324 2637 codice
353 2581 696 2657 bibliotheca:
726 2582 989 2657 Caesarea:
1014 2581 1447 2657 Vindoboncnsis
1471 2582 1955 2657 in‘catalogojuris
1980 2583 2228 2649 canonici
2245 2583 2403 2657 n_.,_99,
2430 2583 2523 2657 fol.
2546 2583 2638 2650 87,
2661 2581 2833 2657 mhi,
2854 2581 2981 2642 επεὶ).
3012 2603 3066 2647 x.
3096 2586 3174 2642 Ex
3198 2581 3401 2657 ('[uibus

118 2668 188 2707 ea
226 2661 505 2726 qumacta
542 2653 660 2722 ipsa
692 2654 999 2726 exprimere
1037 2653 1304 2726 videntur,
1339 2654 1437 2726 hic
1461 2653 1770 2726 referimus“.
1808 2653 2108 2726 liicherus.
2134 2653 2477 2726 satculipnoni
2508 2655 2757 2726 exeuntis
2786 2667 2999 2726 auctor,
3027 2653 3236 2726 prolixa
3267 2674 3400 2713 con-

121 2720 329 2798 ventus
360 2723 530 2798 ipsius
558 2720 836 2798 acta‘ante
857 2724 1044 2798 oculos
1069 2723 1326 2798 habuisse
1354 2724 1587 2789 videtur,
1610 2724 1704 2779 sed
1742 2724 1957 2798 diversa
1981 2724 2050 2779 ab
2080 2724 2146 2798 iis
2173 2738 2293 2798 qua:
2322 2720 2660 2798 Flodoardus
2679 2733 2739 2798 et
2768 2722 2938 2798 codex
2964 2720 3404 2798 weingartensis

121 2792 404 2865 referunt,
428 2794 505 2849 ita
536 2803 595 2848 ut
623 2793 839 2865 cuinam
865 2794 1045 2865 potius
1083 2794 1138 2849 in
1181 2803 1424 2865 tempore
1455 2803 1754 2851 conventus
1787 2795 2167 2856 constituendo
2184 2792 2335 2853 .Iides
2372 2795 2618 2856 habenda
2648 2794 2741 2864 sit,
2765 2796 2973 2856 chartis
2999 2792 3213 2856 Ottonis
3237 2812 3306 2861 ea
3333 2800 3402 2864 de

123 2878 187 2920 re
217 2862 532 2932 silentibus,
555 2879 683 2921 vere
703 2862 899 2935 ambigi
917 2866 1109 2935 possit.

123 3018 457 3075 Prwlocutio
480 3018 991 3077 RotbertinTreverici
1012 3020 1396 3093 metropolitani
1415 3023 1471 3078 in
1494 3023 1713 3095 synodo.
1744 3024 1797 3088 Α
1822 3030 2033 3096 busqne
2059 3023 2263 3080 redeat.
2288 3022 2440 3092 Quod
2464 3031 2522 3080 ut
2550 3024 2661 3081 Deo
2688 3033 2962 3080 annuente
2988 3023 3107 3080 ﬁeri
3134 3033 3321 3095 queat,
3344 3026 3399 3082 in

197 3111 371 3167 Multa
413 3119 563 3180 sunt,
614 3111 801 3170 Patres
843 3114 1148 3180 reverendi,
1188 3114 1384 3184 quibus
1430 3113 1520 3170 hic
1568 3115 1713 3185 apud
1816 3119 2008 3194 primis
2064 3116 2331 3173 audienda
2398 3124 2564 3187 atque
2629 3116 3007 3173 strenuissime
3068 3116 3432 3187 disponenda-

120 3204 513 3260 Sel'cniSSimOS
540 3218 720 3275 r8363.
746 3204 799 3260 in
838 3220 1004 3260 unum
1031 3205 1205 3261 coacti
1235 3205 1555 3262 residemns.
1583 3205 1713 3261 Plu-
1817 3212 2033 3268 videtur
2058 3225 2224 3266 causa
2257 3209 2439 3266 domui
2465 3224 2529 3265 ac
2560 3208 2893 3267 serenissimi
2928 3209 3087 3281 regis,
3111 3210 3157 3264 si
3181 3208 3234 3263 id
3264 3225 3389 3280 quo-

123 3296 271 3352 rima
296 3297 459 3352 etiam
481 3311 603 3367 quae
624 3305 804 3355 vestra
826 3297 1097 3369 probitate
1112 3298 1412 3355 ordinanda
1437 3299 1709 3355 videntur.
1819 3320 1924 3374 que
1953 3303 2125 3360 vestri
2147 3302 2340 3373 judicii
2369 3301 2618 3373 paciatur
2646 3315 2897 3358 censura.

120 3385 327 3442 Totius
353 3402 491 3458 pene
511 3386 700 3444 Gallia:
726 3402 840 3443 rem
867 3387 1138 3459 publicam
1166 3403 1460 3460 pravorum
1489 3389 1704 3445 temeri-
1804 3382 1811 3385 “
1889 3393 2137 3467 Synodus
2160 3394 2294 3450 dixit
2324 3412 2337 3449 :
2366 3394 2650 3449 Audiatur.

2853 1181 3042 1280 om
3082 1187 3197 1275 πη

122 3487 247 3534 tate
319 3479 623 3548 turbatam,
707 3481 1028 3552 magnisque
1093 3478 1380 3550 subjacere
1456 3480 1714 3551 periculis

122 3577 370 3625 constat.
414 3567 571 3626 Unde
604 3569 838 3640 etleges
881 3569 1082 3626 divinae
1119 3578 1282 3641 atque
1328 3570 1579 3625 humana:
1624 3569 1711 3625 in-

121 3661 371 3717 discrete
417 3675 449 3715 a
509 3659 776 3717 malivolis
815 3667 1299 3732 contempnuntur,
1342 3674 1487 3715 cum,
1522 3658 1571 3714 is
1623 3659 1711 3714 cui

121 3765 423 3822 regnorum
481 3754 607 3821 jura
657 3752 954 3818 debentur,
1004 3760 1061 3808 et
1117 3750 1421 3824 imperandi
1470 3758 1713 3822 potestas

122 3842 504 3900 transfusione
540 3853 769 3916 paterna
810 3845 1019 3901 credita
1057 3853 1163 3913 est,
1210 3860 1434 3901 suorum
1476 3845 1712 3902 insecta-

122 3939 283 3995 tione
328 3948 543 4010 captus,
593 3939 976 4010 ergastuloque
1022 3939 1359 3995 immaniter.
1391 3939 1708 4008 trusus..sit,

119 4045 354 4086 suorum
393 4030 573 4086 adhuc
605 4029 801 4102 gladiis
846 4030 1152 4099 infestetur,
1182 4030 1476 4087 Remorum
1499 4045 1713 4101 quoque

120 4121 472 4193 metropolim
507 4123 713 4193 absque
741 4131 964 4194 pastore
1001 4122 1149 4179 fures
1187 4124 1527 4181 atrocissime
1563 4124 1711 4180 inse-

120 4224 368 4282 ctentur,
388 4217 567 4271 cultus
593 4216 809 4272 divinus
834 4216 1080 4281 vilescat,
1109 4215 1301 4288 religio
1320 4216 1584 4272 canonica
1612 4231 1713 4287 pro

122 4306 301 4364 nihilo
322 4293 415 4363 sit.
438 4307 533 4364 llis
548 4322 700 4380 ergo,
714 4307 928 4377 Patres,
952 4308 1435 4365 vehementissime
1456 4300 1715 4364 insisten-

1817 3504 2134 3577 Conquestio
2168 3503 2442 3566 Ludovici
2492 3506 2627 3578 regis
2668 3506 2808 3576 apud
2854 3504 3097 3563 Ottonem
3138 3522 3308 3578 regem
3350 3516 3399 3562 et

2166 3584 2170 3589 '
2302 3602 2307 3608 ’
2382 3576 2641 3645 synodum
2677 3578 2842 3647 regni.

1891 3666 2106 3735 Quanto
2127 3665 2367 3737 Hugonis
2389 3666 2670 3733 instinctu,
2694 3675 3006 3739 quantoque
3025 3667 3141 3739 ejus
3166 3669 3398 3739 impulsu

1818 3756 2078 3828 conqueri
2104 3770 2292 3828 cogor,
2343 3755 2500 3812 testis
2536 3765 2622 3812 est
2661 3756 2769 3824 ille,
2803 3757 2958 3828 cujus
2984 3757 3157 3830 gratia
3189 3773 3284 3814 vos
3311 3757 3399 3812 hic

1815 3855 2177 3919 congregatos
2200 3845 2363 3918 paulo
2390 3854 2518 3902 ante
2540 3846 2770 3903 relatum
2793 3856 2894 3904 est.
2921 3847 3082 3904 Pater
3110 3848 3249 3919 ejus,
3287 3856 3402 3902 uta

1815 3938 2085 4010 principio
2106 3937 2381 4005 exordiar,
2402 3937 2545 4008 patri
2570 3952 2690 3995 meo
2717 3954 2943 4011 regnum
2973 3938 3243 4006 invidens,
3272 3938 3399 4002 dum

1816 4029 1867 4086 ei
1900 4029 2046 4087 domi
2084 4028 2399 4100 militiaeque
2437 4028 2733 4091 servitium,
2757 4031 3207 4102 deberet,,regno
3245 4030 3402 4087 illum

1786 4121 2130 4177 -immaniter
2165 4120 2401 4191 privavit
2436 4127 2493 4177 et
2529 4135 2700 4191 usque
2733 4121 2803 4177 ad
2840 4121 2966 4178 vita:
3003 4122 3121 4193 ejus
3145 4137 3398 4194 suprema

1814 4210 2094 4282 ergastulo
2130 4209 2396 4266 inclusum
2431 4223 2552 4267 esse
2590 4210 2738 4267 fecit.
2777 4209 2862 4266 Me
2901 4224 3032 4269 vctto
3068 4224 3295 4280 parvum
3345 4210 3399 4265 in

1817 4299 2082 4357 fasciculo
2112 4298 2406 4374 farraginis
2436 4315 2468 4355 a
2504 4300 2643 4357 meis
2671 4299 3091 4367 dissimulatum,
3130 4300 3186 4355 in
3217 4308 3398 4371 partes

121 4400 256 4455 dum
286 4399 553 4467 arbitror,-
577 4400 855 4471 multaque
876 4398 1035 4457 nobis
1058 4397 1337 4471 diiigentia
1367 4398 1703 4463 enitendum,
1736 4403 1782 4464 Β
1818 4393 2217 4450 transmarinas
2254 4402 2311 4448 et
2355 4406 2522 4464 prope
2571 4393 2625 4448 in
2664 4392 2850 4457 Rifeos
2892 4392 3078 4480 fugere
3118 4393 3401 4466 compulit,

121 4493 218 4561 qui
244 4491 421 4563 gratia
448 4492 623 4549 sancti
647 4491 889 4564 Spiritus
924 4492 1013 4549 hic
1042 4492 1095 4547 in
1123 4507 1289 4547 unum
1325 4488 1706 4557 conﬂuximus,
1758 4544 1759 4547 η

122 4583 389 4651 quatinus
418 4598 508 4640 res
535 4592 663 4639 ante
687 4583 960 4667 dissolutae
981 4583 1138 4639 sicin
1165 4581 1616 4647 fmdus'rcdeant,
1650 4588 1710 4638 ut

128 4682 186 4728 et
207 4672 411 4729 domno
436 4688 497 4729 ac
512 4664 869 4731 serenissimo
888 4674 1001 4746 regi
1027 4672 1195 4729 libera
1225 4672 1483 4744 regnandi
1512 4662 1732 4728 reddo?

129 4769 219 4815 tur
250 4769 510 4831 potestas,
539 4772 595 4819 et
636 4778 734 4833 per
772 4778 896 4820 eum
933 4762 1179 4820 ecclesia:
1205 4760 1462 4820 Remensi
1499 4761 1711 4818 debitus

123 4866 260 4907 suus
284 4852 608 4908 restituatur
632 4855 824 4911 honor.

345 4939 633 5012 Responsio
663 4943 861 4998 Marini
889 4943 1141 5000 Romana:
1161 4945 1300 5000 sedis
1320 4943 1511 5015 legati.

196 5033 418 5104 Optime
487 5045 650 5107 atque
716 5036 926 5093 utiliter
996 5037 1165 5093 frater
1229 5053 1294 5094 ac
1358 5038 1711 5108 coepiscopus

130 5124 425 5181 Botbertus
446 5138 628 5182 rerum
663 5128 857 5183 seriem
883 5129 1073 5185 tenuit.
1108 5130 1320 5185 Etenim
1348 5145 1470 5185 cum
1499 5128 1711 5184 divinas

128 5215 278 5285 leges
307 5216 560 5272 humanis
592 5219 985 5288 pra'ponendas
1016 5219 1133 5289 ipsc
1171 5217 1706 5290 pet-noscat,-cousi-

126 5306 319 5361 derata
367 5317 548 5364 tamen
592 5323 773 5364 rerum
824 5309 1062 5375 fortuna,
1106 5310 1273 5381 regiae
1318 5308 1709 5365 dominationis

127 5398 420 5467 imperium
457 5408 584 5455 ante
620 5400 760 5455 dixit
797 5400 1237 5466 rcstaurandum,
1267 5408 1327 5455 ut
1363 5397 1480 5468 ejus
1515 5400 1708 5471 vigore

128 5492 365 5557 ﬁmtato,
389 5494 614 5566 ejusque
643 5495 884 5565 potentia
907 5496 1111 5551 utiliter
1138 5496 1409 5561 restituta,
1440 5496 1559 5565 ejus
1588 5503 1709 5566 post

88 5582 485 5652 liberalitate,
528 5586 1018 5643 eccicsiarumDei
1077 5589 1253 5646 honor
1310 5597 1710 5658 consequenter

130 5685 420 5747 recrescat,
452 5678 571 5752 ejus
600 5678 917 5753 patrocinio
945 5688 1163 5753 agente,
1200 5681 1373 5738 virtus
1411 5681 1567 5739 bonis
1590 5681 1706 5751 qui—

1813 4483 1978 4539 Patre
2002 4492 2187 4540 autem
2226 4485 2469 4547 extincto
2508 4492 2688 4541 etme
2728 4486 2784 4541 in
2821 4486 3043 4555 exilium
3092 4489 3394 4557 deportato,

1813 4576 1920 4632 iste
1948 4591 2075 4632 cum
2117 4577 2565 4635 reminisceretur
2598 4577 2680 4633 sui
2719 4577 2911 4648 patris,
2936 4577 3015 4643 ob
3053 4576 3398 4637 insolentiam

1813 4666 2111 4735 interfecti,
2148 4668 2299 4739 regni
2325 4683 2521 4727 curam.
2545 4668 2823 4739 suscipere
2854 4667 3201 4728 formidabat.
3232 4667 3399 4739 Nobis

1813 4758 2000 4830 itaque
2018 4734 2297 4826 invidens,
2332 4756 2626 4823 Bodulfum
2665 4734 2969 4829 promovit.
2999 4756 3107 4827 Sed
3138 4734 3398 4813 divinitas

1796 4864 1907 4913 ,res
1936 4848 2081 4906 illius
2100 4849 2242 4905 sicut
2269 4856 2327 4904 et
2344 4856 2536 4907 cetera
2548 4847 2947 4918 determinaus,
2979 4847 3031 4904 ei
3058 4847 3275 4920 quando
3304 4860 3398 4900 vo-

1812 4942 1913 5000 luit
1938 4943 2110 5007 ﬁnem.
2126 4941 2386 5014 regnandi
2412 4940 2581 4998 dedit.
2606 4941 2746 4997 Dum
2766 4941 2894 4996 item
2913 4955 3136 5012 regnum
3153 4948 3368 4994 vacaret
3383 4979 3395 5001 ,

1813 5035 2043 5092 consilio
2064 5034 2329 5095 bonorum
2357 5050 2510 5092 mea
2547 5035 2793 5105 partibus
2835 5033 3140 5107 peregrinis
3169 5032 3395 5090 exulan-

1816 5136 1920 5182 tem
1976 5126 2276 5192 rcvocavit,
2331 5141 2397 5183 ac
2436 5126 2686 5191 omnium.
2730 5125 3036 5200 conibentia
3079 5125 3134 5179 in
3172 5139 3395 5195 regnum

1813 5216 2107 5286 promovit,
2136 5215 2437 5285 nihilmibi
2474 5227 2673 5288 prmter
2706 5216 3024 5272 Laudunum
3063 5214 3393 5283 relinquens.

1784 5362 1788 5367 .
1812 5310 2210 5381 Promotusque
2231 5327 2356 5367 cum
2383 5326 2446 5367 ea
2477 5327 2598 5383 qua:
2621 5312 2752 5383 regii
2771 5310 2911 5381 juris
2936 5308 3275 5370 videbantur,
3308 5322 3395 5361 re-

1788 5412 2002 5472 petere
2043 5403 2269 5471 niterer,
2311 5403 2364 5459 id
2399 5403 2739 5459 invidissiine
2782 5401 3005 5467 ferebat.
3042 5399 3239 5456 Factus
3266 5411 3399 5468 ergo

1786 5494 2041 5551 .latenter
2095 5495 2477 5562 adversarius,
2540 5494 2745 5550 amicos
2788 5494 2831 5549 si
2892 5508 3030 5565 quos
3094 5490 3389 5555 habebam,

1810 5587 2057 5656 pecuniis
2099 5586 2483 5652 subvertebat,
2530 5585 2779 5642 inimicos
2827 5585 2882 5639 in
2929 5584 3112 5640 odium
3164 5579 3395 5652 amplius

1813 5678 2098 5735 incitabat.
2117 5676 2358 5735 Tandem
2381 5686 2607 5750 urgente
2624 5676 2846 5746 invidia,
2873 5676 3011 5748 apud
3033 5673 3238 5746 piratas
3262 5671 3394 5743 egit,
