3924 6318
638 284 745 343 ἥδ

1375 284 1665 343 APPEND.
1701 284 1794 349 AD
1834 286 2008 343 SxEC.
2048 285 2117 343 Χ.
2152 317 2198 328 -

2299 288 2690 349 LO'NUM'EN'I‘A-
2730 291 3209 373 DlPLQMATlCA.

3840 188 3864 377 ἡ

632 410 789 457 utan
810 399 893 457 eis
918 400 1040 457 dolo
1090 415 1340 471 caperer,
1375 416 1602 471 regnum
1639 401 1692 456 in
1725 416 1785 456 se
1810 415 1968 473 posse
2002 399 2213 455 refundi
2242 414 2292 471 Α
2320 420 2450 461 nunt
2471 407 2651 462 redire
2672 418 2956 479 cogantur,
2983 418 3044 465 ut
3069 410 3153 465 vel
3181 410 3361 468 invitis
3373 413 3501 479 bona
3528 429 3784 486 praestentur.

636 492 936 558 arbitram,
962 494 1007 548 si
1046 494 1098 548 id
1137 493 1257 548 fieri
1300 492 1649 563 contigisset.
1673 492 1785 560 Nec
1810 492 1981 548 defuit
2008 493 2220 550 insidiis

635 581 885 640 effectus.
932 583 1135 654 Captus
1177 583 1279 649 fui,
1327 583 1644 654 careeriqne
1703 589 2067 655 mancipatus.
2125 583 2219 640 ille

633 690 784 735 vero.
804 689 892 731 me
921 676 1131 747 eripere
1159 674 1440 740 simulans,
1471 674 1611 735 filios
1640 690 1790 739 meos
1813 676 1937 748 jure
1968 676 2217 732 obsidum

634 762 843 820 dandos
878 765 1115 835 petebat.
1143 764 1216 819 At
1253 763 1320 819 iis
1357 764 1449 835 qui
1481 765 1619 819 mihi
1645 765 1751 827 fide
1788 765 2027 835 adjuncti
2062 774 2221 823 erant

633 866 826 906 omnes
850 851 969 907 dari
995 852 1439 920 reclamantibus,
1460 853 1686 910 dimisso
1716 870 1845 921 uno,
1868 871 1896 910 a
1923 856 2111 926 piratis
2133 871 2220 911 me

634 942 857 1011 recepit.
887 941 1005 998 Jatn
1036 943 1345 999 libertatem
1372 957 1621 1015 sperans,
1650 961 1757 1016 quo
1787 947 2000 1001 animus
2029 945 2219 1015 impel-

633 1031 771 1088 leret
815 1032 896 1088 ire
932 1032 1203 1089 volebam.
1242 1032 1443 1089 Verum
1493 1034 1654 1093 aliter
1690 1035 2006 1106 provenisse
2041 1035 2217 1093 mani-

635 1124 829 1179 festum
871 1133 976 1181 est.
1013 1125 1148 1180 Nam
1198 1134 1415 1197 captum
1456 1141 1582 1182 mox
1615 1127 1667 1181 in
1696 1127 1914 1183 vincula
1956 1127 2230 1199 conjecit,

634 1228 700 1270 ac
722 1215 943 1270 annnali
966 1216 1176 1271 carceri
1200 1215 1550 1285 mancipavit.
1585 1215 1739 1283 Unde
1769 1231 1892 1272 cum
1916 1231 1947 1271 a
1969 1217 2216 1287 cognatis

630 1312 690 1359 et
747 1304 942 1361 amicis
1004 1305 1144 1360 meis
1207 1305 1616 1375 indignantibus
1668 1320 1791 1361 sese
1845 1304 2213 1377 impetendum

632 1398 966 1464 adverteret,
986 1397 1298 1460 libertatem
1339 1397 1627 1481 spopondit
1656 1398 2046 1468 siLaudunum
2072 1398 2225 1455 aeci-,

629 1494 804 1555 perct.
834 1485 949 1543 lioc
977 1494 1189 1542 tantum
1237 1486 1552 1554 claudebar,
1595 1488 1697 1544 hoc
1740 1489 1857 1544 solo
1894 1504 2015 1545 cum
2044 1506 2214 1546 uxore

629 1584 686 1631 et
738 1578 884 1633 natis
939 1578 1264 1649 recipiebar.
1292 1576 1431 1645 Quid
1489 1576 1766 1634 facerent?
1795 1579 1990 1635 Castro
2041 1581 2211 1636 vitam

628 1670 927 1740 praeposui;
986 1686 1086 1742 pro
1142 1678 1324 1727 castro
1385 1670 1695 1727 libertatem
1762 1674 1960 1739 merui.
2013 1674 2080 1742 Et
2140 1690 2210 1739 en

2646 496 2834 553 Oratio
2860 497 3068 557 Ottonis
3098 502 3231 570 regis
3259 518 3351 572 pro
3383 505 3565 561 eodem.

2365 665 2370 669 _
2392 587 2555 643 Multa
2581 598 2726 656 sunt,
2748 589 2961 655 Patres,
2984 591 3267 658 beneficia,
3298 609 3415 664 qua:
3443 612 3473 651 a
3501 599 3629 656 vobis
3652 601 3791 659 domno

2322 697 2387 748 ac
2416 683 2768 739 serenissimo
2805 684 2920 756 regi
2957 683 3231 741 Ludovico
3259 687 3458 745 utiliter
3484 696 3789 750 accommodari

2319 773 2597 829 valebunt.
2631 775 2845 831 Etenim
2884 775 3081 844 si,ejus
3111 777 3459 843 insectatores
3489 782 3634 838 armis
3657 784 3795 846 divinis

2319 865 2664 932 adoriamini,
2711 875 3107 937 consequenter
3134 877 3230 923 aut
3258 868 3395 925 facili
3425 871 3627 927 tumultu
3657 874 3791 930 devicti

2318 955 2619 1022 labaseent,
2647 964 2742 1012 aut
2761 956 2806 1012 si
2839 957 2965 1026 quid
2991 957 3354 1028 impetendum
3379 960 3689 1032 relinquetur,
3712 964 3795 1018 faci-

2320 1047 2422 1103 lius
2469 1048 2675 1104 nostris
2721 1048 2889 1104 armis
2916 1047 3301 1108 infirmabitur.
3347 1047 3452 1105 Vos
3476 1066 3608 1121 ergo,
3639 1052 3795 1123 jubente

2319 1140 2501 1197 domui
2552 1155 2705 1212 papa:
2748 1140 2967 1212 legato,
3024 1140 3193 1197 vestri
3246 1142 3450 1204 ordinis
3520 1142 3791 1198 instrumenta

2317 1230 2543 1296 exerite,
2582 1240 2666 1287 ‘ac
2722 1232 2861 1286 tanti
2925 1230 3072 1302 regis
3132 1231 3472 1299 adversarios
3521 1234 3803 1301 anathemata

2317 1322 2494 1394 gladio
2524 1323 2978 1379 transverberate.
2994 1322 3195 1378 Contra
3214 1340 3335 1394 qua:
3356 1324 3398 1380 si
3421 1325 3653 1380 cetvicem
3670 1336 3797 1395 postea

2315 1414 2529 1484 erigere
2571 1415 2826 1481 audeant,
2872 1423 2929 1471 et
2952 1415 3240 1471 dominicis
3297 1416 3584 1472 interdictis
3617 1417 3797 1471 resistere

2314 1519 2422 1560 non
2444 1504 2755 1572 formidant,
2779 1516 3026 1561 nostrum
3053 1506 3252 1562 exinde
3269 1508 3396 1572 erit,
3420 1509 3598 1577 quibus
3620 1511 3797 1563 commis-

2317 1609 2437 1650 sum
2472 1594 2637 1650 estin
2664 1595 2769 1651 hac
2792 1595 2979 1651 mundi
3011 1606 3168 1667 parte
3192 1607 3434 1653 sanctam
3466 1597 3553 1652 Dei
3575 1598 3793 1653 medesiam

2316 1683 2480 1749 tueri,
2502 1695 2564 1740 ut
2590 1684 2643 1756 in
2688 1685 2826 1742 tales
2862 1700 3015 1740 arma
3039 1700 3340 1755 sumamus,
3364 1686 3644 1757 hujusmodi
3673 1688 3797 1744 debel-

624 1765 881 1819 omnibus
904 1765 1167 1836 privatus,
1226 1764 1469 1820 omnium
1517 1780 1673 1835 opem
1724 1767 1976 1839 deposco.
2029 1767 2127 1824 ms
2160 1770 2507 1836 si'Blemus.
2559 1776 2626 1831 Et
2686 1777 2733 1833 si
2779 1778 3079 1833 necessitas
3135 1778 3414 1851 adurgeat,
3459 1780 3641 1836 strictis
3670 1780 3808 1852 gladiis

625 1853 736 1907 dux
759 1853 1037 1908 contraire
1094 1854 1313 1922 audeat,
1364 1855 1522 1910 nobis
1588 1864 1798 1925 tantum
1858 1857 2211 1931 singulariter

626 1940 1089 2011 congrediendum
1122 1943 1214 1998 sit.

979 2052 1164 2111 Oratio
1200 2053 1433 2110 Iiolberti
1455 2072 1550 2127 pro
1570 2055 1872 2128 Lucloeiro.‘

695 2168 963 2236 Quoniam
987 2169 1170 2235 domui
1192 2180 1357 2243 atque
1382 2174 1717 2237 serenissimi
1744 2176 1889 2248 regis
1913 2178 2048 2241 satis
2078 2178 2209 2234 bre-

624 2262 769 2317 viter
795 2276 861 2317 ac
883 2261 1118 2319 dilucide
1144 2264 1432 2336 digestam,
1462 2266 1667 2337 optime
1704 2276 1765 2322 ut
1808 2269 2045 2325 arbitror
2073 2285 2207 2327 con-

623 2356 965 2426 questionem
1025 2358 1390 2429 percepimus,
1454 2375 1796 2432 consequens
1854 2363 2092 2429 videtur,
2148 2374 2207 2426 ut

621 2444 739 2514 ejus
763 2462 984 2504 causam
1016 2449 1070 2504 in
1100 2460 1363 2520 quantum
1394 2451 1477 2507 fas
1506 2462 1591 2508 est
1610 2453 2054 2512 determinemus.
2086 2459 2204 2514 Dux

621 2554 753 2610 ergo
783 2541 909 2615 quia
944 2542 1124 2599 omnia
1153 2558 1290 2614 pene
1326 2545 1476 2615 regni
1502 2545 1625 2615 jura
1652 2548 1703 2602 in
1738 2563 1856 2604 sese
1889 2551 2202 2617 transfudit,

620 2631 782 2702 eique
853 2633 1063 2691 viribus
1129 2637 1293 2693 reniti
1362 2655 1470 2695 non
1497 2640 1781 2708 valemus,
1850 2642 2036 2698 mitius
2102 2642 2205 2700 hoc

606 2726 1056 2795 .attentptandum
1078 2728 1334 2796 arbitror,
1366 2739 1426 2786 ut
1459 2732 1550 2801 qui
1575 2731 1742 2789 Deum
1773 2749 1879 2791 non
1907 2734 2125 2798 metuit,
2149 2742 2205 2789 ct

619 2815 896 2870 hominem
947 2832 1054 2874 non
1104 2828 1402 2887 reveretur,
1449 2822 1616 2877 multa
1665 2824 1878 2900 ratione
1925 2825 2203 2896 multaque

619 2922 802 2962 rerum
833 2910 1294 2979 consideratione,
1336 2915 1399 2968 ad
1431 2930 1677 2970 normam
1719 2916 1830 2971 Deo
1858 2917 2084 2988 juvante
2117 2933 2204 2972 rc-

620 3000 870 3057 dueatur.
911 3003 1081 3076 Igitur
1111 3006 1267 3078 juxta
1306 3007 1528 3064 Patrum
1567 3012 1809 3077 decreta,
1850 3021 1905 3067 et
1925 3030 2197 3070 canonum

619 3089 883 3158 regulam,
912 3091 1164 3163 inprimis
1196 3096 1263 3150 ad
1310 3098 1744 3155 satisfactionem
1795 3102 2036 3157 fraterne
2081 3119 2269 3192 maca

620 3179 827 3235 nendus
851 3190 959 3248 est,
995 3183 1286 3255 verbisque
1321 3190 1584 3244 suasoriis
1619 3193 1686 3245 ad
1720 3192 1773 3247 id
1800 3194 2199 3251 ntodestissime

616 3271 975 3326 revocandus.
1037 3271 1191 3339 Quod
1245 3276 1290 3329 si
1343 3288 1465 3347 post
1526 3279 1776 3336 blandam
1841 3286 2201 3342 revocatiouis

618 3358 1062 3419 ammonitionem
1087 3364 1404 3435 resipiscere
1431 3369 1683 3434 uoluerit,
1707 3373 1948 3429 omnium
1969 3376 2207 3435 anathe-_

614 3458 764 3505 mate
791 3450 1038 3522 feriatur,
1084 3456 1187 3512 hoc
1236 3458 1498 3517 habentes
1536 3464 1809 3534 praesidio,
1841 3468 1982 3536 quod
2016 3466 2129 3537 jam
2169 3485 2199 3524 a

614 3542 815 3598 domno
858 3560 993 3617 papa
1036 3562 1314 3608 correctus
1343 3554 1431 3621 sit,
1471 3556 1765 3628 jussusque
1812 3575 1843 3615 a
1883 3560 2087 3631 domini
2114 3562 2197 3618 sui

614 3634 970 3693 insectatione
998 3641 1300 3710 quiescere.

883 3746 1169 3821 Responsio
1198 3754 1395 3812 Marini
1421 3756 1581 3829 legati
1607 3777 1702 3830 pro
1728 3762 1928 3819 eodem.

678 3855 1019 3924 licmiuiscor,
1087 3861 1343 3925 domuum
1392 3882 1586 3940 papam
1627 3882 1753 3928 ante
1800 3875 1944 3930 hunc
1990 3892 2207 3933 annum.

611 3950 900 4006 anathema
963 3954 1014 4008 in
1076 3971 1200 4014 reos
1233 3959 1447 4017 misisse
1490 3963 1583 4032 qui
1620 3964 1764 4021 hunc
1814 3967 2092 4024 dominum
2138 3980 2195 4027 et

608 4056 791 4112 regem
823 4043 1154 4104 Francorqu
1199 4049 1630 4120 insectabantur,
1667 4057 1950 4128 epistolam
1975 4076 2192 4132 quoque

610 4134 935 4212 suasoriam,
964 4140 1114 4195 utab
1142 4156 1210 4201 eo
1236 4158 1341 4198 non
1369 4144 1646 4213 deficiant,
1671 4150 1829 4206 bonis
1859 4152 2192 4221 quibuslibet

608 4224 933 4298 dclegatam,
961 4240 1125 4302 atque
1161 4238 1608 4307 conquestionem
1639 4242 1706 4297 de
1730 4244 1918 4299 eadem
1949 4260 2007 4301 re
2042 4247 2188 4304 litte-

608 4320 688 4374 ris
707 4337 1040 4412 expressam,
1061 4327 1129 4383 iis
1144 4330 1339 4399 quibus
1360 4334 1547 4390 sanior
1568 4350 1721 4392 mens
1744 4348 1864 4395 erat
1883 4339 2188 4412 delegatum

603 4411 794 4468 fuisse.
830 4407 987 4483 Unde
1023 4425 1079 4473 et
1110 4421 1304 4491 opinor
1319 4420 1617 4493 iustissime
1643 4427 1868 4496 dictum,
1900 4407 2031 4488 cuni
2062 4442 2201 4489 ante.

2312 1879 2485 1933 usque
2522 1866 2591 1921 ad
2630 1864 3084 1922 immanissimam
3143 1867 3349 1932 caedem
3401 1868 3796 1941 perditissimorum

2312 1954 2590 2023 hominum
2621 1955 3202 2027 deseviamus,gbabita
3233 1958 3287 2013 in
3316 1957 3438 2023 illos
3468 1957 3797 2027 justissima-in-

2310 2046 2640 2115 dignationis
2664 2062 2853 2115 causa,
2896 2049 3040 2120 quod
3072 2048 3261 2104 illicita
3284 2052 3660 2123 aggrediantur,
3683 2061 3723 2106 et
3738 2067 3798 2121 pro

2310 2137 2519 2192 illicitis
2544 2140 2851 2207 ammoniti,
2877 2156 2985 2196 non
3019 2142 3387 2214 corrigantur.
3419 2144 3521 2199 Vos
3548 2145 3696 2215 itaque
3719 2154 3797 2199 tan-

2312 2238 2424 2285 tum
2462 2231 2657 2299 vestris
2695 2231 2975 2290 insistite:
3015 2243 3070 2291 et
3107 2244 3231 2308 post
3269 2237 3581 2295 modestiam
3611 2248 3797 2303 vestram,

2310 2322 2485 2378 virtus
2510 2331 2699 2378 nostra
2724 2336 3001 2396 sequetur.

2487 2413 2726 2487 Epistola
2756 2434 2789 2472 a
2823 2419 3023 2488 synodo
3049 2419 3118 2477 ad
3150 2418 3427 2491 Ilugonem
3458 2422 3682 2491 delegata.

2379 2506 2577 2578 Sancta
2615 2509 2837 2566 sinodus
2865 2511 2919 2566 in
2966 2511 3166 2582 palatio
3203 2513 3518 2585 Anglelteim
3543 2514 3633 2570 sub
3657 2514 3798 2569 domuis

2214 2619 2218 2623 ‘
2307 2610 2473 2670 atque
2541 2601 2865 2658 orthodoxis.
2934 2604 3153 2675 regibus
3226 2603 3498 2661 Ludovico
3565 2615 3614 2661 et
3668 2605 3799 2661 Ottone

2308 2692 2512 2749 utiliter
2543 2694 2751 2761 habita,
2790 2695 3000 2768 Hugoni
3043 2698 3188 2754 duci.
3234 2698 3465 2767 Quantis
3508 2699 3661 2765 malis,
3681 2712 3795 2768 quan-

2308 2794 2470 2855 taque
2530 2787 2910 2857 persecutione
2972 2792 3256 2853 vexaveris
3321 2790 3469 2854 illam
3529 2787 3794 2845 venerabilem

2306 2864 2601 2933 [lentarum
2657 2879 3041 2950 ntctropolim,
3105 2890 3314 2951 quanta
3379 2896 3584 2954 quoque
3636 2880 3795 2937 crudeli-

2307 2976 2419 3023 tate
2463 2968 2828 3026 debacchatus
2879 2971 2954 3026 sis
3009 2971 3062 3026 iu
3117 2973 3396 3029 dominum
3458 2983 3595 3029 tuum
3644 2986 3794 3043 regem.

2303 3075 2399 3115 ora
2467 3061 2710 3128 omnium
2787 3061 3080 3131 locuntur,
3166 3066 3310 3134 apud
3383 3081 3564 3122 omnes
3617 3066 3793 3136 agitatur.

2304 3149 2459 3220 Quod
2508 3169 2672 3223 quam
2713 3154 3075 3227 sceleratum,
3107 3165 3173 3219 et,
3202 3173 3371 3229 quam
3408 3157 3711 3230 pernitiosutn
3738 3156 3796 3218 sit,

2306 3242 2501 3297 divinae
2564 3253 2727 3314 atque
2802 3245 3055 3302 humana:
3116 3246 3264 3317 leges
3335 3250 3671 3322 copiosissime
3716 3262 3794 3316 pro-

2303 3333 2457 3388 dttnt.
2522 3333 2676 3390 Unde
2722 3344 2778 3391 et
2845 3336 2938 3393 tibi
2988 3340 3406 3408 compatientes,
3460 3341 3525 3396 ab
3577 3338 3727 3395 talibus
3763 3345 3793 3388 te

2301 3426 2586 3497 quiescere
2653 3442 2938 3484 monemus
2971 3470 2987 3495 ,
3063 3439 3120 3486 et
3189 3431 3260 3487 ad
3342 3432 3601 3489 dominum
3658 3440 3792 3484 tuum.

2303 3517 2469 3572 multa
2511 3521 2949 3581 mansuetudinis
2986 3522 3296 3579 humilitate
3339 3524 3628 3595 quantotius
3661 3528 3801 3576 revertt
3862 3528 3863 3539 ‘

2300 3608 2619 3677 hortamur.
2662 3610 2816 3678 Quod
2870 3613 2918 3669 si
2976 3616 3405 3685 contempseris,
3462 3616 3724 3687 priusquam
3762 3610 3793 3661 in

2300 3697 2512 3762 diversa
2585 3700 2931 3772 referamur,
2999 3706 3369 3763 anathemate.
3420 3708 3531 3762 sine
3592 3703 3718 3760 dubio
3764 3709 3794 3753 te

2299 3792 2768 3866 perstringcmus,
2825 3796 3000 3855 donec
3060 3808 3156 3855 aut
3211 3783 3553 3864 satisfacias,
3610 3805 3683 3853 aut
3723 3791 3792 3848 llo-

2299 3899 2443 3941 mam
2492 3888 2634 3957 apud
2681 3886 2940 3947 domuum
2988 3905 3197 3961 papam.
3235 3891 3638 3949 ratiocinaturus
3674 3892 3791 3958 pel”.

2297 3974 2465 4045 Cujus
2529 3978 2725 4036 litteris
2779 3978 2896 4049 jam
2954 3981 3038 4036 bis
3107 3982 3350 4039 monitus
3400 3997 3479 4050 es,
3529 3988 3579 4037 et
3624 3994 3651 4034 a
3696 3980 3795 4030 tanto

2298 4069 2540 4127 facinore
2582 4072 2921 4143 prohibitus.
2966 4074 3116 4130 Unde
3162 4084 3218 4130 et
3258 4091 3360 4132 nos
3400 4085 3525 4147 post
3551 4074 3691 4139 illum,
3724 4078 3793 4123 tet-

2297 4160 2381 4217 cio
2430 4160 2543 4233 jam
2608 4169 2661 4219 te
2717 4163 2787 4219 ad
2840 4163 3232 4220 correctionem
3291 4179 3612 4222 revocamus.

2484 4269 2716 4310 ARTOLBI
2771 4269 3026 4310 LIBBLLUS
3090 4269 3292 4312 SYNODO
3354 4270 3654 4314 POBBBCTUS.

2366 4342 2581 4399 Sancta:
2645 4343 2904 4401 Romanae
2972 4352 3029 4399 et
3096 4346 3409 4415 apostolica:
3465 4346 3598 4404 sedis
3652 4337 3791 4398 vicario

2294 4437 2495 4494 domno
2536 4437 2775 4505 Marino,
2819 4440 3195 4511 universreque
3243 4450 3447 4497 sancta:
3489 4437 3665 4510 synodo
3699 4429 3792 4500 apt!d

603 4518 632 4554 a
676 4517 818 4601 papa
857 4519 1085 4567 vocatus
1133 4522 1296 4583 atque
1338 4526 1617 4576 correctus
1659 4523 1749 4586 sit,
1780 4538 1922 4578 nunc
1966 4541 2183 4598 quoque
2216 4486 2264 4546 υ
2294 4527 2683 4599 Engulenheim
2738 4486 3123 4601 congregatae:
3169 4530 3457 4597 Artoldus,
3515 4486 3669 4582 divina
3707 4534 3790 4591 pm'

596 4594 852 4683 caritatis
897 4601 1069 4669 gratia
1126 4607 1461 4664 revocandus
1508 4618 1616 4676 est,
1666 4622 1722 4667 et
1770 4594 2182 4685 diligentissima

601 4686 858 4744 suasione
885 4698 945 4746 ut
970 4706 1001 4746 a
1031 4694 1187 4752 malis
1213 4698 1459 4768 quiescat
1487 4706 1930 4761 commonendus.
1964 4707 2033 4762 Et
2060 4717 2183 4776 post

490 4818 497 4821 .
598 4776 843 4832 omnium
896 4783 1245 4844 anathemate
1289 4789 1684 4861 dampnandus.
1725 4795 1790 4850 Et
1845 4813 1951 4853 non
2001 4800 2179 4856 solum

597 4865 708 4931 ille,
736 4881 923 4924 verum
960 4888 1151 4932 omnes
1177 4879 1266 4947 qui
1308 4882 1356 4936 ei
1381 4883 1435 4937 in
1465 4885 1621 4940 malis
1646 4885 1829 4943 favere
1856 4889 2170 4961 faventque.

598 4958 705 5014 Sed
738 4960 882 5054 hanc
911 4964 1081 5022 solum
1129 4986 1160 5025 a
1207 4973 1362 5030 nobis
1410 4977 1638 5046 accipiet
1678 4993 1856 5050 Opem.
1905 4958 2178 5054 Numquid

594 5063 728 5143 vero
754 5051 824 5108 ab
851 5054 960 5111 alio
987 5059 1278 5131 quicquam
1294 5063 1412 5134 opis
1428 5068 1692 5139 accipiet?
1708 5071 1837 5141 Ejus
1856 5051 2179 5143 conquestio

591 5140 647 5196 in
691 5158 787 5200 sua
818 5145 1079 5217 clausula,
1120 5167 1280 5223 opem
1318 5157 1560 5213 omnium
1606 5140 1861 5229 postulat.
1899 5140 2006 5221 Sed
2053 5166 2097 5221 si
2144 5182 2175 5221 a

589 5234 747 5290 nobis
804 5237 854 5292 ei
906 5244 1260 5310 succurritur,
1323 5262 1353 5300 a
1399 5246 1602 5306 domno
1640 5251 1838 5310 Ottone
1873 5271 2001 5328 rege
2040 5257 2173 5329 quid

600 5326 867 5397 accipiet?
898 5331 965 5387 Et
988 5333 1278 5406 decretalia
1314 5347 1501 5395 sancta
1526 5342 1853 5409 acclamant,
1883 5326 2171 5418 postquam

595 5415 825 5475 tirannis
864 5423 1152 5480 anathema
1207 5426 1604 5497 dampnationis
1640 5432 1708 5489 ab
1733 5434 2000 5505 episcopis
2028 5415 2169 5508 inje-

594 5519 740 5565 ctum
763 5521 867 5577 est,
892 5529 920 5569 a
946 5515 1100 5573 bonis
1122 5534 1335 5590 quoque
1351 5524 1660 5590 potentibus
1681 5525 1785 5580 vim
1807 5528 2164 5596 inferendam,

583 5609 642 5653 nt
668 5601 711 5656 si
734 5605 1130 5665 (ecclesiasticis
1151 5614 1582 5671 eorrectionibus
1610 5617 1680 5672 ad
1712 5634 1956 5675 normam
1986 5622 2165 5679 redire

579 5690 789 5765 nolunt,
812 5698 1003 5756 saltem
1029 5705 1328 5775 potentium
1360 5707 1659 5767 vehementi
1688 5710 1936 5770 violentia
1974 5716 2038 5771 ad
2070 5716 2163 5773 bo-

2290 4618 2520 4689 piti‘ante
2577 4619 2862 4676 clementia
2917 4620 3211 4677 Remorum
3265 4622 3565 4693 episcopus.
3622 4617 3791 4673 Domnus

2288 4711 2551 4782 Agapilus
2613 4727 2749 4783 papa
2810 4710 3023 4771 litteras
3078 4710 3237 4769 nobis
3306 4723 3364 4769 et
3439 4709 3621 4769 ceteris
3668 4699 3791 4768 coepi-

2286 4803 2466 4872 scopis
2515 4811 2717 4859 nostrae
2763 4803 3064 4860 ditecescos
3107 4803 3327 4870 direxit,
3390 4804 3444 4859 in
3489 4802 3661 4873 quibus
3700 4805 3791 4864 prie-

2287 4892 2469 4960 cepit,
2546 4901 2606 4950 ut
2671 4894 2737 4948 ad
2799 4893 2903 4950 hoc
2964 4903 3160 4951 vestrm
3226 4894 3525 4953 sanctitatis
3575 4885 3788 4947 concilium

2282 4983 2574 5039 convenire
2626 4985 2999 5056 studeremus,
3044 4987 3117 5043 ita
3171 4988 3421 5043 instructi
3479 4988 3542 5042 de
3585 4978 3785 5038 omnibus.

2283 5086 2345 5131 nt
2410 5074 2486 5128 rei
2554 5075 2758 5131 veritas
2817 5076 3164 5133 miseriarum
3231 5086 3431 5133 nostra:
3490 5074 3649 5136 sedis,
3699 5076 3789 5135 φ’θδ

2281 5172 2556 5243 patimur,
2609 5184 2788 5223 coram
2842 5168 3135 5230 sanctitate
3192 5179 3371 5229 vestra
3428 5163 3680 5223 manifesta
3706 5152 3784 5211 fieri

2279 5268 2481 5332 posset.
2526 5258 2795 5326 Quocirca
2839 5258 3122 5328 prepalare
3156 5260 3452 5329 prudentiae
3490 5259 3785 5342 νεειηετοιιξ·

2282 5353 2501 5408 modum
2560 5351 2836 5416 duximus,
2889 5350 3123 5420 qualiter
3172 5366 3260 5407 res
3313 5349 3578 5407 exordium
3621 5341 3784 5411 ςωρεηι

2282 5444 2392 5501 litis
2447 5442 2650 5513 hujus,
2716 5457 2839 5511 qua:
2905 5442 3083 5498 adhuc
3136 5442 3279 5498 inter
3339 5458 3425 5497 me
3472 5449 3521 5495 ct
3575 5435 3781 5503 llugonetn

2278 5536 2586 5592 miserrime
2645 5534 2956 5590 ventilatur.
3009 5532 3272 5590 Defuncto
3319 5533 3570 5606 siquidem
3615 5522 3781 5583 llerivco

2276 5626 2719 5697 θτειιῖθβῖθοονον
2763 5622 3007 5680 Seulfum
3034 5664 3049 5688 ,
3104 5624 3196 5695 qui
3249 5625 3683 5681 arcltidiacouattts
3718 5625 3780 5666 ur-

2270 5720 2356 5776 bis
2412 5726 2612 5778 nostrce
2666 5737 2696 5775 a
2762 5727 2886 5775 tunc
2947 5716 3125 5776 efﬁcio
3182 5718 3532 5792 fungebatur,
3583 5713 3637 5769 ad
3683 5720 3777 5779 PN“
