3924 6318
33 99 301 191 1

180 287 318 343 823

1253 285 1472 342 TRIUM
1516 282 2194 344 OTTONUBiCONSTlT.
2229 285 2510 343 EGCLES.

3370 290 3477 347 896

179 396 431 449 sulatum
495 394 735 465 ejusdem
815 393 959 449 sedis
1022 393 1301 463 elegimus.
1374 395 1477 462 Qui
1540 393 1780 465 pontifex
1810 399 2051 457 Atatem
2101 398 2167 451 ad
2210 396 2305 451 Dei
2347 398 2606 453 honorem
2653 406 2707 451 et
2753 399 2835 452 sui
2888 397 3222 453 fidelitatem.
3279 399 3477 472 Sicque

176 485 479 539 ordinatus
522 498 803 538 assumens
852 483 1026 538 zelum
1083 492 1272 539 contra
1328 484 1603 554 proximos
1648 501 1787 555 pra:-

174 576 497 633 decessoris
544 578 662 639 sui,
721 594 842 632 cum
894 592 991 632 eos
1058 584 1153 648 per
1212 589 1386 649 semet
1434 594 1464 632 a
1520 577 1639 633 loco
1685 579 1783 633 de-

174 668 391 737 pellere
452 685 557 723 non
616 670 859 736 valeret,
915 670 1144 725 consilio
1206 670 1341 725 inito
1390 685 1514 725 cum
1558 669 1779 739 quibus-

172 761 318 813 dam
385 760 537 815 laicis
606 761 813 817 scilicet
882 761 1207 817 consiliariis
1270 762 1420 828 suis,
1486 761 1789 828 amicitiam

170 854 441 930 quaesivit
504 852 771 909 lleriberti
840 855 1094 921 comitis,
1168 870 1331 925 quam
1399 854 1530 921 dato.
1573 853 1782 925 jureju-

171 946 362 1000 rando
406 961 504 1016 per
548 948 766 1003 eosdem
806 948 1147 1004 consiliarios
1188 947 1425 1012 obtinuit
1458 962 1526 1003 eo
1570 956 1775 1011 tenore,

170 1045 247 1089 nt
296 1048 419 1107 post
477 1039 684 1095 obitum
760 1040 929 1110 ipsius
995 1042 1060 1095 ad
1121 1041 1440 1097 electionem
1509 1041 1780 1111 pontificis

167 1131 386 1186 milites
434 1133 675 1188 ecclesia:
720 1132 1029 1197 nullatenus
1080 1136 1386 1204 aSpirarent
1432 1134 1553 1190 sine
1599 1134 1778 1192 consi-

167 1222 260 1279 lio
326 1225 495 1293 ipsius
548 1227 817 1297 Heriberti
868 1248 882 1280 .
934 1228 1073 1283 idem
1127 1244 1255 1283 vero
1311 1244 1493 1285 cernes
1549 1228 1776 1284 fratrem

163 1312 398 1370 llerivei
450 1319 735 1387 praesulis,
790 1326 848 1384 et
898 1328 1123 1388 nepotes
1186 1319 1354 1389 ipsius
1400 1335 1431 1374 a
1480 1319 1775 1390 participa-

166 1406 330 1459 liune
379 1423 560 1463 rerum
620 1408 907 1463 Remensis
963 1410 1219 1479 episcopii
1279 1418 1580 1479 separaret.
1644 1408 1774 1477 Qni-

162 1501 280 1555 lms
329 1504 593 1577 patratis,
632 1504 926 1565 insimulati
972 1516 1100 1560 sunt
1144 1506 1306 1560 iidem
1353 1506 1638 1575 propinqui
1672 1505 1774 1561 He-

158 1596 310 1649 rivei
375 1597 622 1666 prmsulis
694 1613 726 1651 a
793 1599 1118 1654 consiliariis
1179 1598 1347 1655 Seulﬁ
1409 1600 1646 1669 episcopi
1704 1600 1773 1655 de

162 1684 500 1742 inlidelitate
555 1687 726 1758 ipsius
784 1688 1016 1743 senioris
1071 1689 1178 1752 sui,
1231 1689 1610 1758 accersitoque
1664 1688 1773 1743 lle-

1889 486 2344 542 concordantibns
2405 487 2645 551 cunctis,
2706 496 2813 541 tam
2874 488 3086 544 clericis
3154 505 3315 558 quam
3374 490 3476 545 lai-

1886 574 1988 641 cis,
2037 575 2135 644 qui
2178 585 2331 631 extra
2383 577 2719 633 obsidionem
2774 587 2959 647 erant,
3018 578 3262 649 pluribus
3312 581 3475 636 etiam

1884 684 2071 723 eorum
2122 670 2213 738 qui
2263 669 2432 725 clausi
2490 672 2810 738 tenebantur
2861 672 2913 727 in
2964 671 3196 742 idipsum
3248 671 3476 729 faventi-

1883 760 2028 825 bus,
2083 760 2301 832 eligitur
2348 761 2671 818 humilitatis
2725 773 2924 820 nostra:
2982 779 3212 834 persona
3263 766 3315 820 in
3371 768 3476 822 hoc

1883 853 2056 924 magis
2095 868 2261 909 onere
2300 868 2462 922 quam
2502 854 2705 910 honore
2744 856 3042 919 subeundo.
3092 855 3476 926 Aperientibns

1883 947 2098 1003 tandem
2128 956 2236 1002 tam
2266 947 2527 1004 militibus
2554 964 2716 1020 quam
2742 949 2949 1005 civibus
2971 958 3156 1020 portas
3181 951 3331 1006 urbis
3361 953 3473 1021 regi

1882 1034 2131 1101 Rodulfo,
2154 1046 2209 1093 et
2232 1038 2589 1109 episcOpalem
2633 1041 3063 1097 benedictionem
3097 1042 3226 1105 mihi
3261 1041 3474 1099 traden-

1882 1126 2024 1182 tibus
2046 1127 2313 1199 episcopis
2342 1129 2433 1199 qui
2474 1130 2701 1187 adcrant
2731 1132 2917 1188 decem
2953 1141 3007 1188 et
3031 1142 3174 1199 octo,
3216 1141 3270 1187 et
3297 1134 3471 1188 susci-

1879 1217 2152 1287 pientibus
2199 1227 2440 1275 nostram
2487 1222 2847 1278 humilitatem
2880 1232 2989 1278 tam
3036 1225 3182 1279 clero
3220 1224 3474 1280 universo

1877 1322 2040 1378 quam
2068 1309 2293 1382 reliquis
2323 1310 2551 1378 civibus,
2589 1314 2719 1370 inibi
2744 1314 3144 1373 inthronizatus
3169 1317 3236 1371 ab
3259 1317 3470 1387 episco-

1876 1399 1960 1469 pis
1992 1408 2189 1456 nostrae
2229 1402 2545 1468 dioeceseos,
2576 1404 2887 1474 impositum
2940 1407 3093 1473 mihi,
3123 1416 3281 1478 prout
3326 1407 3469 1463 Dens

1875 1490 2164 1557 concessit,
2196 1492 2554 1548 ministerium
2593 1509 2690 1563 per
2721 1511 2894 1558 annos
2939 1495 3107 1551 ferme
3138 1512 3332 1553 novem
3362 1506 3472 1551 tra-

1874 1579 2328 1651 ctavi,.ordinans
2356 1597 2452 1659 per
2491 1583 2769 1640 dioecesim
2803 1585 3089 1656 episcopos
3117 1595 3275 1657 octo,
3313 1595 3368 1642 et
3410 1588 3466 1642 in

1875 1671 2150 1743 episcopio
2175 1674 2406 1741 multos,
2446 1685 2607 1746 prout
2631 1687 2944 1749 competens
2972 1678 3274 1746 videbatur,
3304 1680 3470 1737 cleri-

158 1776 382 1831 riherto
456 1781 654 1833 comite
717 1794 840 1833 cum
906 1779 1147 1849 pluribus
1208 1780 1322 1835 suis
1377 1778 1641 1850 jubentnr.
1698 1781 1755 1834 ad

1874 1778 1983 1825 cos,
2014 1780 2295 1834 quousque
2320 1782 2460 1826 nono
2484 1767 2825 1836 postmodum
2853 1784 3017 1835 anno,
3044 1780 3330 1840 postquam
3360 1772 3468 1826 Lu-

158 1867 442 1923 rationem
494 1868 824 1931 reddendam
872 1886 1053 1930 coram
1105 1870 1234 1940 ipsis
1286 1871 1492 1925 venire.
1544 1870 1610 1925 Et
1636 1871 1763 1940 quia

154 1968 363 2013 contra
420 1973 514 2015 eos
565 1975 592 2013 a
645 1962 841 2032 quibus
903 1963 1141 2017 accusati
1193 1962 1451 2031 fuerant,
1503 1963 1764 2035 singulari

154 2051 431 2121 congredi
475 2053 774 2107 certamine
821 2053 1129 2119 noluerunt,
1178 2054 1413 2123 sublatis
1450 2056 1518 2111 ab
1565 2055 1646 2110 eis
1674 2070 1761 2110 re-

153 2140 272 2212 bus
324 2157 461 2211 quas
524 2157 590 2198 ex
647 2143 921 2215 cpiscopio
969 2145 1334 2215 possidebant,
1384 2143 1763 2215 comprehensi

154 2241 301 2288 sunt
349 2244 519 2305 atque
567 2236 780 2293 deducti
839 2253 935 2309 per
993 2238 1338 2303 lleribertum
1398 2240 1653 2297 comitem
1693 2238 1761 2294 ad

152 2326 489 2385 Rotbertum
564 2346 744 2402 regem
780 2373 794 2398 ,
859 2349 888 2386 a
951 2349 1061 2405 quo
1129 2337 1293 2391 etiam
1359 2337 1460 2392 sub
1516 2336 1761 2392 custodia

154 2430 298 2475 sum
353 2420 559 2476 detenti
619 2437 790 2492 usque
839 2424 907 2478 ad
965 2434 1197 2479 mortem
1259 2426 1427 2496 ipsius
1489 2426 1757 2482 Rotberti.

153 2508 355 2566 Tertio
407 2512 621 2567 demum
673 2514 755 2569 sui
807 2515 1151 2586 episcopatus
1196 2532 1340 2571 anno
1387 2516 1604 2573 Senlfus
1646 2517 1762 2587 epi-

153 2619 366 2674 scopus
393 2643 409 2670 ,
461 2613 521 2659 ut
566 2606 750 2676 plures
801 2617 1093 2669 asserunt.
1137 2610 1206 2665 ab
1251 2610 1524 2666 Heribcrti
1601 2611 1761 2666 fanti-

152 2694 393 2762 ]jaribus
457 2713 667 2754 veneno
718 2709 934 2771 potatus
996 2700 1326 2773 defungitur.
1394 2702 1515 2757 Mox
1572 2702 1758 2773 itaque

152 2802 353 2841 comes
426 2789 742 2846 lleribertus
804 2791 993 2846 urbem
1063 2790 1387 2847 Remensem
1460 2793 1630 2857 adiit,
1702 2801 1756 2848 et

149 2880 409 2935 ecclesiae
468 2883 690 2950 milites,
744 2884 1063 2940 clericorum
1121 2900 1337 2956 quoque
1385 2886 1652 2957 quosdam
1691 2888 1757 2942 de

151 2972 396 3028 rectoris
450 2972 712 3028 electione
769 2975 835 3030 ad
885 2991 1042 3030 suum
1092 2977 1397 3039 consilium,
1454 2993 1551 3033 ceu
1604 2977 1756 3048 jura-

149 3071 278 3116 uun
335 3061 529 3129 fuerat,
585 3065 868 3121 intendere
907 3066 1053 3121 fecit.
1114 3067 1248 3122 Cum
1296 3067 1493 3138 quibus
1536 3069 1602 3123 ad
1649 3068 1755 3124 llo-

1872 1853 2120 1908 dovicum
2155 1870 2333 1925 regem
2360 1898 2374 1922 ,
2428 1858 2640 1930 favente
2671 1859 2895 1932 llugone
2942 1862 3262 1933 cunctisque
3312 1863 3466 1934 regni

1869 1946 2221 2016 principibgs,
2241 1947 2570 2020 Gerbcrgam
2591 1966 2805 2023 quoque
2822 1954 3062 2023 reginam
3080 1955 3463 2010 benedixeram

1867 2048 1923 2089 et
1947 2052 2102 2092 sacro
2130 2037 2476 2108 perfuderam
2520 2041 2840 2110 chrismate,
2878 2044 3165 2114 instigatus
3191 2044 3343 2116 llugo
3370 2060 3466 2100 co-

1868 2142 1983 2183 mes
2014 2127 2322 2200 iracundia,
2347 2131 2489 2200 quod
2524 2133 2571 2186 ei
2600 2134 2910 2190 consentire
2946 2135 3027 2190 vel
3070 2135 3319 2209 conjungi
3370 2154 3466 2192 no-

1865 2219 2059 2276 luerim
2083 2223 2149 2277 ad
2176 2223 2342 2295 ipsius
2368 2226 2511 2293 regis
2543 2227 2937 2296 inﬁdelitatem,
2983 2229 3238 2285 adhibitis
3278 2245 3463 2285 secum

1865 2311 2154 2369 lleriberto
2181 2315 2379 2378 comite
2413 2326 2468 2385 et
2502 2317 2771 2379 Willehno
2801 2319 3269 2375 Nordmannorum
3304 2322 3456 2392 prin-

1865 2406 2005 2476 cipe,
2040 2406 2367 2463 Remensem
2403 2409 2613 2467 obsidet
2642 2412 2852 2466 urbem.
2882 2409 2995 2467 Nec
3029 2411 3268 2482 longum,
3299 2424 3454 2468 sexta

1861 2501 2069 2560 scilicet
2108 2501 2408 2558 obsidionis
2449 2504 2555 2568 die,
2592 2504 2816 2561 deseror
2845 2504 2914 2561 ab
2955 2506 3100 2560 omni
3148 2520 3286 2576 pene
3315 2516 3460 2561 coetu

1864 2594 2076 2662 laicalis
2125 2596 2353 2651 militiae.
2387 2596 2586 2671 Sicque
2614 2597 2905 2653 derelictus
2934 2599 3002 2653 ab
3032 2599 3138 2665 his,
3184 2599 3252 2654 ad
3279 2598 3462 2671 liugo-

1863 2706 1987 2748 nem
2016 2698 2073 2747 et
2096 2689 2438 2756 lleribertum
2481 2676 2776 2763 compellor
2800 2694 2970 2759 exire,
3002 2710 3035 2750 a
3060 2694 3256 2765 quibus
3303 2711 3461 2750 coar-

1861 2792 2043 2853 Ctatus
2063 2793 2119 2839 et
2144 2785 2495 2852 conterritus,
2525 2800 2690 2856 cogor
2721 2794 2917 2840 memet
2949 2786 3238 2857 episcopali
3266 2802 3461 2856 procu-

1864 2876 2074 2930 ratione
2115 2874 2389 2946 abdicare,
2421 2884 2478 2930 et
2513 2875 2587 2929 ita
2628 2890 2712 2930 me
2742 2876 3123 2945 propellentes,
3177 2876 3229 2929 in
3274 2889 3460 2931 emno-

1860 2965 1951 3020 bio
1998 2965 2172 3021 sancti
2220 2963 2397 3020 Basoli
2449 2964 2694 3019 habitare
2738 2965 3079 3020 constituunt
3121 2982 3134 3018 :
3177 2964 3458 3034 llugonem

1860 3074 1992 3115 vero
2024 3059 2193 3115 lilium
2236 3058 2528 3122 lleriberti,
2568 3059 2661 3129 qui
2703 3058 3035 3114 Autisiodori
3069 3058 3330 3113 diaconus
3365 3074 3457 3113 or-

146 3153 370 3207 (lulfum
423 3170 603 3225 regem
657 3170 890 3228 pergens
951 3158 1002 3212 in
1063 3158 1467 3231 Burgundiam,
1520 3138 1828 3216 oblinule
1860 3152 2078 3211 dinatus
2114 3152 2316 3219 fuerat,
2364 3152 2418 3206 itt
2466 3153 2656 3207 urbem
2707 3151 3093 3217 introducunt,
3144 3160 3198 3206 et
3234 3151 3455 3207 civitate

148 3244 227 3306 ab
272 3261 374 3311 eo,
438 3255 497 3301 ut
559 3247 661 3302 sibi
715 3249 1148 3305 committeretur
1201 3251 1342 3306 idem
1396 3252 1753 3323 episc0pium,

147 3351 217 3403 eo
270 3348 485 3404 tenore,
541 3347 599 3394 ut
651 3348 760 3395 tam
819 3341 1033 3398 clericis
1087 3357 1251 3413 quam
1309 3342 1462 3399 laicis
1513 3344 1754 3400 debitum

149 3430 422 3506 honorem
477 3434 801 3489 concederet
849 3442 905 3490 et
954 3445 1328 3503 conservaret,
1386 3451 1489 3493 nec
1550 3436 1754 3506 injusti-

151 3501 288 3575 tiam
352 3520 514 3576 alicui
571 3521 925 3579 faceret:sed
980 3524 1158 3594 ipsum
1209 3526 1542 3595 episcopium
1592 3540 1752 3596 aequo

142 3611 273 3682 jure
316 3612 659 3685 gubernaret,
707 3615 884 3672 donec
914 3615 1075 3672 talem
1117 3616 1375 3673 clericum
1413 3618 1592 3674 eidem
1636 3618 1749 3689 regi

146 3712 531 3774 praesentaret,
583 3706 677 3776 qui
725 3707 794 3762 ad
848 3706 1153 3778 episcopale
1205 3696 1566 3765 ministerium
1614 3725 1749 3765 exe-

145 3795 435 3864 quendum
507 3795 610 3852 rite
674 3798 915 3854 ordinari
979 3799 1205 3856 valeret.
1272 3800 1376 3866 Qui
1436 3815 1622 3857 cernes
1680 3801 1748 3857 ad

146 3881 406 3938 eamdem
464 3885 653 3940 urbem
717 3902 1032 3957 regressus,
1102 3905 1193 3945 res
1260 3891 1520 3962 episcopii
1586 3899 1750 3963 prout

147 3974 257 4031 sibi
320 3973 525 4046 placuit
581 3977 885 4036 fautoribus
936 3980 1050 4036 suis
1093 3981 1313 4049 divisit,
1367 3984 1579 4040 caeteris
1621 3984 1747 4042 abs-

148 4067 301 4132 tulit,
368 4075 425 4124 et
479 4068 684 4140 absque
727 4071 839 4127 ullo
883 4071 1091 4142 judicio
1144 4074 1231 4130 vel
1288 4075 1428 4148 lege,
1475 4093 1614 4148 quos
1652 4094 1745 4131 vo-

146 4152 252 4213 lnit
298 4155 458 4213 rebus
508 4159 824 4230 expoliavit,
865 4162 949 4217 vel
993 4163 1063 4219 ab
1110 4165 1246 4220 urbe
1284 4167 1540 4237 propulit.
1588 4166 1745 4225 Οὐηι-

148 4248 331 4302 ricum
397 4249 630 4320 denique
684 4255 989 4323 Aquensem
1048 4256 1362 4327 episcopum
1425 4259 1479 4313 in
1548 4260 1740 4315 eadem

144 4338 290 4393 urbe
326 4340 650 4411 suscipiens,
699 4343 1008 4415 episcopale
1057 4345 1191 4401 inibi
1242 4346 1609 4404 ministerium
1657 4364 1741 4404 cc-

146 4428 368 4485 lebrare
434 4433 708 4504 praecepit.
770 4430 970 4505 Sicque
1024 4451 1124 4507 per
1182 4452 1355 4495 annos
1406 4453 1502 4495 sex
1559 4449 1613 4495 et
1673 4457 1740 4497 eo

146 4519 386 4589 amplius
439 4520 581 4578 idem
636 4524 970 4596 episcopium
1024 4542 1126 4584 suo
1179 4529 1419 4587 dominio
1480 4532 1737 4588 vendiea-

147 4613 253 4678 vit,
301 4629 402 4684 pro
430 4614 584 4671 libitu
636 4620 869 4689 proprio.
912 4619 1042 4691 illud
1091 4630 1351 4691 tractans,
1396 4631 1452 4679 et
1506 4625 1561 4680 in
1613 4626 1740 4681 sede

147 4705 397 4774 praesulis
463 4708 709 4783 residens
772 4720 883 4777 tam
946 4712 1059 4784 ipse
1123 4730 1288 4785 quam
1342 4715 1535 4786 conjux
1599 4733 1737 4783 sua,

146 4798 323 4853 donec
377 4798 607 4868 septimo
658 4800 872 4857 tandem
924 4790 1111 4871 anno,
1171 4807 1308 4862 ortis
1362 4807 1506 4873 inter
1563 4809 1737 4880 ipsum

145 4894 200 4939 et
234 4902 244 4911 ’λ
265 4901 449 4957 regem
524 4889 815 4946 Rodulfhm
895 4901 1061 4964 atque
1137 4895 1416 4968 ﬂugonem
1485 4901 1736 4955 comitem

145 4975 470 5044 quibusdam
523 4979 911 5050 simultatibus,
964 4984 1225 5042 Rodulfus
1285 5002 1381 5055 rex
1445 5003 1567 5045 cum
1622 4988 1736 5044 llu-

146 5081 286 5135 gone
350 5078 407 5123 et
452 5070 664 5126 Bosoue
725 5073 892 5130 fratre
952 5091 1052 5132 suo
1116 5080 1439 5151 caaterisque
1491 5081 1735 5153 pluribus

147 5166 256 5214 tam
300 5162 570 5235 episcopis
621 5181 784 5236 quam
837 5170 1127 5227 comitibus
1178 5173 1471 5229 Remorum
1521 5176 1737 5231 obsidet

148 5246 361 5316 urbem,
411 5255 860 5312 succensenlibus
906 5258 1007 5314 sibi
1054 5261 1345 5333 episcOpis,
1395 5274 1452 5318 et
1503 5280 1737 5336 conque-

148 5342 390 5400 rentibus
445 5347 703 5406 adversus
760 5368 907 5418 eum,
957 5354 1101 5424 quod
1156 5369 1263 5411 tam
1315 5358 1572 5415 diuturno
1604 5369 1737 5415 tem-

146 5448 273 5503 pore
327 5448 519 5495 contra
575 5442 771 5498 divina:
837 5445 968 5516 legis
1026 5450 1381 5507 auctoritates
1437 5451 1578 5507 hanc
1645 5470 1736 5508 ur-

147 5525 263 5580 bem
320 5528 633 5598 permiserit
686 5549 884 5593 vacare
937 5548 1175 5607 pastore.
1238 5543 1476 5610 Quorum
1543 5547 1729 5616 queri-

148 5619 335 5674 moniis
380 5633 655 5690 permotus
697 5642 811 5695 rex,
860 5629 1116 5687 admonet
1144 5634 1347 5691 clerum
1376 5644 1431 5691 et
1476 5638 1729 5708 populum

145 5707 206 5767 de
257 5716 493 5784 pastoris
548 5718 833 5790 electione,
887 5724 1022 5781 dans
1078 5727 1158 5782 eis
1218 5729 1269 5784 id
1312 5707 1502 5800 agendi
1558 5732 1729 5791 facul-

1858 3249 2157 3317 potiuntur.
2186 3245 2495 3302 Ludovicus
2509 3253 2688 3300 autem
2715 3260 2808 3299 rex
2830 3260 2860 3299 a
2884 3242 3193 3315 Burgundia
3218 3242 3454 3308 rediens,

1857 3356 1946 3398 me
1979 3340 2121 3411 apud
2145 3348 2396 3396 sanctum
2424 3337 2677 3393 Basolum
2707 3336 2928 3407 reperit,
2960 3344 3015 3392 et
3051 3350 3334 3391 assumens
3365 3351 3454 3391 se-

1854 3446 2002 3495 cum,
2030 3429 2192 3486 simul
2229 3443 2354 3484 cum
2383 3428 2704 3499 propinquis
2738 3427 2876 3482 meis
2905 3467 2920 3493 ,
2951 3443 3183 3498 quorum
3224 3441 3311 3481 res
3344 3426 3453 3481 lle-

1852 3522 2088 3578 ribertus
2115 3535 2299 3576 comes
2321 3518 2643 3581 abstulerat,
2672 3517 2995 3573 Laudunum
3028 3517 3264 3584 deducit,
3305 3518 3448 3588 quod

1851 3620 2091 3668 castrum
2114 3618 2241 3666 tunc
2264 3609 2587 3666 obsidebant
2613 3608 2931 3664 lleribertus
2953 3618 3006 3664 et
3030 3607 3180 3679 llugo
3208 3627 3221 3665 :
3246 3609 3453 3664 soluta-

1850 3715 1958 3772 que
1988 3700 2272 3757 obsidione
2312 3699 2568 3771 oppidum
2595 3698 2950 3770 ingredimur,
2982 3699 3244 3769 nobisque
3282 3709 3450 3754 ructa-

1853 3802 1940 3849 tus
1969 3792 2196 3863 degendi
2239 3791 2562 3861 disponitur.
2613 3788 2834 3846 Interim
2882 3790 3064 3845 clerici
3109 3790 3278 3844 nostri
3322 3790 3448 3855 loci,

1850 3885 1946 3942 sed
1994 3892 2051 3939 et
2080 3883 2205 3938 laici
2251 3882 2495 3954 quidam,
2526 3879 2761 3952 pessime
2792 3880 2860 3935 ab
2890 3878 3176 3935 lleriberto
3210 3887 3448 3934 tractau-

1851 3988 1961 4045 tur,
1990 3985 2047 4032 et
2071 3975 2289 4046 quidam
2322 3973 2645 4029 clericorum
2683 3971 2737 4026 in
2768 3971 3030 4027 custodiis
3068 3971 3444 4032 retruduntur,

1849 4086 1938 4127 res
1963 4083 2150 4125 eorum
2188 4065 2511 4121 auferuntur
2536 4075 2699 4134 atque
2727 4062 3079 4134 diripiuntur,
3109 4062 3313 4133 rapina:
3350 4075 3448 4130 per

1849 4172 2014 4225 totam
2048 4163 2236 4219 urbem
2273 4162 2420 4218 licite
2448 4169 2853 4234 perpetrantur.
2883 4158 3096 4213 Interea
3133 4172 3438 4213 convocan-

1848 4263 1936 4310 tur
1979 4253 2219 4325 episcopi
2253 4261 2455 4310 nostrae
2501 4252 2802 4309 dioeccseos
2849 4250 2918 4305 ab
2962 4249 3186 4321 llugone
3230 4255 3288 4303 et
3333 4246 3443 4303 lle-

1844 4345 2071 4411 riberto,
2099 4346 2469 4417 satagentibus
2502 4352 2558 4400 et
2582 4343 2951 4415 quaerentibus
2978 4343 3045 4400 ab
3089 4345 3170 4398 eis
3199 4343 3267 4417 de
3292 4342 3444 4397 ordi-

1846 4438 2064 4493 natione
2089 4437 2335 4502 llugonis
2365 4437 2460 4492 lilii
2489 4436 2783 4493 lleriberti.
2822 4435 2924 4503 Qui
2972 4435 3281 4491 Suessionis
3314 4451 3445 4491 con-

1824 4530 2073 4607 gregati,
2106 4531 2329 4587 mittunt
2356 4530 2424 4587 ad
2455 4545 2540 4585 me
2566 4529 2885 4586 Laudunum
2921 4528 3285 4601 llildcgarium
3331 4530 3443 4597 epi-

1847 4638 2068 4695 SCOpum
2100 4639 2223 4679 cum
2249 4622 2371 4678 aliis
2417 4622 2739 4692 quibusdam
2770 4621 2982 4692 legatis,
3029 4621 3350 4676 mandantes
3384 4627 3442 4674 ut

1846 4719 1916 4774 ad
1950 4732 2044 4773 cos
2074 4698 2339 4783 venirem,
2369 4716 2437 4770 ad
2459 4715 2906 4770 consentiendum
2935 4713 3145 4770 scilicet
3170 4712 3328 4784 hujus
3356 4731 3443 4769 or-.

1847 4808 2137 4865 diuationis
2158 4807 2517 4879 pert'ersitati.
2549 4806 2757 4874 Quibus
2793 4804 3127 4871 rentandavi,
3155 4805 3298 4874 quod
3329 4819 3437 4857 non

1845 4910 1991 4957 esset
2022 4900 2151 4956 mihi
2192 4908 2507 4969 competens
2534 4898 2603 4953 ad
2637 4913 2732 4954 eos
2781 4896 2873 4953 illo
2902 4896 3189 4967 proficisci,
3225 4894 3313 4949 ubi
3343 4893 3439 4946 ad-

1843 4993 2070 5049 versarii
2094 5000 2149 5048 et
2190 4991 2394 5047 inimici
2446 4991 2550 5047 mei
2596 5006 2721 5046 cum
2765 4991 2897 5062 ipsis
2936 4998 3094 5047 erant
3138 4986 3433 5059 aggregati.

1844 5085 1999 5152 Quod
2027 5084 2072 5140 si
2094 5083 2240 5154 loqui
2270 5098 2480 5139 mecum
2509 5083 2725 5151 vellent,
2757 5084 2825 5139 ad
2870 5083 3029 5139 talem
3060 5082 3233 5137 locum
3273 5079 3435 5134 devc«

1842 5177 2051 5243 nirent,
2084 5175 2173 5231 ubi
2205 5176 2323 5232 sine
2355 5175 2598 5247 periculo
2629 5176 2697 5232 ad
2748 5192 2843 5232 eos
2886 5174 3143 5230 accedere
3193 5185 3429 5243 possem.

1842 5271 2051 5339 Quibus
2080 5270 2491 5327 advenientibus
2522 5271 2577 5326 in
2603 5270 2781 5327 locum
2813 5269 2879 5324 ab
2908 5267 3109 5324 eisdem
3139 5264 3435 5333 delectum,

1839 5363 2118 5436 profectus
2164 5379 2289 5420 sum
2322 5364 2391 5419 ad
2442 5378 2537 5420 eos
2564 5404 2579 5431 ,
2621 5363 2953 5435 veniensque
2994 5368 3309 5431 prosternor
3338 5372 3431 5412 co-

1840 5472 1956 5511 ram
1986 5456 2136 5527 ipsis,
2163 5458 2461 5513 obsecrans
2487 5463 2545 5512 ut
2576 5465 2793 5526 propter
2818 5467 3059 5509 amorem
3087 5460 3140 5507 et
3164 5450 3429 5506 honorem

1839 5547 1956 5616 Dei,
2000 5558 2107 5605 tam
2138 5550 2267 5605 mihi
2299 5565 2459 5620 quam
2496 5548 2597 5605 sibi
2637 5554 2950 5615 competens
2987 5542 3268 5601 consilium
3297 5540 3429 5597 dare

1835 5641 2134 5698 studerent.
2164 5644 2265 5710 Qui
2311 5657 2399 5699 me
2441 5642 2506 5696 de
2548 5638 2886 5696 ordinatione
2917 5635 3154 5709 praedicti
3184 5633 3433 5706 llugonis

1834 5735 2175 5811 interpellare
2207 5744 2506 5806 corporum,
2532 5741 2583 5791 et
2614 5732 2714 5789 hoc
2737 5731 3064 5789 etnnimodis
3089 5726 3334 5797 suadere,
3367 5733 3429 5794 ut.

2840 5889 2867 5908 ο
