3874 5340
438 166 439 173 Ν
520 210 617 265 ιδι

1194 213 1485 270 APPEND.
1528 213 1618 268 AD
1660 212 1832 268 853C.
1874 208 1941 263 Χ.
1984 204 2107 264 -Ιι

2234 206 2512 264 [ΞΜΕΝΤΑ
2557 205 3011 273 DlPLOMATlCA
3024 249 3036 262 .

3686 212 3773 267 ιιι

513 341 607 378 sus
636 321 945 393 apostolica:
972 321 1115 379 sedis
1152 323 1394 379 chartam
1423 338 1536 381 sua:
1570 323 1858 396 legationis
1886 322 2107 379 honori-
2138 330 2181 383 Α
2213 321 2504 387 multatus;
2534 321 2757 392 ejusque
2791 323 3153 387 ordinatores,
3175 322 3438 391 otquiab
3463 338 3532 379 eo
3557 334 3677 379 sunt
3696 341 3773 380 or-

513 418 615 472 tice
641 418 894 487 protulit;
921 418 973 472 in
1001 433 1105 487 qua
1136 432 1235 487 pro
1262 417 1459 473 debita:
1476 419 1806 474 reverentia:
1831 418 1973 473 dono
2000 417 2109 473 lio-

515 523 676 563 mano
706 508 945 577 pontiﬁci
991 508 1299 577 exhibendo
1328 510 1642 570 commoniti
1675 519 1838 576 sunt,
1887 518 1948 565 ut
1991 509 2110 563 nni-

512 599 740 654 versalis
765 598 1007 655 ecclesia:
1029 599 1221 670 puppis
1250 608 1520 671 exoptata:
1549 600 1959 672 tranquillitatis
1985 615 2110 670 por-

516 692 588 745 tui
626 708 818 747 secura
845 692 1124 757 succedat,
1166 708 1335 764 seque
1363 694 1667 765 procelloso
1700 695 2107 751 tribulationum

516 783 729 837 turbine
754 784 938 844 vexari
967 784 1170 840 diutius
1213 801 1319 841 non
1363 786 1570 842 timeat.
1620 787 1997 859 Signiﬁcatum
2027 797 2112 844 est

512 884 694 930 autem
726 873 781 929 in
806 873 1049 944 ejusdem
1079 876 1413 945 recitaminis
1438 878 1706 933 sententia
1733 919 1748 943 ,
1792 878 2109 949 praedictum

515 964 798 1034 pris-sulem
846 965 1116 1037 Marinum
1160 967 1229 1022 ab
1276 967 1393 1037 ipso
1423 968 1715 1033 universali
1744 983 1880 1039 papa
1912 967 2003 1022 tali
2036 976 2109 1023 te-

516 1071 651 1112 uore
677 1057 744 1110 ad
775 1067 992 1113 nostros
1021 1057 1157 1114 ﬁnes
1186 1058 1452 1114 directum
1483 1059 1648 1123 fuisse
1673 1101 1689 1127 ,
1732 1076 1838 1130 quo
1870 1061 1923 1115 in
1960 1060 2108 1118 omni

509 1150 1010 1211 e;-c'lesiasticarum
1058 1151 1237 1223 legum
1274 1150 1608 1211 'discussioni
1655 1153 1825 1223 ipsius
1869 1153 2108 1210 existens

508 1238 769 1306 vicarius,
791 1256 1125 1312 quaecunque
1146 1241 1360 1318 ligando
1382 1250 1586 1309 essent,
1604 1243 1900 1314 apostolica
1924 1252 2109 1299 aucto-

511 1334 675 1391 ritate
712 1333 939 1405 ligarct;
990 1344 1046 1389 et
1081 1350 1201 1405 qua:
1246 1334 1500 1391 solvenda
1548 1335 1899 1402 viderentur,
1952 1337 2105 1408 parili

511 1427 747 1483 solveret
774 1436 1059 1497 potestate.
1095 1426 1409 1496 llujusmodi
1446 1429 1802 1498 proculdubio
1836 1427 2107 1486 aﬂaminls

515 1527 623 1573 tam
648 1517 852 1573 salubri
874 1518 1152 1574 missatico
1173 1518 1553 1590 gloriosissimi
1568 1534 1726 1593 reges
1749 1519 1958 1592 praefati
1982 1536 2106 1578 cum

512 1609 861 1682 pontiﬁcibus
912 1610 1266 1681 omniumque
1318 1610 1465 1667 clero
1519 1612 2005 1689 congratulantes”
2048 1626 2107 1669 ut

510 1699 734 1770 dignum
787 1698 915 1760 fuit.
969 1715 1035 1757 se
1085 1700 1136 1755 in
1172 1699 1428 1756 munibus
1471 1702 1779 1758 consentire
1808 1712 1862 1758 et
1889 1703 2109 1769 obedire

512 1790 739 1860 professi
790 1800 937 1846 sum.
987 1790 1033 1846 Α
1076 1793 1292 1863 quibus,
1324 1802 1642 1859 auctoraute
1670 1801 1723 1850 et
1752 1794 2109 1855 conﬁrmante

512 1882 688 1953 legato
715 1883 1032 1953 apostolico,
1056 1884 1290 1954 capitula
1317 1884 1698 1955 subsequentia
1727 1893 1930 1941 statuta
1959 1896 2104 1941 sunt.

588 1974 793 2031 Dehinc
819 1988 883 2029 ex
914 1975 1174 2031 sessionis
1203 1992 1314 2032 suae
1339 1975 1458 2032 loco
1486 1991 1544 2032 se
1569 1977 1855 2048 subrigens
1878 1979 2108 2051 inclytus

512 2082 605 2122 rex
636 2066 941 2123 Ludovicus
964 2067 1030 2121 ad
1055 2067 1397 2138 praesentiam
1426 2069 1757 2125 serenissimi
1788 2070 1929 2142 regis
1954 2071 2108 2128 Otto-

512 2161 598 2214 nis
629 2159 900 2230 totiusque
930 2160 1261 2219 sanctissimi
1296 2161 1510 2216 concilii
1539 2162 1987 2230 unauimitatem,
2014 2180 2106 2220 sa-

516 2253 586 2311 tis
614 2251 902 2325 Iacrymosi
934 2262 1266 2324 conquestus
1309 2254 1534 2323 protulit
1572 2255 2000 2325 querimoniam,
2028 2257 2123 2314 vi-.

511 2343 707 2398 delicet
757 2344 900 2414 quod
946 2344 1091 2416 regia
1133 2342 1439 2414 privaretur
1483 2351 1748 2414 potestate
1793 2360 1823 2405 a
1870 2345 2106 2415 quodam

511 2435 754 2505 principe
795 2434 1019 2506 llugone
1066 2437 1367 2502 nominato,
1398 2435 1777 2507 quondamque
1828 2437 1929 2495 sibi
1980 2438 2130 2497 sub--

505 2527 674 2596 jccto,
728 2528 883 2599 cujus
936 2529 1198 2584 anxietati
1248 2536 1304 2585 et
1356 2528 1689 2585 multimoda:
1732 2529 2131 2599 reclamationi.

515 2616 861 2672 toudolentes
886 2656 902 2682 ,
953 2617 1004 2671 in
1054 2618 1261 2673 unitate
1302 2617 1525 2688 spiritus
1563 2618 1851 2675 coadunati
1880 2619 2109 2676 sanctis-

512 2707 634 2761 simi
664 2716 845 2778 patres
864 2749 878 2773 ,
922 2707 1186 2778 ejusmodi
1217 2722 1380 2780 super
1409 2709 1511 2765 hac
1538 2724 1596 2764 re
1624 2710 1951 2766 sententiam
1976 2726 2104 2782 pro-

515 2799 705 2854 tulere.

584 2898 634 2944 1.
678 2889 1003 2947 Reclamatio
1044 2891 1338 2959 Ludovici,
1380 2894 1609 2964 qualiter
1634 2894 1791 2965 Hugo
1829 2913 1998 2952 comes
2043 2897 2107 2952 il-

513 2981 619 3035 lum
642 2982 705 3035 de
729 2998 886 3052 regno
909 2999 1004 3037 suo
1030 2984 1275 3053 privavit.
1300 2983 1487 3039 Nullus
1510 2986 1765 3054 deinceps
1790 2988 1990 3057 regiam
2014 3002 2109 3056 pos

515 3079 763 3126 testateut
807 3083 1100 3141 prmsumat
1146 3074 1427 3144 populari,
1477 3090 1571 3130 seu
1608 3075 1841 3145 aliquam
1869 3077 2106 3146 perﬁdia:

514 3163 779 3218 maculam
813 3164 917 3219 sibi
953 3165 1218 3221 f.dlaciter
1245 3166 1521 3222 exhibere.
1569 3166 1915 3224 Decrevimus
1962 3170 2105 3225 enim

515 3253 758 3308 Toletani
783 3255 996 3314 concilii
1015 3254 1280 3325 judicium
1306 3258 1643 3327 exequenda,
1681 3258 1983 3330 Ilugouem,
2019 3277 2108 3317 rc-

515 3348 596 3418 gis
637 3346 891 3403 Ludovici
924 3348 1074 3420 regni
1106 3349 1409 3405 iuvasorem
1440 3358 1496 3405 et
1530 3360 1803 3421 raptorem
1829 3392 1846 3419 ,
1889 3367 2109 3407 excom-

515 3438 899 3497 municatiouis
927 3439 1107 3511 gladio
1140 3439 1475 3506 feriendum,
1528 3442 1631 3497 nisi
1680 3441 1821 3498 forte
1868 3450 2108 3513 tempore.

514 3536 716 3581 statuto
743 3529 808 3582 ad
833 3530 1090 3600 synodale
1119 3531 1409 3587 concilium
1436 3532 1649 3598 veniat,
1675 3542 1729 3587 et
1757 3548 1787 3587 a
1821 3542 1929 3588 tam
1956 3533 2108 3590 nefa-

488 3618 592 3671 'ria
624 3621 977 3687 protervitate
1002 3622 1399 3678 satisfaciendo.
1415 3624 1718 3695 resipiscat.

583 3710 635 3764 9..
671 3709 805 3766 Item
836 3705 1139 3770 reclaiuatio
1171 3715 1392 3771 Ardoidi
1424 3718 1668 3787 episcoyi,
1696 3717 1925 3790 qualiter
1946 3718 2105 3790 [Iugo

515 3802 983 3876 pscudoepiscvpus
1010 3807 1183 3861 sedem
1213 3822 1365 3871 suum
1402 3808 1581 3862 illicita
1602 3809 1807 3864 invasit.
1838 3809 2106 3866 Ardoldus

514 3893 801 3950 Bernensis
848 3898 1091 3953 ecclesia:
1129 3900 1571 3970 archiepisc0pus
1591 3941 1606 3966 ,
1636 3901 1851 3973 propria
1886 3903 1953 3956 de
1978 3903 2107 3957 sede

516 3987 803 4057 expulsus,
832 4005 900 4045 ex
928 3994 1185 4048 canonica
1214 3994 1556 4050 auctoritate.
1584 3995 1636 4050 in
1683 3996 1970 4064 pristinum
2003 3995 2104 4051 ho-

518 4094 707 4134 norem
736 4080 1133 4137 inthronizatus
1157 4124 1172 4147 ,
1219 4084 1372 4156 llugo
1410 4096 1609 4144 autem.
1657 4086 1749 4157 qui
1777 4086 1897 4156 ejus
1921 4087 2103 4141 sedem

2207 413 2377 470 diuati
2403 455 2418 478 ,
2456 414 2558 469 nisi
2588 414 2622 468 6
2670 414 2794 468 ldus
2823 412 3042 484 Septbr.
3074 412 3316 469 Treviris
3343 413 3603 480 veniant,
3631 423 3683 468 et
3712 416 3775 470 ibi

2207 522 2308 575 pro
2356 505 2631 567 erratibus
2681 504 2899 575 dignam
2970 502 3359 565 satisfaciendo
3422 504 3774 575 paenitentiam

2206 601 2456 666 subeant,
2484 598 2715 656 similem
2738 598 3316 655 excommunicationis
3339 597 3661 654 sententiain
3672 613 3772 653 sus.

2208 692 2439 747 tiueant.

2277 782 2333 836 5.
2372 781 2509 837 Item
2554 781 2859 837 reclamatio
2904 779 3118 852 Rudolﬁ
3167 779 3538 852 Lugdunensis
3572 780 3775 839 ecclesia

2206 871 2453 942 episcopi.
2487 871 2565 927 De
2592 871 2867 926 antedicto
2898 870 3120 942 Hugone
3144 874 3376 937 comite,
3425 872 3520 942 qui
3572 871 3780 928 Ruodol-

2207 964 2373 1033 phum
2417 962 2795 1034 Lugdunensis
2827 962 3073 1018 ecclesia:
3115 963 3431 1033 episcopum
3476 961 3692 1033 propria
3726 963 3778 1019 de

2206 1057 2350 1119 sede,
2381 1072 2488 1111 non
2525 1070 2689 1111 causa
2715 1054 2944 1124 alicujus
2970 1054 3249 1121 criminis,
3296 1056 3392 1111 sed
3420 1070 3522 1125 pro
3551 1054 3780 1110 ﬁdelitate

2208 1147 2461 1205 Ludovici
2509 1146 2717 1217 prmfati
2768 1147 2913 1219 regis
2947 1147 3155 1219 proprii
3193 1147 3425 1207 senioris
3448 1147 3674 1218 expulit,
3701 1147 3778 1200 de-

2208 1241 2479 1297 crevimus
2510 1240 2564 1295 iu
2591 1249 2778 1295 sancta
2805 1240 3013 1311 synodo
3042 1253 3166 1295 eum
3189 1254 3289 1310 pro
3318 1240 3420 1302 hac
3444 1253 3540 1302 re,
3561 1240 3697 1293 sicut
3723 1238 3777 1293 de

2208 1333 2523 1402 praescripta
2549 1372 2565 1396 ,
2607 1330 3187 1391 excommunicaudum
3215 1369 3237 1396 ι
3281 1330 3390 1386 nisi
3421 1329 3686 1387 veniendo
3705 1345 3777 1384 sa-

2209 1423 2499 1487 tisfecerit.

2278 1516 2333 1573 4.
2378 1516 2447 1588 Ut
2479 1517 2607 1573 laici
2635 1515 2757 1575 sine
2781 1516 3070 1587 episcopali
3100 1516 3319 1577 licentia
3347 1513 3681 1587 presbyteris
3702 1528 3775 1569 ec-

2210 1608 2409 1664 clesias
2434 1609 2567 1669 dare
2591 1608 2675 1664 vel
2692 1608 2973 1665 dimittere
3000 1623 3109 1663 non
3139 1616 3490 1677 praesumant.

2142 1682 2190 1743 Β
2283 1702 2337 1757 5.
2380 1702 2451 1759 Ut
2487 1702 2667 1757 nullus
2713 1702 2973 1769 laicorum
3020 1702 3396 1774 presbyterum
3431 1700 3678 1773 ﬂagitare
3703 1715 3779 1756 seu

2214 1793 2444 1865 fatigare
2471 1794 2535 1860 ‘°,
2562 1794 2647 1849 vel
2673 1793 2910 1864 aliquam
2934 1792 3036 1849 sibi
3066 1793 3323 1864 iujuriam
3360 1791 3569 1848 inferre
3592 1792 3777 1848 audeat.

2284 1890 2338 1944 6.
2366 1887 2436 1944 Ut
2462 1887 2739 1958 paschalis.
2754 1887 3092 1943 hebdomada
3114 1886 3306 1943 feStive
3330 1895 3443 1941 toea
3464 1884 3775 1945 celebretur;

2210 1993 2266 2037 et
2295 1982 2346 2037 in
2372 1989 2721 2052 pentecosten
2751 1979 2808 2045 2,
2836 1980 2891 2046 3,
2919 1978 2953 2032 4
2985 1978 3119 2033 feria
3151 1993 3257 2032 non
3283 1977 3464 2061 minus
3490 1989 3658 2046 quam
3685 1974 3777 2029 dies

2211 2076 2516 2132 dominicus
2540 2074 2879 2131 sollemniter
2905 2072 3263 2127 bonoreutur.

2281 2168 2339 2222 7.-
2374 2166 2430 2223 lu
2459 2166 2659 2222 lctania
2694 2164 2902 2235 majore
2922 2163 3188 2235 jejunium
3209 2203 3225 2229 ,
3258 2162 3398 2218 sicut
3424 2161 3480 2216 in
3508 2158 3779 2231 rogationi-

2211 2260 2310 2314 bus
2339 2268 2468 2316 ante
2499 2257 2877 2314 ascensionem
2901 2256 3149 2321 Domini,
3168 2263 3511 2310 exerceatur.

2279 2355 2332 2409 8.
2372 2351 2441 2408 Ut
2463 2353 2770 2408 oblationes
2799 2351 3038 2405 ﬁdelium
3072 2357 3267 2418 quater
3293 2347 3337 2387 ⁸⁸
3356 2346 3520 2401 altari
3551 2342 3776 2401 deferan-
3870 2336 3871 2347 ¹

2210 2456 2321 2511 tur,
2354 2445 2487 2501 nihil
2519 2444 2740 2499 omnino
2764 2441 2831 2511 ad
2858 2441 3100 2496 laicalcm
3124 2439 3428 2510 pertineant
3453 2443 3775 2509 potestatem.

2209 2540 2423 2594 dicente
2445 2536 2730 2609 Scriptura
2754 2551 2767 2587 :
2793 2532 2896 2604 Qui
2924 2530 3121 2586 altario
3152 2529 3484 2594 deserviunt,
3514 2527 3586 2583 de
3608 2524 3775 2581 altario

2208 2629 2621 2699 participentur.
2850 2612 2853 2615 ’

2280 2721 2333 2775 9.
2377 2718 2446 2774 Ut
2469 2717 2711 2781 decimm,
2739 2729 2876 2785 quas
2911 2712 3171 2769 Dominus
3194 2708 3440 2781 przecipit
3466 2707 3519 2764 in
3546 2708 3775 2763 horreum

2210 2827 2365 2867 suum
2401 2809 2602 2865 deferri
2629 2848 2644 2873 ,
2689 2808 2734 2862 si
2764 2806 3011 2861 ecclesiis
3042 2804 3133 2859 Dei
3162 2820 3268 2858 non
3312 2801 3516 2856 fuerint
3555 2799 3772 2858 redditae.

2210 2905 2304 2969 sed
2344 2902 2548 2960 nefaria
2579 2900 2911 2971 cupiditate,
2963 2912 3084 2968 qua:
3133 2896 3329 2952 smvior
3372 2892 3549 2950 Etuta:
3590 2890 3775 2961 ignibus

2215 2995 2389 3059 ardet,
2414 3007 2445 3047 a
2464 2990 2803 3050 secularibus
2830 2988 3033 3044 fuerint
3064 2995 3304 3049 retentm,
3329 2983 3609 3039 saecularia
3636 2994 3775 3048 super

2216 3086 2318 3139 hcc
2344 3099 2447 3139 non
2474 3090 2834 3139 exerceantur
2845 3079 3075 3151 judicia,
3099 3090 3201 3132 nec
3222 3077 3274 3130 iu
3299 3073 3602 3130 forensibus
3622 3070 3774 3123 discu-

2217 3178 2383 3231 tiatur
2423 3175 2621 3234 causis.
2670 3173 2764 3229 sed
2810 3173 2863 3227 in
2903 3180 3091 3226 sancta
3136 3166 3344 3240 synodo
3372 3166 3442 3220 ab
3467 3164 3599 3235 ipsis
3621 3174 3773 3215 sacer-

2213 3271 2430 3324 dotibus
2454 3309 2469 3334 ,
2509 3281 2739 3337 quorum
2770 3265 3040 3334 deputata:
3063 3269 3189 3317 sunt
3218 3258 3426 3323 usibus,
3447 3256 3575 3327 quid
3603 3251 3772 3309 exinde

2217 3362 2411 3416 debeat
2449 3358 2668 3414 actitari
2714 3352 3215 3415 certisdiftiuiatur
3256 3345 3770 3419 promulgatiouibus.

2289 3454 2373 3510 ιο.
2421 3451 2489 3508 Ut
2515 3449 2823 3521 evangelica
2851 3447 3175 3503 auctoritate
3218 3452 3275 3499 ct
3316 3456 3593 3497 sacrorum
3628 3452 3770 3492 cano-

2215 3565 2341 3603 num
2388 3543 2931 3607 iistittttione"....,
2972 3553 3267 3611 pinnasque
3295 3548 3594 3606 proponere
3626 3527 3772 3585 divini

2207 3638 2417 3707 judicii,
2447 3646 2505 3689 ut
2533 3644 2715 3691 nostra
2745 3634 2815 3688 sit
2842 3631 3085 3688 absoluta
3115 3624 3477 3689 conscientia,
3504 3632 3559 3678 et
3583 3620 3771 3675 illarum

2212 3745 2312 3798 pro
2343 3744 2401 3783 se
2430 3726 2694 3781 rationem
2724 3725 2833 3779 Deo
2859 3723 3047 3779 reddat
3088 3719 3332 3775 intentio.
3373 3715 3673 3772 Cavendum
3701 3715 3772 3763 est

2214 3818 2429 3889 quippe,
2465 3815 2608 3887 quod
2644 3813 2720 3869 'de
2767 3828 2954 3869 earum
2999 3810 3238 3865 moribus
3261 3808 3578 3876 actibusque
3606 3803 3772 3857 beatus

2212 3908 2411 3963 Paulus
2458 3916 2688 3975 testatur
2739 3902 3031 3975 apostolus.
3070 3900 3221 3966 Quod
3271 3896 3484 3970 planius
3528 3902 3771 3963 exponere

2214 3999 2574 4069 praeterimus,
2605 4013 2673 4051 ne
2714 4010 2876 4053 sexus
2910 3992 3176 4049 instabilis
3212 3998 3476 4060 nou‘tam
3514 3979 3769 4045 deterreo.

2217 4070 2385 4161 quam
2408 4087 2689 4145 admoneri
2710 4086 2978 4156 videatur.

519 4177 709 4223 contra
754 4168 834 4226 fas
878 4171 979 4226 sibi
1012 4182 1267 4242 usurpat,
1312 4177 1674 4235 attathematis
1720 4186 1805 4233 est
1849 4192 2111 4232 tnucroue
2141 4157 2189 4215 υ

1584 4332 2044 4405 CONSTITUTIO
2080 4334 2712 4399 rnascorvnmm.
2756 4298 2763 4305 ’

2004 4454 2130 4525 (An.

2155 4453 2307 4523 ρει.)

592 4561 891 4637 Edidcrunt
911 4578 1031 4637 eam
1055 4565 1311 4621 Baluzius
1336 4581 1399 4621 ex
1435 4561 1624 4621 codice
1651 4566 1884 4625 Oratorii
1908 4569 2235 4625 Parisiettsis
2256 4585 2366 4625 sec.
2396 4585 2427 4624 χ
2458 4569 2539 4623 vel
2570 4584 2648 4633 χι,
2681 4567 2736 4622 in
2771 4566 3048 4637 chinone
3083 4566 3160 4620 De
3202 4559 3585 4637 ecclesiasticis

527 4633 688 4709 phnis
715 4635 1081 4709 appendicet,
1114 4652 1234 4707 cap.
1258 4637 1337 4709 755
1359 4638 1672 4709 ;_Eccardus
1701 4640 1751 4709 in
1776 4638 2007 4708 Legibus
2034 4642 2394 4703 Francorum,
2422 4658 2472 4709 p.
2503 4626 2697 4702 198,ex
2729 4626 3187 4709 codiceGothauo
3216 4649 3347 4709 sam.
3374 4648 3469 4709 xt,_
3492 4629 3605 4709 {ob
3636 4626 3762 4709 l§5‘i

521 4700 574 4784 et
608 4700 987 4784 llat'zlteittrius
1019 4700 1672 4784 it_t_conciliisﬁermania:
1794 4700 2004 4784 p.:62_l,
2034 4726 2098 4765 ex
2125 4700 2433 4784 Schanuati
2458 4700 2777 4784 apographu
2816 4704 3482 4784 codicis_mentbranace-i.
3520 4700 3762 4784 Palatino:-

524 4775 770 4830 Vattczttti
799 4791 851 4829 ιι.
886 4774 1010 4830 585.
1047 4776 1249 4832 Novam
1274 4777 1593 4843 editionem,
1620 4772 1807 4834 codice
1835 4772 2099 4836 Gothano.
2132 4796 2257 4837 cum
2306 4772 2635 4837 editionibus
2667 4772 2895 4834 'Baluzii
2920 4787 2973 4833 et
3022 4774 3350 4832 llarzhcimii
3381 4772 3594 4837 collato,
3635 4772 3763 4822 insti-

524 4849 747 4903 tuimus.

590 4986 751 5040 Auno
782 4982 1170 5041 incarnationis
1198 4981 1409 5040 Domini
1436 4980 1534 5036 951
1562 4981 1626 5048 ¹³,
1652 4982 1833 5038 iudict.
1858 4984 1892 5038 9
1918 4985 1959 5017 ιδ
1981 5001 2110 5039 con.

521 5080 771 5132 stitutum
816 5086 901 5135 est
950 5077 1002 5132 in
1048 5072 1442 5133 Franoonol‘urt
1488 5093 1518 5132 a
1551 5089 1676 5144 rege
1722 5072 2109 5145 gloriosissimo

523 5170 742 5236 Ottoue,
789 5188 931 5229 auito
978 5172 1121 5229 illius
1166 5170 1272 5237 15,
1319 5172 1782 5228 consentientibus
1815 5169 2106 5239 episcopis,

2206 4985 2519 5051 comitibus,
2549 4984 2775 5054 aliisque
2810 4983 3073 5040 ﬁdelibus
3096 4980 3499 5052 compluribus,
3524 4990 3760 5036 canonum

2206 5089 2626 5148 sanctorumque
2657 5087 2867 5148 patrum
2895 5075 3239 5139 auctoritate,
3265 5090 3366 5130 nec
3392 5090 3499 5129 non
3529 5067 3759 5142 capitula-

3064 5165 3323 5209 inslilselis
3356 5180 3540 5209 θῆτες-,ε
3582 5156 3755 5209 [δρέύὲ

3062 5205 3323 5221 IIOUUI'MOI'
3356 5205 3540 5221 υνι-ιυ
3580 5205 3779 5234 ,θννι·““σν

2832 5181 3017 5236 regem

2208 5171 2347 5225 rium
2385 5168 2801 5241 praecedentium

1807 5282 1895 5340 VA
1904 5280 2042 5336 lilAei
2087 5282 2483 5338 LECTlO-NES.
