3924 6318
149 378 233 433 855

1095 361 1315 417 TRIUM
1355 360 1687 417 OTTONUM
1725 355 2040 418 COXSTIT.
2080 364 2354 418 [(IClES.

3265 382 3370 434 83H

148 509 202 545 ne
226 481 477 556 oppressio
501 477 762 550 virginum
793 485 886 532 aut
912 476 1216 540 viduarum,
1253 475 1335 531 vel
1370 484 1578 546 raptus,
1606 475 1673 529 ab
1703 487 1752 545 Α
1846 476 1900 529 2.
1944 476 2221 530 Inventum
2253 487 2337 531 est
2369 480 2530 532 etiam
2576 497 2602 534 a
2652 482 2874 553 pra-fato
2920 501 3042 557 rege
3067 530 3079 546 ,
3120 499 3176 542 ut
3226 494 3372 546 nulla

148 582 246 635 ullis
278 573 562 631 hominibus
591 571 710 634 liat;
737 579 792 623 et
836 577 893 623 ut
933 568 1025 637 qui
1072 569 1289 639 rapiunt
1325 581 1418 621 cas
1448 568 1548 621 sub
1581 581 1674 619 no-

144 675 263 732 mine
285 667 433 725 simul
468 664 774 728 habitandi,
807 672 1159 732 eooperantes
1182 671 1233 717 et
1261 662 1608 716 conniventes
1633 661 1676 690 ¹⁸

146 763 428 834 raptoribus,
458 757 716 830 siquidem
748 756 929 812 clerici
961 766 1124 822 sunt,
1170 757 1420 811 decidant
1448 769 1477 807 a
1510 755 1678 824 gradu

141 854 354 926 proprio;
376 852 416 905 si
448 865 573 904 vero
599 849 738 912 laici,
768 847 1324 912 anathematizentur;
1353 855 1408 901 et
1436 857 1680 916 raptores

141 947 236 998 sine
254 957 340 1012 spe
364 941 586 1011 conjugii
615 943 875 1009 perpetuo
905 949 1162 994 maneant
1195 938 1255 992 “.
1296 937 1445 1005 Quod
1477 939 1520 992 si
1559 946 1682 1007 post

140 1037 234 1089 inec
255 1034 467 1103 jungere
493 1031 1037 1101 se-presumpserint,
1069 1031 1284 1100 utrique
1322 1029 1682 1083 anathemati-

136 1134 315 1179 utentur.

1786 568 1998 622 abbatia
2031 584 2150 638 quae
2180 585 2275 638 per
2302 585 2360 624 se
2393 571 2711 627 electionem
2757 577 2914 629 habet
2940 617 2955 640 ,
2993 579 3058 630 ad
3107 592 3377 635 monaste—

1787 660 1926 713 rium
1957 677 2053 715 nec
2080 661 2236 716 alicui
2273 663 2323 716 in
2357 665 2631 734 proprium
2684 667 2799 721 dari
2847 671 3047 736 possit;
3100 672 3202 726 ilhc
3246 690 3376 733 vero

1788 766 1908 820 qua:
1941 753 2206 808 electione
2233 765 2443 818 carent,
2489 757 2632 827 regis
2677 759 2965 815 donatione
2997 772 3052 816 et
3095 763 3376 832 privilegio

1790 844 1856 896 ad
1887 843 2031 897 aliud
2059 845 2100 874 "
2137 848 2520 902 monasterium
2550 850 2692 917 quod
2723 852 2822 906 sub
2851 850 2966 921 ejus
2995 855 3377 910 ununliluu'tlio

1791 935 2040 991 consistit
2071 938 2352 1009 subrogari
2376 941 2583 1008 possint
2608 941 2651 974 ³⁸

1245 1255 1664 1316 CONVENTUS
1719 1261 2215 1322 AUGUSTANUS.

1437 1394 1563 1464 (Αη.
1598 1395 1737 1464 952,
1771 1401 1908 1468 Aug.
1952 1399 2030 1471 7.)

191 1537 474 1592 Conventus
513 1527 796 1610 hujus‘uin
843 1542 982 1613 quo,
1034 1526 1418 1613 contionatore
1461 1527 1760 1597 Reginonis
1809 1540 1977 1613 teste,
2012 1531 2324 1603 Berengarii
2353 1545 2433 1613 “et
2467 1539 2742 1613 Adalberti
2789 1539 2954 1596 italia:
2993 1558 3175 1613 regum
3208 1561 3370 1599 caiisa

137 1616 329 1662 tractata
357 1610 439 1657 est
460 1642 474 1666 ,
518 1597 739 1685 nonnisi
781 1599 1149 1679 ecclesiastica
1177 1597 1664 1685 [capi-tulaservata
1697 1613 1844 1685 sapt.
1878 1604 2142 1684 Debemus
2169 1597 2231 1685 ea
2265 1607 2436 1685 codici
2470 1609 2869 1678 Weingartcusi
2895 1613 3008 1681 jam
3055 1597 3368 1685 depol-dim,

131 1678 258 1746 cujus
286 1671 757 1746 igitur‘editionem
783 1669 1084 1739 principem
1119 1683 1150 1721 a
1176 1668 1397 1722 Canisio
1429 1669 1481 1722 in
1502 1669 1865 1726 Lectionibus
1893 1675 2134 1743 antiquis
2167 1675 2474 1732 institutam
2507 1668 2751 1750 repetere
2779 1668 3014 1751 Oportet.

185 1835 302 1892 Cum
330 1829 812 1889 excellentissimus
840 1827 1224 1897 piissimusque
1250 1824 1377 1880 Otto
1415 1841 1542 1890 rex,
1573 1840 1666 1879 sn-
1703 1823 1746 1888 Β
1774 1824 2070 1894 principem
2094 1827 2240 1896 regni
2259 1827 2430 1883 beatze
2454 1831 2640 1886 matris
2654 1832 2896 1888 ecclesia:
2920 1835 3171 1892 devotum
3193 1839 3361 1894 tilium

128 1941 266 1998 perna
291 1931 553 1978 attractus
588 1918 910 1982 clementia,
964 1931 1070 1971 non
1123 1916 1302 1970 minus
1345 1915 1413 1970 de
1459 1916 1675 1985 negotio

127 2016 356 2086 spiritali,
380 2029 541 2082 quam
574 2013 639 2066 de
675 2019 818 2066 statu
866 2008 1151 2064 christiani
1199 2007 1411 2076 imperii
1441 2015 1676 2060 tractare

127 2105 477 2177 disponeret",
517 2101 786 2171 imprimis
815 2097 1168 2170 pontiﬁcum,
1196 2096 1534 2166 aliorumque
1571 2097 1680 2166 pri-

127 2206 301 2251 matum
329 2207 550 2249 suorum
601 2189 875 2245 communi
903 2187 1134 2243 Consilio
1164 2185 1369 2251 fretus,
1401 2201 1544 2241 anno
1593 2187 1676 2240 iu-

125 2285 421 2340 carnationis
452 2283 584 2347 932,
615 2281 910 2336 indictione
939 2280 1027 2346 l0,
1059 2294 1201 2334 anno
1226 2292 1356 2332 vero
1379 2278 1530 2348 regni
1563 2276 1678 2346 ejus

126 2375 179 2431 l6
201 2376 289 2430 sub
314 2377 396 2430 die
428 2377 458 2428 7
489 2375 571 2428 ld.
595 2371 1032 2443 Aug.,placitum
1062 2380 1496 2438 conventumque
1517 2385 1678 2440 syno-

123 2467 270 2520 dalem
298 2467 555 2535 Augusta:
585 2463 701 2518 ﬁeri
731 2464 1000 2525 decrevit,
1030 2471 1298 2532 quatenus
1318 2462 1572 2515 concordi
1604 2460 1679 2514 di-

122 2557 310 2625 ligentia
331 2597 345 2621 ,
379 2566 485 2610 tam
518 2555 696 2610 sancti
729 2553 861 2609 eleri
890 2568 1052 2622 quam
1085 2553 1265 2622 populi
1294 2552 1540 2608 ecclesiae
1569 2560 1678 2606 sta-

120 2645 314 2702 bilitatis
355 2646 639 2716 profectus
681 2655 737 2700 ct
778 2645 942 2699 totius
970 2643 1387 2698 christianitatis
1416 2642 1677 2698 utilitates

123 2750 471 2797 tractarentur.
508 2737 678 2807 Cujus
701 2737 895 2793 divinze
923 2737 998 2791 rei
1027 2735 1434 2806 dispositionem
1462 2751 1560 2806 per
1588 2750 1677 2789 re-

119 2833 453 2890 verentissimi
492 2841 659 2902 atque
690 2829 1096 2902 prudentissimi
1129 2828 1424 2883 Frithurici
1453 2827 1678 2898 Magnu-

119 2925 221 2977 tina:
245 2924 381 2979 sedis
407 2921 809 2992 archiepiscopi
840 2919 1159 2976 industriam
1209 2919 1445 2973 maxime
1474 2919 1676 2989 guber-

117 3017 214 3069 nari
237 3015 574 3072 deliberavit.
595 3013 828 3070 lleroldo
845 3015 1009 3068 etiam
1033 3011 1410 3068 .luvavensis"
1433 3011 1677 3065 ecclesize

116 3106 524 3176 archiepiscopo,
545 3104 762 3160 Manase
775 3120 988 3175 quoque
1003 3103 1422 3160 Mediolanensis
1435 3102 1676 3158 ecclesiae

1781 1918 2088 1984 postulare,
2117 1929 2385 1988 quatenus
2415 1921 2610 1977 ibidem
2641 1925 2816 1978 divina
2851 1927 3264 1984 discutientibus
3293 1935 3374 1984 in-

1782 2017 1985 2060 teresse
2029 2008 2359 2079 dignaretur.
2408 2010 2544 2064 Tum
2575 2012 2662 2066 die
2709 2013 2976 2083 praeﬁnito
3020 2033 3085 2071 eo
3119 2021 3372 2082 veniens,

1781 2097 2062 2152 dulcisona
2094 2100 2520 2156 modulationum
2544 2105 2915 2174 jocunditate,
2945 2108 3239 2165 honoriﬁce
3259 2153 3271 2175 ,
3299 2115 3372 2165 ιιιὶ

1777 2189 1984 2256 regiam
2013 2189 2330 2260 dignitatem
2358 2195 2632 2257 decuerat.
2657 2199 2724 2252 ab
2750 2200 3003 2256 omnibus
3028 2207 3368 2274 acceptus".

1779 2287 1956 2340 inissa:
1981 2285 2346 2344 celebratione
2361 2288 2405 2320 ³³³
2437 2291 2611 2358 ﬁnita,
2643 2295 3027 2352 satisfaciendo
3056 2300 3372 2369 pontiﬁcum

1778 2377 2023 2446 petitioni
2049 2393 2170 2432 cum
2201 2379 2394 2449 insigni
2426 2382 2678 2450 privatim
2711 2386 2863 2438 turba
2907 2389 3171 2458 synodum
3205 2392 3373 2442 intra-

1777 2467 1874 2520 vit.
1925 2466 2143 2521 lnterim
2195 2471 2522 2524 reverendus
2565 2471 2888 2543 Mngonlitla‘.‘
2922 2477 3067 2530 sedis
3111 2479 3375 2549 archiepi-

1780 2573 1974 2628 scopus
2017 2558 2361 2616 Fritburicus
2411 2578 2470 2617 se
2519 2579 2549 2618 e
2591 2565 2724 2618 solio
2769 2567 3020 2635 erigens,
3074 2569 3367 2629 humiliter.

1779 2658 2111 2720 strenueque
2157 2665 2462 2706 sermonem
2494 2655 2728 2724 regulari
2775 2657 2953 2712 studio
2983 2670 3370 2728 congruentem

1779 2740 2111 2809 protulerat;
2143 2742 2340 2798 deinde
2363 2755 2557 2800 cuneta
2577 2787 2591 2811 ,
2622 2758 2742 2816 qua":
2768 2749 2833 2802 de
2850 2747 2973 2814 jure
2998 2751 3372 2805 ecclesiastico

1773 2831 1927 2901 juxta
1953 2833 2269 2886 canonicam
2296 2835 2672 2891 auctoritatem
2696 2847 2751 2891 et
2771 2839 3029 2892 imitanda
3057 2851 3368 2894 sanctorum

1778 2933 1995 2993 patrum
2019 2924 2234 2978 decreta
2261 2937 2418 2979 erant
2442 2927 2697 2981 ventilata
2726 2930 3114 2998 pronuncians,
3142 2930 3194 2983 in
3224 2931 3374 2984 hisee

1779 3015 2030 3070 omnibus
2078 3016 2202 3070 huic
2250 3016 2330 3071 rei
2375 3019 2699 3074 necessariis
2746 3034 2804 3074 se
2836 3019 2888 3073 in
2935 3035 3220 3076 commune
3256 3022 3372 3092 ejus

1780 3109 2092 3179 praesidium
2121 3112 2324 3167 sentire
2373 3113 2701 3181 postulabat.
2734 3113 2941 3181 Quibus
2973 3130 3066 3170 rex
3089 3155 3104 3182 ,
3152 3117 3372 3186 superni.

115 3195 498 3267 archiepiscopo
518 3236 534 3262 ,
561 3193 727 3250 Petro
753 3195 1053 3250 Ravennati
1087 3193 1528 3263 archiepiscopo,
1574 3209 1680 3248 cae-
1706 3196 1750 3256 C
1783 3200 1985 3254 amoris
2012 3200 2133 3270 igne
2165 3216 2460 3257 succensus
2499 3213 2554 3258 et
2588 3203 2704 3258 zelo
2735 3205 2901 3259 divini
2933 3207 3138 3261 amoris
3167 3208 3375 3261 anima-

113 3286 325 3354 terisque
351 3287 524 3341 ita-lia:
542 3326 558 3350 ,
584 3286 805 3351 Galliae,
835 3286 1142 3342 Germaniae
1160 3326 1175 3350 ,
1205 3286 1512 3340 sulmotatis
1538 3300 1678 3354 pon-

115 3374 322 3431 tiﬁcibus
350 3378 478 3432 huic
504 3377 826 3432 discussioni
850 3391 1070 3447 operam
1094 3375 1438 3446 exigentibus
1463 3394 1477 3428 :
1507 3375 1676 3430 Udal-

111 3466 206 3520 rice
231 3467 595 3539 Augustensis
637 3469 882 3524 ecclesia:
921 3469 1212 3538 episcopo;
1253 3467 1469 3522 Annoui
1501 3465 1676 3520 Wan-

112 3559 357 3626 gienensis
397 3560 656 3616 ecclesire
696 3561 981 3631 episcopo;
1014 3558 1320 3614 Starcando
1369 3558 1680 3613 Eilistetcn-

109 3656 223 3708 sis"
247 3657 493 3714 ecclesiae
523 3657 809 3727 episcopo;
837 3653 1093 3710 Conrado
1122 3651 1559 3708 Constantiensis
1583 3665 1674 3705 ec-

109 3749 265 3807 clesiae
310 3753 604 3823 episcopo;
650 3747 853 3819 Poponi
908 3746 1380 3816 Werziburgensis
1432 3744 1678 3800 ecclesiae

107 3841 366 3912 episcopo;
416 3839 718 3898 Godel’rido
747 3837 1086 3893 Nemetensis
1114 3836 1360 3892 ecclesiae
1384 3835 1673 3902 episcopo;

106 3927 352 3987 llarberto
377 3930 664 3988 Ουτὶιιιιείε
689 3928 931 3986 ecclesiae
957 3927 1246 3998 episcopo;
1275 3924 1544 3982 Uoduni”
1575 3925 1678 3979 Ar-

103 4023 418 4089 gentinensis
443 4021 689 4077 ecclesiae
732 4020 1017 4091 cpiscOpo;
1065 4018 1361 4072 Lantberto
1407 4014 1680 4084 Frisinge-

104 4114 268 4168 nensis
293 4113 547 4170 ecclesiae
591 4111 874 4182 episcopo;
925 4108 1146 4179 llugone
1191 4106 1490 4162 Brixicnsis
1507 4106 1554 4137 ⁸³
1588 4121 1682 4160 ec-

101 4205 261 4262 clesia:
301 4209 596 4278 episcopo;
633 4203 860 4259 Michael
891 4201 1385 4257 Radesbonensis“
1434 4199 1679 4256 ecclesiae

102 4297 372 4366 episcopo;
396 4295 694 4352 Adelberto
715 4291 1111 4349 Pataviensis"
1133 4291 1376 4346 ecclesia:
1399 4290 1676 4361 episcopo;

97 4383 365 4445 Luidlrido
387 4386 758 4444 Ticinensis"
779 4385 1021 4442 ecclesia:
1049 4385 1328 4454 episcopo;
1353 4382 1680 4437 Gisibrando

98 4478 460 4538 Terdonensis
502 4479 746 4535 ecclesia:
775 4480 1060 4550 episcopo;
1089 4477 1323 4532 Antonio
1355 4474 1678 4530 Bricsieusis

1783 3298 1888 3355 tus,
1914 3291 2112 3345 mentis
2135 3292 2488 3362 corporisque
2513 3293 2633 3347 nisu
2658 3293 3154 3372 ecclesiasticarun‘t
3186 3311 3369 3351 rerum

1780 3383 2191 3449 auxiliatorem,
2239 3384 2577 3440 defensorem
2625 3387 3121 3456 promptissimum,
3150 3404 3209 3445 se
3251 3402 3372 3442 esse

1779 3471 2146 3541 promittendo
2194 3474 2533 3529 certiﬁeavit.
2579 3475 2693 3530 llac
2731 3477 2985 3532 videlicet
3014 3479 3375 3548 promissione

1781 3562 1963 3616 audita
2007 3563 2206 3638 regali,
2239 3566 2552 3634 prrelibatus
2598 3569 3042 3639 archiepiscopus
3093 3573 3371 3636 residens,

1779 3655 2052 3708 communi
2085 3667 2406 3711 cancrorum
2436 3671 2664 3712 assensu
2701 3659 2946 3729 capitula
2984 3662 3370 3729 subsequentia

1781 3745 1986 3799 titulari
2019 3747 2298 3816 praecepit.
3078 3763 3082 3766 '

1851 3837 1904 3891 1.
1944 3837 2000 3892 Si
2033 3837 2169 3907 quis
2220 3838 2633 3908 episcoporum,
2669 3842 3111 3913 presbyterorum
3133 3883 3148 3908 ,
3180 3843 3369 3898 diaco-

1781 3942 1972 3982 norum
1995 3968 2012 3995 ,
2042 3928 2609 4000 subdiaconornmque
2632 3944 2856 3985 uxorem
2884 3933 3178 4002 acceperit,
3205 3946 3236 3986 a
3266 3933 3368 3987 sibi

1781 4016 2026 4086 injuncto
2066 4016 2245 4072 ollicio
2288 4019 2640 4089 deponendus
2687 4029 2802 4087 est,
2841 4021 2983 4076 sicut
3030 4022 3084 4076 in
3131 4023 3365 4078 concilio

1779 4109 2194 4179 Carthaginiensi
2225 4119 2442 4165 tenetur
2469 4127 2591 4182 cap.
2615 4112 2710 4167 25.

1849 4199 1903 4254 2.
1945 4199 2271 4271 Episcopos,
2305 4202 2685 4274 presbyteros,
2717 4202 2799 4259 vel
2827 4202 3062 4274 aliquem
3092 4203 3160 4260 de
3189 4203 3333 4260 clero
3355 4243 3370 4267 ,

1780 4308 1947 4349 canes
1971 4295 2199 4349 venandi
2227 4309 2416 4351 amore
2438 4296 2523 4352 vel
2547 4297 2836 4366 accipitres
2857 4297 3058 4352 habere
3080 4313 3186 4352 non
3216 4299 3364 4362 licet,

1778 4382 1919 4437 sicut
1953 4382 2008 4436 in
2057 4383 2288 4439 concilio
2324 4383 2520 4455 legitur
2546 4386 2808 4441 Toletano
2837 4401 2959 4456 cap.
2991 4386 3078 4440 10.
3112 4387 3371 4457 Quisquis

1779 4483 1959 4530 autem
1989 4491 2341 4546 personarum
2370 4475 2672 4544 hujusmodi
2724 4478 2778 4532 in
2824 4478 2927 4531 hac
2975 4477 3252 4548 voluptate
3279 4480 3368 4533 de-

96 4571 326 4627 ecclesia:
380 4571 669 4641 episcopo;
726 4567 1047 4623 Waldone"
1103 4567 1343 4621 Cumano
1391 4566 1673 4635 episcopo;
1709 4555 1756 4615 D
1785 4567 2065 4622 lectatus"
2097 4567 2278 4632 fuerit,
2305 4569 2558 4637 quamdiu
2585 4571 2635 4624 in
2661 4571 2750 4624 illa
2771 4570 3074 4625 detestabili
3098 4570 3374 4641 voluptate

93 4659 323 4716 Deodato
355 4660 674 4715 Parmensis
701 4659 946 4714 ecclesiae
983 4658 1266 4728 episcopo;
1299 4655 1540 4711 Wittone
1570 4655 1680 4708 Illu-

95 4753 310 4810 tinensis
361 4753 610 4810 ecclesiae
657 4752 939 4821 episceno;
996 4751 1304 4806 Adelhardo
1347 4749 1679 4820 ltegenensis

91 4846 326 4902 ecclesia:
357 4847 646 4917 episcopo;
682 4844 886 4915 Sigollo
917 4843 1246 4900 Placentina:
1287 4843 1528 4898 eeclesi:c
1558 4843 1672 4911 epi-

90 4948 273 5006 scOpo;
304 4937 566 5008 Adalgiso
596 4935 921 5006 Aquensis"
953 4935 1196 4990 ecclesia)
1238 4935 1490 5004 episcopo
1513 4951 1526 5001 ;
1553 4951 1674 4989 cum

89 5041 268 5084 eorum
311 5029 593 5084 unanimis
630 5030 906 5101 diligentia
950 5029 1076 5086 huic
1100 5029 1474 5084 ecclesiastico
1508 5044 1676 5098 nego-

91 5118 159 5172 tio
184 5121 482 5192 vigilanter
529 5122 792 5190 instaret,
838 5123 1090 5178 omnibus
1137 5130 1312 5174 ratum
1360 5121 1674 5188 putabatur,

1782 4659 2074 4724 detinetur,
2103 4660 2171 4713 ab
2199 4660 2346 4715 omni
2391 4660 2763 4716 ecclesiastico
2789 4660 2966 4717 olﬁcio
2993 4670 3189 4717 cesset.

1849 4750 1902 4803 5.
1943 4749 2258 4819 Episcopus,
2283 4753 2585 4822 presbyter,
2607 4752 2976 4806 autdiaeonus
2996 4753 3127 4806 alea:
3149 4767 3370 4817 vacans,

1782 4843 1826 4897 si
1856 4843 1924 4897 ab
1954 4843 2055 4898 hoc
2083 4843 2372 4898 interdicto
2399 4859 2563 4914 apere
2590 4859 2808 4900 cessare
2840 4844 3107 4910 noluerit,
3140 4845 3289 4900 velut
3319 4863 3370 4898 in

1781 4951 1990 4992 canone
2015 4936 2382 5006 apostolorum
2412 4936 2644 4992 habetur
2685 4937 2924 5006 capitqu
2955 4939 3372 5008 quadragesimo

1787 5029 2057 5094 secundo,
2089 5030 2438 5100 deponendus
2472 5031 2596 5086 erit.

1856 5121 1910 5174 4.
1953 5117 2142 5182 Nullus
2170 5123 2223 5174 in
2254 5120 2539 5176 clericatus
2585 5120 2762 5177 ollieio
2811 5136 3037 5177 manens
3084 5119 3366 5174 mulierem

1285 5249 1518 5308 VARIE
1557 5252 1956 5309 LECTIONES.

156 5369 196 5400 ”
225 5371 301 5424 ita
339 5370 472 5439 App.
515 5369 898 5424 convenientes
943 5368 1100 5423 Colla.
1135 5367 1336 5421 Ilarzh.

88 5510 384 5565 eibstensis
413 5509 473 5564 C.
551 5512 594 5542 ²²
628 5511 834 5567 Vudoni
863 5511 923 5565 (ἱ.

1449 5365 1490 5436 ξε
1529 5383 1575 5419 c.
1611 5375 1963 5434 permaneant
1992 5368 2122 5436 App.

90 5437 128 5466 "
165 5457 264 5493 vox
316 5435 432 5494 mae
477 5442 731 5494 excidisse
775 5441 1002 5502 videtur,
1056 5441 1196 5493 deest
1238 5439 1380 5517 apud
1429 5435 1724 5517 (lapidum.
1750 5507 1782 5517 η
1821 5439 1864 5470 ²⁰
1890 5439 2213 5517 ἑςαηιόιγρπὶ
2251 5439 2581 5517 juvanensis
2619 5439 2798 5491 (Tunis.
2827 5505 2859 5517 ﬁ
2906 5439 2950 5517 1‘
2974 5435 3060 5517 ita
3122 5453 3208 5517 cor

1001 5511 1133 5563 “ita
1161 5505 1398 5572 correxi;
1424 5507 1715 5561 Aritiensis
1742 5507 1806 5560 (Σ.
1833 5509 1923 5563 sed
1955 5509 2038 5562 hic
2070 5510 2205 5562 inter
2229 5505 2497 5577 episcopos
2528 5510 2789 5561 dioreseos
2820 5505 3234 5574 Salisburgcnsia
3262 5524 3363 5559 non

2235 5367 2276 5397 ιτ
2307 5367 2435 5422 illud
2461 5364 2525 5422 η.
2571 5365 2776 5422 IIarzlt.
2909 5367 3131 5436 "nesse
3161 5364 3362 5420 ¹¹ην²ε¹¹υ

1821 5439 1864 5470 ²⁰
1890 5439 1963 5490 ita
2009 5439 2213 5491 correxi
2251 5439 2566 5508 jnvanensis
2619 5439 2798 5491 (Tunis.
2833 5505 2855 5508 Α
2907 5439 2950 5508 ν
2991 5439 3060 5490 ita
3122 5440 3362 5496 correxi;

86 5580 147 5631 de
175 5581 435 5635 Aritiemi
463 5584 518 5635 iu
551 5581 711 5635 Italia
735 5621 751 5646 ,
789 5584 879 5634 sed
910 5585 974 5635 de
1010 5580 1274 5634 Brixiemi
1302 5581 1540 5649 episcopo
1563 5595 1851 5633 sermonem
1881 5597 1990 5633 esse
2021 5589 2180 5649 patet.
2216 5581 2554 5648 Sn/fmgnnei
2585 5579 2814 5649 ecclesia:
2847 5577 3268 5646 .ilognntineusis
3299 5579 3362 5649 agb

87 5652 414 5715 Anqustemi
470 5653 763 5721 incipiunt,
825 5649 1242 5720 Salisburgensis
1298 5669 1328 5702 α
1390 5647 1750 5721 Frisingensi,
1813 5647 2220 5721 Mediolnneusis
2277 5647 2318 5702 (ιθ
2370 5650 2649 5721 Ί-Ῐὶςῑιιειιεὶ.

1199 5723 1240 5751 ’⁷
1263 5722 1334 5775 ita
1352 5719 1802 5788 correxifvultoni
1826 5719 1884 5775 (Σ.
1922 5785 1928 5791 ι
1963 5724 2008 5754 ⁸⁸
2035 5719 2436 5788 aquenensisC.

87 5720 131 5749 "
159 5721 480 5776 Patavensis
502 5720 582 5775 C.’
663 5721 1097 5776 "PicinensisC.

88 5790 125 5822 ³¹
169 5796 246 5846 ita
286 5795 528 5860 correxi;
565 5793 862 5849 deuadatus
891 5793 948 5846 C.

2725 5650 2770 5678 ”
2800 5647 3250 5702 Radcsborieusis
3298 5647 3358 5700 (ἶ.

2520 5720 2563 5750 ¹⁹
2595 5719 2874 5788 receptus?
2950 5719 2994 5750 ”
3010 5718 3277 5774 celebrate
3296 5716 3356 5771 ς.
