3874 5340
521 230 624 285 εχ,
1233 221 1522 277 APPEND.
1555 222 1647 276 AD
1683 220 1857 277 sec.
1902 221 1969 276 χ.
2012 250 2086 263 -
2116 220 2553 279 nouuncsra
2590 203 3105 282 metuamus.
3688 232 3785 289 an

522 350 664 422 typis
709 346 909 422 iterum
957 340 1946 422 dedit'commentarioque.tlouavjt,‘
1975 352 2099 393 cum
2150 348 2311 420 antea
2346 338 2632 422 rariusnex
2664 340 2971 422 ipso-qnam
3003 356 3070 422 es
3106 340 3783 422 apograpltissaacuiorum

523 409 882 493 posteriorum
913 414 1210 493 smpissime
1235 412 1377 465 edita
1407 422 1621 493 atquea
1649 410 1980 493 doctissimis
2008 409 2661 493 mqueimpuguatoribus
2684 409 2748 465 ac
2773 409 3171 493 defensoribus,
3196 409 3496 493 Πειιιέιιοςίς)
3517 414 3782 493 βηξςίριιε

521 480 580 547 ct
603 489 816 558 Borgia,
854 480 1504 558 ampliscommentariis
1525 482 1791 558 illustrata
1824 480 2037 558 fuisset.
2064 480 2456 558 Alititlttissittia
2483 480 2654 558 ipsius
2692 489 2854 558 atque
2880 484 3206 558 chartarum
3226 483 3489 558 Ludovici
3502 480 3778 558 _'et_IIéin-

521 563 620 617 rici
654 550 1029 626 llapographa
1063 555 1113 626 in
1145 553 1426 626 codicibus
1464 550 1741 626 Vaticanis
1772 568 1827 605 n.
1858 551 2074 626 I984_et
2101 550 2241 626 3855
2265 565 2426 626 manu
2453 550 2634 626 δέρρειίί
2659 566 2734 605 xu
2762 551 3002 626 ineuntis
3032 552 3232 626 inveni,
3257 555 3400 609 unde
3421 554 3559 626 etin
3594 554 3780 613 librum

519 620 1034 688 censualem'VCeiuzii
1062 624 1361 679 Camerarii
1391 623 1749 691 transcriptas
1774 637 1896 676 esse
1928 621 2288 694 animadverti
2329 620 2465 692 (15).
2500 620 2730 694 Pactum
2769 624 3003 678 secunda
3041 623 3125 677 sui
3157 632 3310 693 parte
3346 624 3630 694 praecipua
3659 641 3780 681 con-

523 700 822 758 stitutionis
852 696 1089 751 Lotharii
1120 711 1208 749 an.
1243 694 1348 751 824
1382 690 1898 765 capitulauna‘emn
1922 692 2165 765 Al'ortuula
2195 690 2522 746 sacramenti
2560 690 2928 748 Romanorum
2952 690 3259 765 continuat.
3289 690 3475 750 Prima
3504 690 3641 749 vero
3664 711 3780 765 pars

518 772 760 826 continet
790 768 1255 823 conﬁrmationem
1283 761 1685 835 posseSsionum
1730 762 1985 835 Ecclesiae
2014 761 2293 835 Romanae,
2325 770 2436 835 tum
2482 777 2669 835 earum
2706 778 2841 831 quas
2864 779 2927 817 ex
2963 765 3185 834 antiquo
3208 764 3354 833 jure,
3401 761 3781 824 donationibus

516 844 725 912 Pippiui
755 850 811 895 et
839 838 1041 912 Karoli,
1083 846 1145 912 et_
1171 852 1237 891 ex
1271 830 1429 905 pacto
1457 834 1906 912 (_}a_r_isiacensi_et
1933 831 2071 912 jure
2101 830 2298 885 Karolo
2330 831 2521 912 Magno
2548 830 2774 912 probato
2805 830 3110 903 repetebat,
3134 830 3348 912 necnon
3373 846 3569 890 earum
3599 849 3731 912 quas
3752 853 3779 891 ι

518 902 746 967 meridie
770 912 926 966 linea:
954 926 984 962 a
1011 908 1180 962 Lunis
1210 902 1380 976 usque
1416 907 1481 959 ad
1526 905 1762 959 Montem
1793 903 1977 976 Sirlicis
2003 912 2268 976 porrectte
2303 903 2586 976 pontitices
2616 902 2900 976 aﬂ'cctasse
2928 918 3027 959 nec
3057 914 3233 959 tamen
3264 906 3521 976 evincere
3550 902 3779 974 potuisse

517 1000 678 1051 supra
705 983 965 1041 diximus.
993 978 1201 1051 adjecta
1238 973 1466 1051 ecclesia
1497 974 2030 1051 sanctzc‘tlliristina:
2051 988 2223 1051 prope
2251 973 2490 1051 lfapiam,
2525 973 3072 1051 tum__vcro_al_iaru_m,
3101 990 3238 1051 quas
3265 973 3777 1051 ab_i_mperatoribns

515 1043 738 1108 collatas
771 1067 892 1106 esse
920 1043 1107 1105 nullibi
1141 1048 1253 1102 fere
1285 1048 1386 1101 nisi
1419 1049 1505 1101 hic
1528 1059 1691 1115 atque
1712 1046 1762 1100 iu
1798 1046 1926 1099 ﬁcto
1950 1044 2208 1115 Ludovici
2234 1044 2527 1115 diplomate
2554 1053 2608 1097 et
2636 1043 2872 1098 lleiurici
2898 1043 3145 1115 legimus.
3180 1044 3314 1099 Nam
3341 1043 3474 1100 licet
3504 1047 3774 1114 appendix

517 1124 765 1178 "iSlOI'IiB
796 1121 1041 1191 Eutropii
1077 1136 1106 1173 a
1142 1116 1325 1191 Flacio
1354 1116 1564 1189 Illyrico
1594 1113 1763 1191 edita,
1788 1130 1967 1191 quam
1994 1113 2379 1191 Benedicto§.
2409 1114 2657 1191 Andreae
2682 1117 2749 1167 ad
2780 1113 3065 1169 Soractem
3115 1116 3388 1191 monacho
3435 1113 3776 1191 tribuendam

515 1210 637 1249 esse
670 1209 890 1256 censeo,
923 1183 1179 1245 Karolum
1218 1189 1257 1243 ll
1298 1183 1456 1257 pacto
1482 1203 1602 1241 cum
1641 1183 1918 1257 Romanis,
1955 1185 2114 1239 idest
2145 1200 2273 1257 cum
2297 1183 2537 1257 Ecclesia
2586 1183 2850 1257 Humana,
2882 1194 3185 1257 renovato,
3207 1188 3256 1240 ei
3289 1186 3631 1257 monasteria
3668 1187 3775 1240 Sal-

512 1266 719 1319 vatoris
749 1272 803 1317 et
832 1254 891 1316 B.
917 1261 1098 1315 Maria:
1134 1270 1188 1313 et
1218 1259 1275 1313 S.
1300 1254 1536 1313 Androm
1560 1257 1627 1311 ad
1656 1255 1960 1320 Soractcm,
1997 1268 2106 1310 tum
2138 1256 2343 1324 patrias
2373 1254 2588 1308 Sanuia:
2613 1256 2869 1325 (Samnii)
2892 1264 2948 1310 et
2972 1256 3433 1325 Calahrimsimul
3462 1271 3593 1311 cum
3617 1259 3774 1310 omni.

512 1330 615 1389 bus
646 1334 960 1388 civitatibus
990 1330 1306 1393 Beneventi,
1337 1330 1554 1397 insuper
1582 1335 1753 1382 totum
1784 1328 2039 1397 ducatum
2087 1326 2426 1397 Spoletinum
2472 1340 2595 1379 cum
2628 1323 3178 1397 duabus'civitatibus
3222 1323 3457 1390 Tuscia},
3497 1326 3690 1380 Aricio
3728 1337 3775 1381 et

513 1404 697 1460 Clusio
726 1404 1020 1459 contulisse
1050 1400 1162 1470 (l4)
1198 1408 1251 1454 et
1300 1395 1480 1470 regim:
1507 1396 2207 1470 legationis“assiduitatem
2258 1396 2341 1470 vel
2388 1396 2731 1470 prmseutiam
2776 1396 2849 1450 iu'
2874 1395 3140 1470 electione
3183 1397 3482 1470 removisse
3518 1396 3690 1458 dicat,
3724 1408 3774 1451 et

468 1484 471 1487 '
512 1474 747 1529 Joannes
785 1472 894 1527 VIII
926 1474 978 1526 in
1020 1464 1245 1542 epistola
1278 1464 1417 1524 nona
1452 1464 1688 1542 Capuam
1719 1484 1749 1522 a
1780 1465 1979 1542 Karolo
2004 1465 2259 1542 Ecclesia!
2304 1464 2687 1542 Romanas-iuri
2717 1467 3078 1542 potestatique
3106 1468 3457 1542 commissam
3493 1478 3769 1531 memoret,

512 1544 777 1613 ejusmodi
819 1554 996 1598 tamen
1027 1534 1462 1613 donationem,si
1484 1534 1623 1613 vero
1664 1538 1977 1613 contigerit,
2006 1538 2148 1590 haud
2182 1536 2323 1589 ultra
2357 1534 2538 1613 Karoli
2565 1535 2606 1589 ll
2645 1534 3361 1613 usurpatorisfprmseutiam
3393 1537 3650 1613 «lugasse,
3682 1552 3769 1591 nec

512 1605 984 1670 a'suceessoribus
1022 1627 1236 1666 corona:
1272 1610 1528 1682 legitimis
1556 1607 2021 1682 agnitaml‘uisse,
2046 1622 2141 1675 per
2175 1621 2232 1682 se
2262 1615 2428 1675 patet.
2461 1607 2884 1682 imperatoribus
2913 1605 3056 1660 enim
3106 1605 3771 1682 regibusque“Germano-

514 1700 633 1739 rum
666 1686 830 1740 etiam
860 1684 1133 1755 legitimis,
1165 1683 1305 1755 bona
1327 1676 1390 1755 ἱξι
1413 1676 1785 1755 possessiones
1813 1678 2278 1755 iniperii_regoive
2311 1676 2525 1755 {iciunisi
2550 1676 2602 1729 in
2628 1676 2750 1729 vitae
2777 1692 2890 1731 sua:
2921 1685 3132 1755 tempus
3162 1676 3480 1732 Conferendi
3501 1676 3597 1755 jus
3627 1692 3767 1755 cont-

510 1759 729 1824 petisse,
766 1755 837 1809 ita
881 1746 940 1808 ιιῖ
972 1746 1234 1807 donatore
1274 1746 1532 1824 defuncto
1560 1751 1795 1824 resipso
1834 1747 1958 1816 jure
1988 1747 2057 1800 ad
2091 1760 2201 1800 rem
2230 1747 2518 1824 publicam
2562 1755 2991 1824 reverterentur,
3029 1747 3389 1824 internuntios
3431 1746 3772 1824 antiquitatis

511 1816 818 1880 Cermanim
844 1840 1043 1895 gnaros
1076 1831 1313 1895 constat.
1344 1821 1508 1895 Multo
1522 1816 1713 1895 magis
1732 1827 1913 1873 autem
1939 1817 2274 1895 usurpatoris
2302 1827 2448 1895 acta,
2479 1818 2719 1895 potentia
2749 1818 2868 1885 ejus
2892 1816 3148 1895 collapsa.
3175 1819 3236 1871 in
3262 1816 3769 1895 irrittn‘nncecidere:

512 1895 679 1960 Cujus
713 1886 996 1948 suntEutim
1037 1901 1092 1946 et
1132 1891 1385 1947 Ottonem
1424 1891 1487 1946 Ill
1521 1886 1905 1960 imperatorem
1939 1886 2347 1960 fuisse.‘charta
2374 1887 2682 1941 donationis
2707 1900 2831 1960 octo
2856 1887 3220 1960 comitantum
3246 1888 3315 1941 ab
3339 1901 3406 1941 eo
3432 1886 3702 1960 Silvestre
3732 1886 3767 1940 ll

514 1954 717 2019 indulta
748 1966 967 2028 evincit,
996 1978 1158 2032 quam
1190 1962 1270 2014 vei
1302 1963 1502 2017 saeculo
1542 1954 1631 2032 xvi
1660 1961 1711 2014 in
1743 1957 2010 2032 tabulario
2040 1954 2300 2032 Vaticano
2323 1966 2652 2032 asservatatu
2682 1957 2816 2032 (ιὸ),
2841 1968 2897 2032 et
2922 1973 3064 2032 anno
3098 1956 3229 2032 l§39
3258 1957 3593 2032 auctoritate
3620 1956 3772 2012 licue-

511 2036 642 2090 dicti
678 2034 765 2088 XII
798 2026 1035 2104 [κψώθέ
1062 2033 1312 2104 originali
1359 2031 1784 2104 bulla‘plum‘bea
1815 2027 2049 2104 Ottonis,
2075 2026 2265 2104 quales
2305 2028 2611 2104 complures
2642 2026 2699 2104 in
2738 2028 3005 2104 tabulario
3034 2028 3183 2104 regio
3209 2027 3348 2104 apud
3391 2042 3492 2081 nos
3532 2037 3763 2104 exstant.

466 2140 475 2151 .
517 2106 724 2159 munito
750 2096 1175 2173 transumptam:
1201 2100 1468 2157 Baronius
1496 2096 1797 2155 Annalibus
1830 2100 1945 2153 suis
1986 2112 2077 2151 an.
2127 2097 2287 2162 Il9l-,
2329 2113 2457 2168 pag.
2495 2096 2621 2162 847,
2660 2096 2911 2163 inseruit,
2949 2096 3250 2153 undc'eam
3296 2098 3404 2152 hoc
3439 2097 3770 2168 potissimum

514 2176 635 2231 loco
662 2177 1010 2245 repetendam
1042 2188 1162 2229 esse
1184 2174 1516 2228 censuimus.

584 2302 603 2334 ‹
639 2283 697 2338 In
739 2284 958 2338 nomine
998 2290 1199 2337 sanctze
1223 2289 1277 2336 et
1303 2281 1593 2336 individua:
1621 2266 1929 2346 Trinitatis,
1965 2279 2098 2334 Otto
2128 2267 2173 2326 Α
2205 2289 2336 2346 tum,
2359 2276 2467 2350 iam
2500 2280 2728 2351 imperio
2760 2280 3051 2351 privatum,
3074 2278 3183 2347 jam
3234 2278 3549 2336 destitutum
3592 2288 3649 2336 et
3691 2294 3772 2333 au-

507 2392 699 2432 servus
742 2375 1132 2445 apostolormu,
1179 2382 1237 2429 ct
1278 2373 1575 2429 secundum
1620 2373 1957 2428 voluntatem
2002 2354 2095 2427 Dei

509 2465 807 2521 Salvatoris
832 2465 1204 2523 Romanorum
1236 2465 1532 2534 imperator
1558 2472 1843 2534 angustus.

582 2577 602 2610 ι
650 2557 878 2613 Ruinam
937 2566 1102 2627 caput
1151 2555 1338 2610 mundi
1388 2554 1731 2625 proﬁtemur,
1791 2552 2095 2609 Romanam

506 2650 791 2705 ecclesiam
840 2657 1068 2703 matrem
1108 2647 1350 2701 omnium
1386 2646 1743 2703 ecclesiarum
1774 2662 1894 2702 esse
1929 2653 2097 2701 testa-

505 2758 644 2802 mur.
684 2742 777 2797 sed
804 2741 1013 2797 incuria
1040 2748 1094 2795 et
1120 2739 1408 2794 inscientia
1436 2737 1756 2809 pontiﬁcum
1798 2738 1957 2811 longe
1983 2754 2097 2798 sua}

503 2832 770 2887 claritatis
818 2832 1002 2887 titulos
1035 2828 1373 2886 obfuscasse.
1418 2828 1554 2883 Nam
1603 2844 1708 2883 nou
1754 2829 1929 2885 solum
1973 2846 2097 2901 quae

503 2930 654 2977 extra
702 2922 901 2978 Urbem
942 2936 1064 2976 esse
1105 2919 1427 2975 videbantur
1454 2919 1840 2985 vendiderunt,
1874 2928 1931 2976 et
1975 2922 2098 2992 qui-

503 3018 729 3072 busdam
760 3015 1007 3071 colluviis
1045 3030 1076 3069 a
1116 3014 1233 3068 lare
1275 3012 1450 3069 sancti
1497 3010 1646 3067 Petri
1694 3012 2093 3080 alienaverunt,

503 3106 597 3159 sed
624 3106 768 3175 quod
808 3106 1013 3173 absque
1038 3103 1225 3157 dolore
1255 3118 1360 3157 non
1389 3101 1639 3167 dicimus,
1670 3102 1713 3156 si
1747 3102 1875 3170 quid
1906 3102 1958 3156 in
1992 3102 2096 3157 hac

504 3203 691 3249 nostra
728 3192 871 3250 Urbe
898 3195 1044 3263 regia
1072 3193 1399 3257 habuerunt,
1427 3201 1487 3247 ut
1510 3190 1703 3260 majori
1731 3191 1947 3247 licentia
1968 3207 2096 3248 eva-

504 3292 781 3353 gareutur,
809 3284 1059 3339 omnibus
1088 3298 1211 3338 cum
1242 3282 1553 3338 vindicante
1592 3283 1822 3353 pecunia
1854 3283 1908 3338 in
1942 3298 2096 3339 com-

505 3392 668 3430 mune
711 3376 994 3442 dederunt,
1045 3385 1099 3432 et
1147 3386 1393 3431 sanctum
1450 3375 1692 3443 Petroni,
1748 3385 1804 3431 et
1846 3387 2092 3432 sanctum

504 3466 751 3531 Paulum,
799 3468 913 3537 ipsa
954 3482 1167 3536 qumpte
1213 3465 1407 3521 altaria
1457 3465 1843 3536 spoliaverunt,
1889 3474 1946 3520 et
1994 3480 2094 3535 pro

506 3558 846 3630 reparatione
876 3572 1090 3627 semper
1115 3556 1488 3613 confusionem
1514 3556 1808 3611 duxerunt.
1837 3555 2093 3612 Confusis

501 3628 633 3706 vero
660 3649 922 3722 papaticis
951 3650 1177 3720 legibus,
1211 3659 1267 3704 et
1288 3649 1403 3720 jam
1443 3648 1653 3720 ahjecta
1703 3649 1933 3705 ecclesia
1981 3648 2089 3704 Ro-
2122 3628 2167 3688 Β

502 3758 685 3807 mana,
727 3742 781 3797 in
820 3751 1031 3798 tantum
1067 3742 1285 3812 quidam
1329 3742 1648 3813 pontiﬁcum
1686 3741 1994 3806 irrueruut,
2031 3750 2092 3796 ut

503 3834 793 3888 maximam
820 3844 1027 3904 partem
1051 3833 1263 3903 imperii
1289 3833 1459 3889 nostri
1485 3832 1810 3907 apostolatui
1840 3846 1940 3887 suo
1962 3847 2090 3886 con-

499 3925 803 3997 iungerent,
844 3924 961 3995 jam
1003 3940 1109 3981 non
1161 3935 1467 3996 quaerentes
1498 3940 1618 3995 quzc
1647 3933 1701 3980 et
1733 3932 1934 3995 quanta
1977 3923 2092 3978 suis

501 4015 673 4087 culpis
701 4016 1079 4086 perdiderunt,
1106 4031 1210 4071 non
1243 4027 1500 4071 curantes
1520 4024 1720 4086 quanta
1748 4031 1814 4069 ex
1847 4014 2092 4068 volunta-

504 4105 581 4158 ria
611 4105 852 4159 vanitate
894 4104 1230 4171 cll'uderunt;
1259 4104 1355 4160 sed
1383 4118 1480 4159 sua
1519 4103 1759 4174 propria,
1795 4110 1981 4174 utpote
2020 4102 2088 4156 ab

503 4196 609 4251 illis
637 4196 767 4266 ipsis
793 4196 1105 4267 dilapidata,
1137 4197 1489 4263 dimittentcs,
1515 4197 1668 4266 quasi
1696 4195 1906 4267 culpam
1933 4211 2085 4251 suam

503 4290 557 4344 iu
603 4289 886 4360 imperium
934 4299 1175 4345 nostrum
1227 4298 1625 4360 retorqueutes,
1674 4290 1741 4344 ad
1787 4288 1981 4355 aliena,
2034 4289 2086 4343 id

500 4390 605 4448 est,
640 4382 706 4437 ad
736 4391 920 4437 nostra
959 4391 1015 4438 et
1059 4383 1227 4437 nostri
1274 4382 1482 4453 imperii
1532 4382 1785 4449 maxime,
1822 4381 2088 4453 migrave—

504 4483 647 4528 runt.
680 4471 807 4529 liceo
828 4483 955 4529 sunt
974 4474 1118 4529 enim
1143 4481 1445 4529 commenta
1473 4473 1541 4528 ab
1561 4472 1665 4529 illis
1693 4471 1823 4543 ipsis
1845 4471 2084 4538 inventa,

501 4567 697 4637 quibus
749 4564 985 4623 Joannes
1040 4566 1324 4631 diaconus,
1380 4572 1741 4635 cognomento
1794 4561 2085 4633 digitorum

504 4658 723 4725 mulius,
744 4669 1070 4730 prmceptum
1096 4660 1277 4715 aureis
1305 4658 1505 4713 litteris
1531 4656 1765 4726 scripsit,
1798 4655 1901 4711 sub
1932 4654 2089 4710 titulo

503 4748 683 4819 magni
736 4750 1076 4805 Constantini
1124 4749 1282 4821 longa
1319 4748 1583 4804 mendacii
1626 4758 1868 4818 tempora
1910 4745 2089 4805 ﬁnxit.

504 4839 629 4895 llaec
655 4852 778 4896 sunt
805 4843 967 4897 etiam
996 4851 1317 4908 commenta,
1343 4839 1538 4911 quibus
1564 4839 1768 4907 dicunt,
1798 4840 2089 4911 quemdam

499 4930 752 4987 Carolutu
795 4932 840 4965 ³⁵
874 4942 1063 4988 sancto
1106 4932 1269 4988 Petro
1314 4940 1498 4987 nostra
1542 4931 1755 5002 publica
1807 4931 2082 4986 tribuisse.

502 5022 609 5077 Sed
636 5022 704 5079 ad
744 5025 858 5081 lucc
891 5025 1303 5096 respondemus,
1328 5025 1501 5093 ipsum
1522 4992 1772 5079 Uarolum
1797 5022 1931 5077 nihil
1952 5021 2083 5076 dare
2112 4992 2157 5055 Ο

496 5113 629 5183 jure
655 5116 914 5185 potuisse,
946 5127 1132 5188 utpote
1154 5118 1266 5189 jam
1311 5131 1341 5170 a
1375 5114 1569 5170 Carolo
1595 5113 1817 5170 meliore
1846 5113 1891 5144 ³⁸
1926 5111 2081 5183 fuga-

2198 2370 2478 2426 nullatum.
2512 2370 2654 2443 Ergo
2693 2373 2836 2441 quod
2880 2387 2985 2426 nou
3019 2371 3225 2437 habuit,
3265 2372 3415 2427 dedit
3451 2389 3468 2427 :
3508 2370 3591 2426 sic
3622 2371 3767 2433 dedit,

2196 2463 2339 2518 sicut
2370 2462 2633 2517 nimirum
2660 2464 2791 2518 dare
2816 2465 3011 2533 potuit,
3044 2472 3230 2533 utpote
3258 2464 3350 2534 qui
3375 2464 3519 2519 male
3543 2464 3767 2533 acquisi-

2195 2552 2274 2605 vit
2299 2562 2351 2607 et
2378 2553 2466 2607 diu
2495 2566 2553 2607 se
2582 2566 2957 2623 possessurum
2989 2569 3095 2609 non
3120 2556 3379 2625 speravit.
3407 2553 3625 2625 Spretis
3650 2567 3764 2625 ergo

2197 2641 2592 2698 commenticiis
2619 2643 2902 2713 praeceptis
2946 2653 3002 2700 et
3047 2644 3385 2716 imaginariis
3434 2645 3678 2715 scriptis,
3714 2659 3767 2698 cx

2197 2741 2383 2788 nostra
2412 2733 2736 2790 liberalitate
2759 2743 2947 2791 sancto
2968 2736 3134 2792 Petro
3156 2740 3424 2793 donamus
3445 2750 3569 2808 qua:
3596 2747 3765 2793 nostra

2196 2831 2340 2885 sunt,
2378 2838 2483 2878 non.
2523 2824 2650 2890 sibi,
2680 2839 2801 2894 qua:
2838 2840 2935 2880 sua
2981 2834 3130 2892 sunt,
3169 2827 3332 2882 veluti
3374 2836 3562 2883 nostra
3597 2828 3764 2883 confco

2197 2916 2389 2971 rimus.
2421 2918 2574 2973 Sicut
2600 2917 2746 2973 enim
2777 2934 2875 2989 pro
2899 2934 3086 2976 amore
3111 2921 3286 2975 sancti
3318 2919 3468 2975 Petri
3499 2920 3761 2976 dominum

2198 3007 2518 3063 Silvestrum
2546 3011 2863 3078 magistrum
2905 3018 3146 3065 uos-trum
3178 3024 3379 3081 papam
3409 3011 3691 3082 elegimus.
3715 3021 3762 3066 ct

2197 3099 2310 3154 Deo
2354 3100 2590 3167 volente,
2640 3102 2816 3171 ipsmu
2865 3103 3276 3158 serenissimum
3304 3104 3678 3158 ordinavimus
3720 3112 3766 3156 cl

2196 3190 2502 3245 creavimus
2551 3207 2566 3245 :
2622 3192 2695 3244 ita
2731 3205 2831 3260 pro
2860 3206 3044 3246 amore
3086 3192 3255 3263 ipsius
3293 3193 3497 3249 domini
3530 3193 3761 3250 Silvestri

2192 3294 2348 3351 papa:
2387 3289 2576 3335 sancto
2609 3279 2774 3335 Petro
2803 3281 2870 3336 de
2904 3282 3123 3349 publico
3148 3292 3336 3339 nostro
3375 3285 3520 3340 dona
3549 3284 3764 3340 conferi-

2196 3387 2340 3439 tnus,
2372 3382 2433 3428 ut
2457 3373 2654 3429 habeat
2682 3373 2941 3444 magister
2965 3375 3108 3444 quod
3155 3375 3386 3447 principi
3409 3385 3600 3432 nostro
3620 3376 3761 3432 Petro

2196 3481 2225 3520 a
2255 3478 2409 3537 parte
2436 3468 2524 3522 sui
2559 3466 2808 3538 discipuli
2853 3466 3064 3524 olferat.
3111 3465 3251 3525 Octo
3296 3468 3462 3539 igitur
3491 3470 3760 3525 comitatus

2194 3573 2295 3629 pro
2338 3572 2526 3614 amore
2571 3558 2817 3629 magistri
2860 3560 3029 3614 nostri
3082 3558 3285 3615 domini
3332 3558 3585 3615 Silvestri
3629 3574 3759 3629 papa

2197 3659 2388 3704 sancto
2425 3648 2590 3705 Petro
2625 3648 2904 3705 ollerimus
2931 3659 2987 3705 et
3010 3650 3296 3717 donamus,
3323 3661 3384 3706 ut
3411 3653 3481 3707 ad
3516 3653 3756 3708 honorem

2197 3739 2290 3795 Dei
2316 3748 2373 3796 et
2396 3741 2568 3796 sancti
2598 3740 2744 3796 Petri
2788 3757 2911 3798 cum
2941 3758 3035 3798 sua
3062 3752 3118 3798 ct
3142 3752 3326 3800 nostra
3365 3744 3545 3800 salute
3584 3745 3758 3799 habeat

2192 3839 2249 3885 et
2276 3840 2482 3898 teneat,
2503 3842 2560 3887 et
2582 3832 2648 3887 ad
2673 3832 3010 3888 incrementa
3035 3834 3118 3888 sui
3141 3833 3478 3903 apostolatus
3498 3835 3758 3905 nostrique

2194 3923 2407 3994 imperii
2458 3924 2695 3979 ordinet.
2742 3923 2856 3980 llos
2903 3933 3090 3980 autem
3140 3924 3246 3981 sibi
3307 3924 3377 3980 ad
3418 3926 3754 3981 ordinandqu

2194 4014 2540 4070 concedimus
2569 4030 2583 4069 :
2614 4013 2925 4082 Pisaurum,
2956 4016 3187 4083 Fanum,
3219 4018 3610 4091 Senogalliam,
3654 4019 3751 4074 Au-

2197 4120 2409 4171 conam,
2437 4106 2868 4175 Fossabruuum,
2895 4108 3145 4177 Caliium,
3177 4109 3361 4166 Esium
3389 4119 3449 4166 et
3466 4112 3750 4176 Ausimum,

2195 4207 2254 4253 ut
2279 4197 2457 4255 nullus
2485 4214 2740 4269 umquam
2767 4201 2818 4254 ei
2844 4210 2901 4255 et
2921 4210 3111 4257 sancto
3137 4201 3300 4258 Petro
3319 4202 3520 4258 audeat
3539 4202 3751 4273 aliquam

2194 4287 2641 4359 iuquielationem
2673 4289 2874 4356 facere,
2911 4302 3005 4347 aut
3032 4309 3155 4348 eum
3196 4293 3376 4364 aliquo
3409 4296 3627 4365 ingenio
3653 4295 3754 4349 fati-

2194 4395 2342 4451 gare.
2383 4380 2719 4452 Quicumque
2762 4398 2893 4439 vero
2946 4385 3370 4455 praesumpserit,
3425 4387 3612 4442 omnia
3657 4399 3754 4457 qua

2195 4470 2469 4538 habuerit,
2500 4473 2734 4537 amittat,
2768 4484 2823 4528 et
2849 4483 3071 4531 sanctus
3106 4474 3298 4531 Petrus
3331 4489 3454 4546 qua:
3503 4486 3630 4531 sunt
3674 4490 3751 4531 sint

2196 4561 2441 4632 recipiat.
2493 4562 2565 4619 Ut
2609 4563 2713 4619 hoc
2750 4574 2931 4618 autem
2983 4564 3037 4619 in
3086 4574 3348 4621 teternum
3399 4566 3467 4622 ab
3522 4565 3752 4621 omnibus

2192 4663 2561 4720 conservetur,
2593 4654 2697 4710 hoc
2730 4664 3059 4726 prazceptutn
3089 4672 3250 4711 manu
3295 4667 3480 4713 nostra
3525 4658 3638 4724 diu,
3670 4658 3752 4735 [)0-

2192 4742 2342 4799 mino
2389 4744 2654 4815 adjutore,
2705 4745 2918 4800 victura
2974 4746 3435 4812 conﬁrmavimus,
3481 4759 3539 4804 et
3590 4759 3751 4803 nostro

2191 4833 2369 4905 sigillo
2399 4836 2752 4906 pnccepimus
2789 4836 3061 4907 insigniri,
3088 4848 3148 4894 ut
3172 4839 3273 4895 sibi
3300 4843 3522 4912 suisque
3555 4855 3748 4896 succes-

2191 4925 2404 4980 soribus
2432 4924 2626 4981 valeat.

2264 5036 2282 5064 ι
2306 5017 2528 5087 Signum
2555 5016 2759 5074 domini
2790 5016 3005 5077 Ottonis
3034 5021 3368 5078 invictissimi
3404 5021 3739 5093 Romanorum

2191 5110 2538 5182 imperatoris
2565 5113 2802 5183 augusti.
2847 5132 2868 5165 ι

1793 5200 2022 5258 VARI/li
2065 5200 2463 5258 LECTIONES.

573 5273 617 5304 "
655 5274 876 5331 Calvum
951 5276 998 5308 ³⁶
1036 5275 1256 5331 Krasso.
