3924 6318
642 392 769 475 sta

1212 376 1217 379 ν
1314 492 1317 495 Α
1357 409 1625 468 APPEND
1659 387 1754 466 An
1784 406 1957 467 suo.
1982 386 2075 465 ix.
2114 437 2184 448 —
2220 403 2656 464 nonnum“
2694 402 3179 462 DlPLOMATlCA.
3217 386 3220 390 “

3735 408 3803 467 ω

663 531 938 613 omnibus.
994 528 1235 599 [lemque
1281 541 1312 613 a
1354 525 1525 583 Lunis
1579 542 1702 582 cum
1758 524 1932 581 insula
1981 522 2201 578 Corsica
2222 561 2238 586 ,
2268 503 2318 561 Α
2346 534 2551 583 ramus,
2584 517 2719 573 utin
2742 526 2925 572 vestro
2946 506 3300 588 permaneant
3316 508 3454 583 jure,
3482 510 3728 588 principatu
3752 536 3806 577 at-

660 610 938 698 Μηδείῃ
960 620 1212 685 Suriano,
1237 610 1431 674 deinde
1455 618 1511 674 in
1533 627 1715 674 monte
1738 614 2024 680 Bardonis,
2051 614 2245 670 deinde

660 716 723 776 in
754 711 988 773 ‘Berteto
1011 754 1027 779 ,
1060 710 1258 768 exinde
1306 711 1362 766 in
1402 711 1596 766 Parma
1622 750 1637 775 ,
1691 708 1889 764 deinde
1932 707 1987 762 in
2031 703 2201 777 Regia
2226 742 2243 768 ,

648 794 864 895 feixin'de
890 807 944 865 in
969 804 1211 871 Mantua,
1244 813 1406 874 atque
1434 800 1696 858 inMonte
1725 800 1906 856 Silicis
1933 810 2095 869 atque
2118 812 2245 867 pro—

667 901 849 959 vincia
898 890 1248 955 Venetiarum
1290 904 1349 952 et
1392 895 1592 953 lstria:
1643 908 1855 950 necnon
1903 900 1959 948 et
1992 899 2242 946 cunctum

660 995 922 1053 ducatum
970 991 1425 1063 Spoletanum'ac
1462 989 1925 1050 Beneventanum,
1971 999 2078 1039 una
2121 998 2246 1038 cum

650 1080 897 1162 ’ecclesia
924 1093 1126 1140 sanctae
1152 1080 1402 1137 Cristinze
1438 1079 1613 1150 posita
1645 1092 1814 1147 prope
1846 1074 2066 1145 Papiam
2091 1071 2244 1145 juxta

634 1182 892 1248 Padum,
921 1188 1117 1250 quarto
1142 1175 1398 1243 miliario.
1424 1173 1558 1228 Item
1590 1173 1641 1226 in
1670 1169 1907 1243 partibus
1938 1165 2273 1237 Campanie,‘
2320 1231 2331 1241 ἢ

663 1273 886 1353 δοναηι,
938 1270 1132 1347 Arces,
1185 1267 1485 1345 Aquinum,
1537 1264 1823 1335 Arpinum,
1885 1259 2147 1322 Teanum,
2196 1266 2246 1312 et

644 1349 900 1440 :Capuain
924 1382 945 1432 ,°
984 1378 1182 1418 necnon
1222 1369 1270 1415 et
1308 1358 1628 1430 patrimonia
1659 1372 1727 1410 aa
1755 1361 2059 1426 potestatem
2087 1360 2136 1405 et
2164 1349 2248 1405 di-

661 1459 857 1527 tionem
910 1442 1133 1513 uestram
1183 1450 1530 1524 pertinentia,
1573 1448 1705 1507 sicut
1758 1454 1832 1500 est
1871 1440 2246 1515 patrimonium

654 1547 1081 1605 Beneventanum
1107 1554 1158 1600 et
1187 1541 1564 1613 patrimonium
1608 1535 2040 1607 Neapolitanum,
2092 1542 2248 1603 atque

649 1640 979 1743 patrimonia
1001 1635 1265 1693 Calabria:
1297 1631 1584 1704 superioris
1612 1639 1661 1684 et
1702 1626 1992 1697 inferioris.
2022 1624 2099 1678 De
2122 1623 2244 1677 civi-

649 1739 682 1743 λμ
730 1740 735 1743 .
884 1741 889 1743 .
1009 1729 1055 1743 ιν
1195 1727 1246 1743 μ.
1400 1741 1444 1743 ﬂ,
1470 1740 1495 1743 η
1544 1721 1760 1743 Aa_._ll:-
1806 1730 1844 1743 --
1887 1717 2161 1743 .-μ-ειΑ-ἕέ-
2188 1730 2244 1743 -4

636 1717 770 1790 “tals
799 1741 974 1788 autem
999 1727 1356 1800 Neapolitana
1385 1740 1502 1780 cum
1532 1721 1761 1778 castellis
1797 1730 1844 1775 et
1884 1717 2162 1773 territoriis
2184 1730 2246 1769 ac
2292 1777 2297 1783 δ

638 1824 858 1896 ﬁnibus
916 1831 965 1879 et
1015 1819 1207 1895 insulis
1248 1818 1358 1873 suis
1399 1816 1498 1872 sibi
1545 1811 1941 1885 pertinentibus,
1979 1808 2134 1863 sicuti
2177 1804 2247 1859 ad

657 1918 869 1983 easdem
893 1915 1128 1987 aspicere
1160 1913 1425 1976 videntur,
1467 1924 1667 1963 necnon
1702 1904 2077 1975 patrimonium
2108 1900 2245 1957 Sici-

636 1994 769 2075 Ἶῗω,
795 2009 842 2063 si
873 1983 1014 2062 Deus
1049 2004 1242 2059 nostris
1287 2002 1420 2056 illud
1460 1999 1737 2054 tradiderit
1783 1995 2044 2060 manibus,
2088 1983 2244 2047 simili

650 2086 819 2165 Entello
870 2098 1129 2152 civitatem
1160 2092 1402 2164 Cajetam
1446 2101 1492 2145 et
1547 2088 1798 2144 Fundam
1840 2104 1955 2141 cum
2006 2083 2244 2139 omnibus

652 2204 850 2245 eorum
878 2186 1230 2260 pertinenciis.
1258 2183 1484 2252 Insuper
1509 2180 1780 2250 oﬁ'erimus
1804 2177 1897 2231 tibi
1921 2176 2064 2229 beate
2090 2171 2246 2228 Petre

644 2277 1220 2350 ’hpostolevicarioque
1251 2283 1341 2328 tuo
1373 2274 1565 2327 domno
1599 2269 1837 2323 Iohanni
1857 2282 2007 2337 papae
2043 2274 2088 2318 et
2127 2279 2247 2318 suc-

648 2362 953 2445 cessoribus
976 2369 1116 2439 ejus,
1145 2382 1240 2437 pro
1268 2373 1442 2418 nostra
1481 2360 1655 2415 anime
1685 2356 1911 2417 remedio
1931 2396 1946 2422 ,
1979 2354 2246 2425 nostrique

645 2466 760 2538 ﬂii
786 2476 834 2522 et
859 2474 1160 2521 nostrorum
1203 2468 1498 2533 parentum,
1528 2457 1593 2511 de
1620 2454 1830 2527 proprio
1870 2462 2047 2508 nostro
2088 2466 2245 2521 regno

657 2556 891 2612 ciuitates
918 2565 966 2611 et
996 2553 1187 2625 oppida
1220 2567 1339 2606 eum
1378 2548 1619 2621 piscariis
1669 2547 1803 2612 suis,
1836 2546 1967 2599 idest
2006 2542 2243 2607 Reatem,

644 2638 1010 2725 f’Amiternum,
1024 2642 1346 2707 Furconem,
1366 2638 1418 2695 Ν
1424 2640 1642 2704 ursiam,
1660 2637 1901 2702 Balaam,
1927 2644 1973 2689 et
1999 2629 2244 2698 Marsim,

648 2723 709 2801 ist
754 2738 886 2795 alibi
926 2737 1187 2793 ciuitatem
1240 2732 1523 2789 Terranem
1573 2746 1692 2783 cum
1739 2724 2064 2798 pertinentiis
2112 2723 2243 2778 suis.

644 2830 774 2889 “Has
797 2842 992 2888 omnes
1022 2824 1420 2897 suprascriptas
1455 2820 1764 2894 provincias
1785 2859 1801 2886 ,
1836 2818 1998 2872 urbes
2032 2823 2087 2871 et
2118 2814 2248 2870 civi-

634 2909 826 2989 ‘tat'es,
860 2921 1055 2993 oppida
1092 2928 1257 2990 atque
1303 2916 1558 2982 castella,
1607 2913 1816 2969 viculos
1845 2927 1908 2967 ac
1947 2909 2242 2974 territoria,

656 3014 933 3085 simulque
960 3023 1016 3069 et
1042 3009 1391 3084 patrimonia,
1421 3022 1521 3078 pro
1552 3004 1794 3062 remedio
1821 3004 2016 3058 animae
2046 3010 2248 3057 nostra:

560 3150 563 3151 ν
638 3108 716 3166 "et
743 3105 843 3163 ﬁlii
870 3105 1045 3162 nostri
1083 3104 1198 3159 sive
1236 3107 1519 3172 parentum
1566 3106 1881 3153 nostrorum
1922 3109 1986 3150 ac
2028 3078 2261 3148 succos?

652 3200 847 3259 'sorum
879 3206 1187 3255 nostrorum
1224 3201 1279 3250 et
1321 3207 1420 3264 pro
1462 3198 1660 3246 cuncto
1703 3205 1733 3244 a
1775 3189 1885 3243 Deo
1923 3177 2246 3242 conservato

644 3294 828 3364 atque
864 3286 1240 3347 conservando
1286 3283 1619 3339 Francorum
1669 3279 1888 3351 populo,
1932 3277 2048 3346 jam
2087 3276 2247 3332 dictae

644 3382 908 3442 "ecclesia:
936 3391 1060 3446 tuae,
1090 3379 1245 3434 beate
1280 3375 1442 3432 Petre
1469 3371 1732 3444 apostolo,
1765 3380 1821 3426 et
1845 3386 1942 3442 per
1968 3378 2021 3425 te
2042 3368 2246 3425 vicario

648 3474 760 3536 tuo
804 3472 1036 3546 spiritali
1079 3470 1219 3541 patri
1269 3476 1455 3523 nostro
1503 3465 1701 3520 domno
1744 3461 1976 3519 Johanni
2035 3474 2246 3517 summo

656 3560 909 3645 pontiﬁci
941 3574 997 3623 et
1021 3560 1316 3620 universali
1352 3574 1526 3631 papae,
1572 3556 1795 3627 ejusque
1839 3553 2247 3611 successoribus

630 3662 836 3733 “usque
862 3659 916 3715 in
940 3657 1104 3712 linem
1140 3652 1328 3718 seculi,
1368 3665 1434 3706 eo
1468 3649 1628 3705 modo
1665 3649 2073 3711 conﬁrmamus,
2102 3654 2162 3699 ut
2191 3645 2245 3699 in

650 3770 763 3813 “suo
817 3753 1098 3811 detineant
1146 3746 1314 3818 jure,
1372 3744 1717 3817 principatu,
1782 3750 1946 3813 atque
2010 3740 2242 3795 dicione.

630 3844 842 3905 "Simili
878 3844 1046 3902 modo
1091 3858 1188 3915 per
1230 3842 1335 3896 hoc
1366 3848 1570 3894 nostra:
1620 3835 1972 3908 delegationis
2028 3842 2244 3905 pactum

545 3978 551 3985 -
632 3930 1053 3996 ’conlirmamus
1125 3931 1445 3989 donationes
1500 3944 1635 4000 quas
1688 3929 1793 4000 pia:
1855 3925 2248 3983 recordationis

655 4032 886 4091 demnus
945 4030 1172 4101 Pipinus
1239 4041 1334 4082 rex
1399 4033 1455 4080 et
1514 4031 1700 4094 postea
1760 4023 1991 4079 domnus
2050 4018 2247 4075 Karlus

648 4120 1144 4185 excellentissimus
1238 4120 1535 4190 imperator
1625 4116 1787 4171 beato
1878 4115 2043 4170 Petro
2117 4127 2248 4183 apo-

542 4204 545 4205 l
630 4214 1138 4288 *‘Stolo'spontanea
1193 4210 1474 4266 voluntate
1523 4208 1908 4273 contulerunt;
1951 4217 2162 4262 necnon
2190 4214 2250 4260 et

650 4310 888 4367 'censum
915 4304 1000 4361 vel
1029 4303 1315 4376 pensiones
1344 4314 1438 4356 seu
1476 4307 1688 4355 ceteras
1715 4298 1975 4353 daciones
2008 4312 2119 4368 que
2147 4311 2246 4351 an-

653 4398 869 4458 nuatim
918 4395 975 4452 in
1020 4393 1293 4466 palacium
1342 4390 1485 4462 regis
1527 4388 2008 4459 Longobardorum
2058 4386 2249 4443 inferri

628 4490 919 4557 'SOIebant,
957 4488 1074 4546 sive
1106 4486 1173 4542 de
1202 4483 1400 4540 Tuscia
1448 4482 1561 4538 sive
1589 4482 1657 4538 de
1701 4482 1899 4537 ducatu
1925 4480 2243 4551 Spoletuno,

2344 625 2449 680 que
2475 610 2710 676 dicione,
2741 617 2795 663 et
2820 621 2996 677 neque
3020 622 3052 661 a
3087 605 3240 662 nobis
3262 620 3431 676 neque
3457 621 3484 660 a
3504 611 3807 667 successoribus

2342 704 2544 759 nostris
2568 719 2665 773 per
2686 701 2964 772 quodlibet
3006 707 3376 772 argumentum
3410 698 3518 755 sive
3550 699 3809 758 machinatio-

2343 810 2468 850 nem
2514 795 2570 849 in
2613 802 2954 864 quacumque
2975 801 3130 864 parte
3170 799 3349 846 vestra
3371 799 3590 861 potestas
3606 790 3809 847 imminua-

2346 893 2453 952 tur,
2483 886 2587 942 aud
2617 900 2649 940 a
2673 883 2827 940 vobis
2857 882 2981 938 inde
3007 882 3209 953 aliquid
3236 880 3589 947 subtrahatur,
3610 882 3664 936 de
3690 898 3812 954 supra-

2344 979 2561 1048 scriptis
2611 976 2862 1034 videlicet
2908 975 3223 1047 provinciis,
3292 975 3527 1032 urbibus.
3577 974 3812 1041 civitatibus,

2344 1068 2574 1138 oppidis,
2637 1066 2861 1131 castris,
2907 1064 3123 1131 viculis,
3173 1063 3383 1129 insulis,
3415 1063 3683 1129 territoriis,
3712 1074 3815 1134 atque

2345 1157 2715 1228 patrimoniis,
2738 1161 2951 1211 nccno'n
2990 1164 3045 1209 et
3074 1152 3419 1223 pensionibus
3444 1161 3592 1221 atque
3611 1153 3814 1215 censibus;

2347 1248 2424 1303 ita
2456 1256 2516 1303 ut
2546 1263 2720 1319 neque
2746 1262 2846 1302 nos
2876 1262 2938 1301 ea
2969 1245 3169 1301 facturi
3196 1244 3365 1300 simus
3395 1256 3557 1313 neque
3580 1241 3817 1314 quibuslibet

2347 1354 2411 1393 ea
2446 1337 2629 1395 facere
2658 1337 2964 1393 volentibus
3009 1334 3439 1398 cmiseueiamus,
3469 1335 3576 1391 sed'
3587 1334 3729 1403 potius
3746 1350 3817 1385 on;-

2345 1431 2436 1485 nia
2474 1446 2579 1500 que
2599 1430 2862 1502 ‘superius
2891 1429 3162 1500 leguntur,
3210 1429 3264 1484 id
3293 1437 3376 1483 est
3400 1426 3675 1497 provincia,
3695 1425 3819 1481 civit:-

2351 1528 2451 1586 tes,
2487 1521 2669 1587 urbes,
2698 1521 2914 1592 oppida,
2965 1519 3212 1585 castella,
3246 1519 3535 1584 territoria,
3562 1526 3609 1573 et
3644 1518 3820 1588 patrimo-

2347 1613 2459 1679 nia,
2498 1624 2662 1682 atque
2691 1612 2919 1678 insulas,
2956 1625 3261 1682 censusque
3289 1618 3345 1665 et
3372 1611 3655 1681 pensiones,
3677 1614 3820 1677 adpar-

2350 1711 2457 1757 tem
2488 1702 2734 1757 ecclesiae
2769 1701 2911 1758 beati
2957 1700 3103 1756 Petri
3148 1698 3379 1770 apostoli
3418 1708 3571 1769 atque
3601 1696 3821 1768 pontiﬁcum

2350 1795 2403 1850 in
2431 1795 2799 1850 sacratissima
2830 1794 2959 1849 sede
2990 1792 3132 1847 illius
3160 1790 3528 1854 residentinm,
3548 1801 3634 1843 nos
3650 1788 3692 1842 in
3712 1801 3821 1858 qm-

2351 1894 2463 1941 tum
2496 1901 2780 1956 possumus
2809 1882 3119 1940 defensores
3147 1898 3269 1938 esse
3301 1890 3572 1944 testamur,
3591 1878 3653 1934 'ad
3683 1878 3821 1937 boum

2348 1991 2412 2031 ea
2440 1976 2495 2031 in
2539 1977 2684 2031 illius
2711 1976 2917 2032 ditione
2959 1975 3027 2030 ad
3072 1974 3334 2029 utendum
3364 1982 3418 2029 et
3459 1971 3704 2027 fruendum
3722 1978 3822 2038 atque

2349 2067 2738 2138 disponendum
2798 2066 3031 2122 ﬁrmiter
3085 2065 3304 2120 valeant
3352 2062 3604 2135 optineri;
3651 2060 3758 2116 salva
3788 2059 3822 2112 in

2347 2158 2601 2213 omnibus
2631 2164 2900 2228 potestate
2928 2165 3114 2212 nostra
3139 2164 3196 2211 et
3231 2153 3326 2209 filii
3355 2154 3517 2209 nostri
3555 2164 3823 2222 poneremus

2348 2264 2456 2320 que
2482 2258 2815 2314 nostrorum,
2843 2248 3141 2306 secundum
3177 2248 3325 2318 quod
3369 2248 3423 2303 in
3462 2255 3607 2317 pacto
3630 2254 3677 2301 et
3696 2244 3823 2299 conﬁr-

2350 2342 2589 2397 matione
2619 2357 2684 2398 ac
2712 2341 3089 2413 promissionis
3113 2341 3373 2396 ﬁrmitate
3407 2339 3613 2410 Eugenn
3636 2333 3820 2407 pontiﬁcis

2348 2448 2837 2505 successurumque
2866 2433 3008 2490 illius
3034 2434 3359 2489 continetur.
3395 2432 3450 2488 id
3484 2440 3564 2487 est
3586 2429 3624 2461 "
3647 2439 3695 2484 ut
3711 2426 3821 2483 omnis

2348 2527 2524 2585 clerus
2563 2537 2618 2585 et
2647 2530 2884 2585 universi
2910 2530 3090 2601 populi
3130 2529 3363 2585 Romani
3403 2528 3649 2592 nobilitas,
3678 2534 3823 2597 propter

2348 2624 2589 2680 diversas
2630 2624 2987 2678 necessitates
3038 2633 3095 2679 et
3151 2622 3468 2693 pontificum
3524 2615 3823 2676 inratioinbiIes
3866 2636 3867 2645 ι

2346 2729 2476 2787 erga
2506 2715 2761 2787 populum
2794 2714 2897 2771 sibi
2937 2715 3237 2771 subiectum
3281 2715 3597 2785 asperitates
3627 2708 3823 2766 retunden-
3866 2778 3867 2783 η

2347 2807 2468 2874 das,
2508 2815 2850 2862 sacramento
2878 2822 2937 2862 se
2964 2806 3185 2878 obliget,
3215 2810 3474 2877 quatinus
3503 2804 3658 2860 futura
3680 2797 3821 2874 pontiﬁ-

2348 2915 2472 2956 cum
2496 2901 2692 2957 electio
2712 2909 2981 2972 quantum
3020 2899 3452 2970 uniuscujusque
3487 2897 3738 2954 intellectis
3753 2892 3822 2946 lu-

2348 2992 2442 3058 rit,
2470 2994 2730 3049 canonice
2757 3003 2811 3048 et
2841 2992 2987 3062 juste
3008 2994 3125 3048 liat.
3150 2993 3220 3048 Et
3246 3002 3307 3048 ut
3336 2993 3424 3048 ille
3452 2992 3539 3063 qui
3564 2991 3621 3045 ad
3656 2988 3733 3043 hoc
3751 2999 3825 3041 suo
3866 3040 3867 3055 ξ

2349 3094 2496 3139 ctum
2543 3092 2706 3156 atque
2742 3085 3097 3156 apostolicum
3144 3084 3392 3155 regimen
3434 3084 3650 3155 eligitur,
3684 3077 3823 3135 uestiui
3866 3078 3867 3135 ἲ

2352 3180 2725 3237 consentiente
2771 3154 3080 3238 consecrari
3112 3181 3159 3214 ⁸ο
3188 3154 3284 3237 fiat
3327 3179 3586 3254 pontifex,
3608 3179 3827 3250 priusquam

2350 3274 2513 3329 talem
2542 3275 2597 3329 in
2628 3275 2898 3345 presentia
2923 3275 3212 3331 missorum
3243 3285 3550 3331 nostrorum
3583 3272 3654 3328 vel
3683 3269 3751 3325 lilii
3770 3282 3828 3320 no-

2349 3366 2451 3422 stri
2480 3380 2578 3422 seu
2616 3367 2885 3423 universa:
2911 3367 3280 3438 generalitatis
3324 3368 3494 3424 faciat
3515 3363 3823 3439 promissionun

2346 3473 2447 3529 pro
2487 3460 2729 3515 omnium
2776 3459 3148 3521 satisfactione
3194 3470 3364 3533 atque
3408 3462 3579 3517 futura
3622 3467 3823 3513 consem-

2346 3551 2517 3617 tione,
2538 3552 2756 3622 qualem
2787 3553 3019 3609 domnus
3046 3564 3102 3609 et
3123 3556 3469 3611 venerandus
3495 3552 3714 3625 spiritalis
3735 3554 3825 3616 pater

2338 3652 2533 3699 noster
2576 3643 2688 3700 Leo
2711 3655 2903 3716 sponte
2946 3645 3140 3703 fecisse
3175 3648 3499 3705 dinoscitur.
3534 3637 3737 3703 Prcterea
3765 3638 3826 3693 alia

2346 3736 2560 3792 minora
2611 3736 2739 3794 huic
2775 3739 2927 3810 operi
2970 3740 3259 3797 inserenda
3291 3741 3633 3813 previdimus,
3662 3732 3826 3791 ridebat

2346 3836 2407 3884 ut
2438 3830 2492 3884 in
2523 3830 2784 3887 electione
2806 3834 3120 3903 pontilicum
3152 3847 3331 3903 neque
3358 3833 3494 3890 liber
3530 3844 3678 3902 neque
3710 3835 3828 3882 servus

2349 3922 2418 4013 ad
2447 3923 2552 3979 hoc
2592 3926 2780 3980 venire
2823 3938 3122 3996 presmnat,
3150 3936 3211 3982 ut
3240 3927 3351 3983 illis
3387 3925 3649 3990 Romanis,
3671 3933 3766 3991 quos
3788 3912 3827 3967 ad

2348 4014 2492 4070 hanc
2527 4014 2850 4093 electionem
2894 4032 2991 4088 per
3015 4018 3460 4075 constitutionem
3496 4020 3828 4076 sanctorumps-

2342 4113 2494 4160 trum
2544 4107 2766 4179 antiqua
2809 4109 3029 4165 admisit
3075 4111 3449 4176 consuetudo,
3503 4103 3687 4177 aliquod
3728 4096 3828 4153 faciat

2349 4195 2815 4266 inpedimentum.
2849 4199 3001 4264 Quod
3028 4199 3070 4254 si
3118 4200 3240 4269 quis
3283 4210 3474 4256 contra
3513 4199 3637 4253 hanc
3668 4198 3826 4248 nostm

2348 4286 2747 4344 iistitutionem
2778 4287 2856 4344 ire
2885 4290 3300 4361 presumpserit,
3352 4290 3513 4346 exilio
3543 4286 3749 4342 tradatur.
3776 4273 3825 4327 in

2349 4395 2514 4453 super
2555 4383 2739 4449 etiam,
2774 4392 2833 4439 ut
2871 4384 3051 4440 nullus
3098 4385 3391 4440 missorum
3424 4374 3824 4440 nostroruml‘m'

2346 4472 2672 4544 juscumque
2712 4476 3079 4546 impeditionis
3107 4486 3485 4547 argumentum
3515 4461 3823 4541 compnnereiu
3866 4464 3867 4515 ἲ

630 4581 799 4642 τεὶοιιι
849 4581 906 4637 in
947 4575 1333 4650 suprascriptis
1376 4572 1757 4629 donationibus
1805 4571 2149 4635 continetur,
2191 4580 2248 4627 et
2272 4566 2618 4649 Dprel‘atam
2659 4567 2976 4624 electionem
3015 4569 3234 4634 audeat,
3276 4570 3631 4639 prohibemus.
3668 4558 3763 4615 Nam
3794 4558 3827 4603 ei
3866 4560 3867 4607 ἲ

634 4674 801 4733 Ἰηιθιο
831 4680 1034 4730 sanctae
1061 4667 1337 4725 memoriae
1365 4665 1661 4720 Adrianum
1683 4677 1879 4735 papam
1905 4671 1961 4719 et
1983 4662 2244 4719 domnum
2272 4642 2315 4649 Ψ
2352 4659 2456 4716 hoc
2489 4660 2815 4718 omnimodis
2842 4661 3130 4717 instituere
3155 4662 3377 4734 placuit,
3418 4672 3477 4717 ut
3503 4660 3587 4731 qui
3624 4642 3827 4711 semelstill

634 4766 881 4824 {arium
910 4765 1298 4835 imperatorem
1342 4757 1618 4821 convenit,
1650 4756 1868 4826 quando
1895 4748 2039 4811 idem
2067 4754 2248 4825 ponti-

650 4857 749 4916 lex
804 4855 982 4911 eidem
1031 4853 1099 4909 de
1146 4848 1530 4921 suprascriptis
1584 4845 1982 4901 ducatibusrid
2008 4853 2095 4898 est
2140 4842 2246 4897 Tu-

651 4942 827 5008 ‘scano
870 4957 927 5004 et
987 4943 1279 5016 Spoletano
1302 4981 1318 5007 ,
1377 4954 1491 4997 suae
1546 4938 1890 4994 auctoritatis
1928 4944 2244 5007 preeeptum

632 5038 1024 5105 conﬁrmavit,
1047 5052 1114 5093 eo
1140 5035 1349 5093 scilicet
1377 5030 1539 5090 modo
1562 5039 1622 5086 ut
1651 5030 1809 5086 annis
1844 5028 2075 5100 singulis
2106 5043 2244 5100 pre—

650 5126 835 5191 dictus
879 5143 1076 5188 census
1118 5125 1188 5182 sd
1214 5132 1429 5197 partem
1465 5121 1708 5186 ecclesia:
1751 5120 1899 5177 beati
1947 5119 2093 5175 Petri
2123 5135 2248 5191 apo-

657 5227 781 5285 stoli
803 5222 1174 5298 persolvatur;
1204 5217 1351 5275 sali/a
1379 5229 1543 5287 super
1560 5212 1782 5271 eosdem
1809 5213 2036 5282 ducatus
2058 5221 2247 5280 nostra

658 5320 717 5377 in
764 5317 1017 5375 omnibus
1076 5308 1447 5370 dominatione
1491 5314 1549 5362 et
1600 5305 1815 5362 illorum
1866 5305 1932 5361 ad
1994 5313 2243 5361 nostram

657 5418 873 5482 partem
921 5414 979 5463 et
1018 5402 1113 5460 filii
1163 5400 1339 5458 nostri
1379 5395 1734 5468 subiectione.
1780 5396 2053 5460 Ceterum,
2105 5396 2246 5477 sicut

660 5504 918 5569 diximus,
946 5498 1132 5557 omnia
1175 5493 1426 5566 superius
1461 5490 1736 5546 nominata
1778 5488 1855 5544 ita
1905 5489 1974 5545 ad
2004 5472 2293 5561 vestram”,

629 5602 869 5669 gpartcm
894 5604 997 5665 per
1019 5590 1127 5648 hoc
1152 5596 1352 5646 nostris
1371 5581 1802 5642 conﬁrmationis
1830 5590 2052 5653 pactum
2089 5582 2249 5640 rob’o-
2290 5633 2294 5638 .

2354 4754 2578 4823 speciali
2631 4753 2945 4811 defensione
3009 4756 3191 4811 domni
3247 4756 3525 4828 apostolici
3575 4753 3671 4810 sive
3711 4751 3827 4801 casm

2348 4845 2559 4903 fuerint
2587 4848 2846 4919 suscepti,
2872 4848 3161 4920 impetrata
3187 4848 3334 4919 justo
3356 4857 3569 4906 utantur
3588 4837 3825 4900 defensione.

2354 4938 2508 5006 Quod
2537 4940 2582 4996 si
2618 4941 2745 5011 quis
2779 4941 2832 4997 in
2870 4957 3194 5014 quemquam
3226 4944 3447 5001 illorum
3469 4943 3554 5014 qui
3582 4941 3669 4997 hoc
3691 4942 3828 5007 ρτοιηο·
3866 4938 3867 5007 ἶ

2314 5047 2320 5051 ·
2352 5031 2566 5086 ruerint
2591 5031 2795 5088 violare
2814 5034 3225 5104 presumpserit,
3250 5036 3389 5090 sciat
3415 5049 3472 5091 se
3489 5027 3737 5104 periculum
3753 5016 3826 5069 vili!
3866 5018 3867 5075 ξ

2353 5136 2466 5178 suae
2499 5138 2621 5180 esse
2654 5124 3032 5181 'incursurm.
3058 5125 3199 5182 illud
3234 5127 3405 5183 etiam
3445 5112 3828 5182 conlirtttalllllsaul
3866 5108 3867 5183 ἦ

2355 5214 2554 5277 domno
2602 5217 2898 5287 apostolico
2918 5217 3122 5287 justam
3166 5220 3221 5276 in
3250 5220 3506 5276 omnibus
3540 5216 3718 5271 servent
3744 5201 3826 5256 οὔθ’

2354 5307 2616 5365 dientiam
2645 5326 2743 5368 seu
2783 5311 3010 5369 ducibus
3041 5327 3109 5369 ac
3126 5310 3531 5383 jndicibussuis
3561 5292 3824 5383 aditum“

2326 5390 2681 5477 'facienda'm.
2728 5402 2867 5459 Huic
2912 5404 3059 5459 enim
3104 5379 3436 5461 institucioni
3473 5403 3569 5457 hoc
3607 5379 3825 5473 necessari?

2355 5493 2752 5550 adnectendum
2797 5509 2917 5552 esse
2967 5496 3377 5567 perspeximus,
3427 5499 3482 5548 ut
3529 5484 3658 5544 missi
3707 5464 3823 5563 “omni

2356 5584 2640 5656 apostolici
2697 5600 2794 5643 seu
2843 5587 3015 5644 nostri
3080 5603 3297 5661 semper
3334 5587 3445 5644 sint
3485 5570 3735 5641 constituti.
3768 5571 3822 5632 ‘l'Jl

1907 5715 2139 5775 vitam:
2175 5678 2587 5780 moriones.

738 5854 782 5889 ”
821 5853 962 5911 idem
988 5850 1286 5910 MARI’NI.
1362 5852 1407 5884 ⁸ο
1444 5859 1791 5917 consecratus
1813 5868 1935 5923 pag.
1974 5852 2099 5910 240.
2140 5858 2371 5916 etcodd.
2448 5860 2491 5892 “
2541 5872 2787 5919 nostrum
2823 5860 3125 5919 ΜΑΒΙΝΙ.
