3924 6318
112 419 207 482 8L5

1123 414 1355 476 TRIUM
1383 409 1727 476 O'I‘ITONUM
1764 410 2075 472 CONSTIT.
2111 411 2395 471 ECCLES.

3247 414 3353 472 846

117 535 378 592 annuatim
410 533 568 590 nobis
599 532 695 589 .vei
713 531 834 591 tilio
861 538 1045 588 nostro
1081 530 1403 586 renunciare
1438 529 1673 595 valeant,
1703 533 1752 594 Α
1780 527 1935 597 genis
1959 527 2005 560 ⁸³
2030 523 2534 598 Osnabrugguensis
2560 523 2806 583 ecclesiae
2826 523 3083 598 episcopi.
3115 526 3352 602 Signum

113 626 329 695 qualiter
367 623 564 696 singuli
608 624 776 679 duces
811 637 882 678 ac
923 621 1134 691 iudices
1182 620 1379 692 populo
1411 617 1676 689 iustitiam

111 719 323 786 (animt,
371 720 512 775 hanc
532 717 880 790 imperiales:
923 715 1375 772 constitucionem
1405 713 1679 785 quomodo

109 811 403 866 observent.
418 808 536 876 Qui
586 808 737 864 missi
766 807 1134 870 decernimus,
1169 813 1238 860 ut
1271 805 1508 876 primum
1535 819 1682 860 cun--

109 909 218 956 etes
250 899 512 956 clamores
547 902 641 970 qui
669 913 788 970 per
815 897 1215 970 negligentiam
1242 897 1441 952 dueum
1459 893 1678 963 seniu-

106 987 278 1044 dicum
309 987 526 1044 iuerint
547 987 770 1043 :inventi
821 988 888 1043 ad
917 985 1370 1042 notitiam-domui
1393 982 1684 1056 apostolici-

107 1079 364 1146 deierant,
393 1079 782 1150 otipseunum
827 1094 860 1134 e
887 1076 1309 1149 duobuseligat,
1353 1087 1448 1131 aut
1492 1077 1679 1132 statim

104 1185 199 1242 per
217 1169 444 1226 eosdem
461 1170 672 1226 rmissos
702 1169 836 1224 ﬁant
862 1169 993 1241 ipsa:
1039 1170 1394 1225 necessitates
1425 1169 1682 1225 emendav

109 1268 191 1326 ιω,
221 1269 311 1314 aut
339 1260 507 1316 misso
538 1269 723 1317 nostro
751 1261 909 1316 nobis
939 1245 1293 1315 renunciante
1333 1274 1430 1329 per
1465 1266 1680 1314 nostros

106 1349 294 1408 missos
319 1365 351 1404 a
381 1349 538 1406 nobis
565 1350 802 1406 directos
827 1350 1205 1405 emendentur.
1235 1349 1348 1404 Hoc
1379 1358 1439 1403 ut
1463 1349 1536 1404 ab
1565 1364 1680 1404 om-

107 1441 259 1500 nibus
279 1439 781 1498 ﬁdelibus‘sancta:
823 1441 917 1497 Dei
965 1440 1210 1497 ecclesia:
1253 1448 1310 1496 et
1349 1439 1554 1495 nostris
1591 1441 1682 1493 lir-

108 1547 250 1590 ntutn
300 1548 422 1588 esse
472 1534 746 1600 credatur,
791 1533 1024 1604 propria:
1071 1547 1265 1587 manus
1311 1531 1591 1602 signaculo
1627 1538 1686 1586 et

111 1622 364 1682 nobilium
391 1624 710 1694 optimatum
737 1632 1044 1680 nostrorum
1068 1621 1558 1693 subseriptionibus
1582 1621 1686 1677 hoc

109 1725 321 1785 pactum
348 1717 780 1773 conﬁrmationis
806 1726 1006 1773 nostra:
1039 1716 1419 1774 roboravimus
1443 1726 1500 1772 et
1527 1715 1686 1772 bullae

107 1817 302 1869 nostrae
349 1808 693 1879 impressioni
740 1809 1012 1881 adsignari
1052 1809 1336 1880 iussimus.
1373 1811 1415 1880 -i~
1457 1808 1683 1880 Signum

1777 618 2004 676 Uotonis
2055 618 2477 690 Argentenensis
2523 619 2766 676 ecclesiae
2813 621 3071 691 episcopi.
3123 621 3354 692 Signum

1776 707 1974 766 Otvvini
2009 709 2486 767 ~~iiiltinesemensis
2535 709 2778 767 ecclesia:
2825 712 3081 784 episcopi.
3127 713 3354 784 Signum

1775 799 2089 856 Landvvarti
2121 799 2501 858 Mindoneusis
2527 801 2770 857 ecclesia:
2817 804 3077 873 episcopi.
3127 803 3354 877 Signum

1777 892 1967 961 Otgeri
2001 891 2402 949 Nemetinensis
2429 894 2674 950 ecclesia
2710 894 2972 967 episcopi.
3003 894 3229 968 Signum
3251 896 3356 952 Ge-

1779 983 1932 1040 sonis
1963 983 2320 1040 Tortunensis
2346 984 2600 1040 ecclesiae
2641 985 2898 1056 episcopi.
2929 984 3168 1057 'Signum
3218 986 3356 1041 lluc-

1778 1075 1916 1132 berti
1939 1077 2336 1133 ~Parmanensis
2360 1077 2606 1134 ecclesiae
2633 1079 2892 1149 episcopi.
2911 1078 3148 1151 Signum
3174 1078 3360 1134 Wido-

1778 1167 2228 1224 nis-Mntunensis
2271 1169 2516 1225 ecclesiae
2559 1170 2820 1241 episcOpi.
2843 1170 3071 1242 Signum
3113 1171 3362 1227 iiattonis

1779 1260 2062 1316 Fuldensis
2091 1261 2404 1317 monasterii
2429 1262 2668 1317 abbatis.
2699 1261 2924 1332 Signum
2952 1259 3221 1318 Gunthari
3256 1261 3361 1317 iic-

1789 1349 2217 1406 roli‘esfeldensis
2246 1352 2559 1406 monasterii
2588 1352 2818 1407 abbatis.
2855 1351 3081 1424 Signum
3105 1353 3365 1408 Eberha-

1789 1441 1856 1494 rii
1885 1441 2123 1496 comitis.
2153 1441 2379 1510 Signum
2398 1439 2661 1497 ’Guntarii
2693 1441 2926 1497 comitis.
2958 1442 3183 1511 Signum
3223 1442 3361 1496 Bur-

1783 1534 1959 1604 gharii
2021 1534 2255 1590 comitis.
2315 1533 2550 1604 Signum
2591 1532 2790 1589 Utonis
2843 1532 3076 1589 com’tis.
3139 1533 3367 1604 Signum

1787 1623 2054 1679 Conrates
2087 1623 2324 1680 comitis.
2369 1621 2596 1694 Signum
2625 1624 2906 1678 Ernustes.
2925 1622 3164 1694 Signum
3209 1621 3374 1676 Thie—

1786 1717 2002 1782 tberes,
2049 1716 2350 1788 Ricdages,
2395 1715 2614 1788 Lupen,
2667 1717 2984 1789 ilartuiges,
3029 1716 3365 1793 ~Harnolves,

1786 1804 2125 1878 lnghiltbies,
2182 1807 2532 1871 Burebartes,
2585 1806 2866 1877 Retinges,
2904 1821 3047 1861 anno
3085 1806 3372 1862 dominicae

106 1900 283 1960 domui
325 1899 541 1958 Ottonis
583 1903 916 1958 serenissimi
939 1903 1304 1974 imperatoris
1351 1917 1415 1959 ac
1457 1918 1680 1958 suorum
1711 1887 1760 1949 Β
1788 1897 2180 1954 incarnationis
2206 1897 2330 1961 962,
2364 1897 2659 1954 indictione
2684 1899 2738 1965 5,
2754 1897 2815 1935 ’⁸³
2839 1912 3025 1954 mense
3047 1896 3368 1962 Februario,

109 1992 482 2064 episcoporum
523 1995 778 2052 abbatum
803 1995 1166 2051 etcomitum.
1198 1995 1238 2066 i—
1267 1993 1493 2066 Signum
1521 1995 1682 2052 Adal-

113 2081 232 2153 (δῆςί
245 2082 388 2150 nam
395 2083 733 2155 aburgiensis
749 2083 995 2141 ecclesiae
1021 2084 1436 2156 archiepiscopi.
1451 2084 1688 2156 Signum

115 2171 388 2235 Eutherii
416 2176 958 2234 Curiensisecclesiae
977 2178 1240 2251 episcopi.
1262 2177 1487 2250 Signum
1505 2178 1691 2234 .Druo-

1789 1989 1857 2045 15
1883 1990 1971 2046 die
2001 1991 2242 2060 ejusdem
2291 1991 2517 2057 mensis,
2561 2006 2704 2046 anno
2748 2006 2878 2046 vero
2912 1991 3095 2046 domni
3149 1989 3368 2047 Ottonis

1788 2087 2003 2159 imperii
2047 2087 2389 2144 invictissimi
2432 2086 2781 2159 imperatoris
2813 2085 2909 2154 ‘27,
2941 2084 3087 2142 facta
3139 2093 3226 2141 est
3267 2084 3370 2139 bec

1788 2179 1969 2248 pactio
1986 2177 2244 2238 feliciter.
2269 2197 2300 2232 ›

1387 2286 1713 2346 SY'NODUS
1751 2285 2062 2343 ROMANA.

171 2379 304 2436 Acta
331 2379 448 2451 eius
473 2379 608 2452 alias
658 2379 962 2452 deperdita,
1009 2381 1376 2451 Lintprandus
1423 2380 1676 2452 Historim
1705 2397 1816 2438 suae
1865 2380 2005 2452 libro
2045 2381 2276 2451 septimo
2299 2380 2531 2436 inseruit
2563 2379 2718 2437 unde
2759 2395 2826 2436 ea
2848 2395 2968 2451 qua:
2992 2379 3364 2437 authenticatn

109 2445 1041 2522 fm.praelerehant'depromta,
1071 2445 1176 2523 ope
1195 2452 1398 2509 codicis
1423 2451 1553 2507 olim
1587 2451 2054 2523 Spanheimensis,
2084 2445 2198 2523 iam
2221 2451 2612 2518 Bruxeliensis,
2643 2445 3091 2523 emendavimusa

267 2584 482 2641 Littera:
519 2585 705 2656 synodi
749 2585 817 2639 ad
847 2583 1108 2640 Joannem
1148 2583 1264 2639 XII
1301 2603 1513 2658 papam.

176 2675 401 2733 Summo
419 2671 659 2744 pontiﬁci
675 2684 730 2730 et
752 2675 1042 2732 universali
1059 2692 1229 2746 papm,
1250 2677 1448 2732 donmo
1463 2675 1655 2734 Joanni
1668 2719 1682 2744 ,

111 2767 232 2826 Otto
264 2769 462 2824 divina:
481 2776 728 2838 respectu
759 2767 1057 2824 clementia:
1083 2769 1381 2848 imperator
1402 2779 1684 2841 angustus,

104 2875 223 2916 cum
296 2859 714 2930 archiepiscopis
795 2860 1060 2931 Liguriae,
1115 2859 1358 2924 Tusciae,
1411 2847 1685 2928 Szixonize,

101 2947 442 3015 Frantimﬁn
472 2949 701 3006 Domino
757 2949 1009 3005 salutem.
1057 2948 1282 3004 Romam
1311 2951 1381 3006 ob
1411 2951 1686 3006 servitium

101 3041 198 3098 Dei
220 3039 525 3106 venientes,
559 3040 686 3096 dum
737 3040 878 3097 ﬁlios
910 3051 1121 3097 vestros
1141 3082 1155 3108 ,
1173 3039 1461 3097 Romanos
1485 3043 1692 3100 scilicet

103 3133 417 3205 episcopos,
442 3131 768 3198 cardinales,
795 3134 1147 3204 presbyteros
1170 3141 1223 3186 ct
1243 3133 1517 3198 diaconos,
1543 3132 1692 3188 insn-

101 3238 204 3295 per
225 3231 286 3277 et
315 3222 628 3276 universam
658 3221 868 3293 plebem
901 3223 967 3277 de
992 3223 1156 3276 vestri
1182 3223 1424 3278 absentia
1459 3237 1689 3294 percon¢

103 3323 376 3379 taremur,
409 3323 463 3370 et
490 3314 620 3385 quid
677 3330 853 3368 causa:
897 3323 1061 3378 esset,
1111 3315 1256 3383 quod
1310 3329 1412 3370 nos
1452 3314 1695 3371 ecclesiae

97 3416 306 3464 vestrae
335 3407 612 3477 vestrique
644 3405 960 3463 defensores
984 3407 1170 3462 videre
1198 3407 1533 3475 noluissetis,
1567 3406 1694 3462 talia

100 3502 175 3558 de
228 3503 390 3558 vobis
446 3511 662 3572 tamque
714 3500 968 3556 obscaena
1020 3500 1380 3570 protulerunt,
1413 3509 1474 3556 ut
1527 3501 1572 3562 si
1632 3501 1697 3560 de

100 3591 479 3650 histrionibus
505 3593 838 3658 dicerentur,
877 3593 1035 3660 nobis
1061 3593 1436 3654 verecundiam
1482 3592 1696 3664 ingere-

93 3691 248 3739 rent.
278 3681 409 3750 Qua:
433 3698 505 3738 ne
534 3684 956 3753 magnitudinem
987 3691 1221 3742 vestram
1261 3681 1441 3738 omnia
1471 3681 1696 3746 lateant,

92 3773 360 3845 quaedam
388 3773 542 3829 vobis
567 3775 666 3828 sub
703 3773 968 3828 brevitate
1011 3773 1369 3828 describimus
1401 3790 1412 3825 :
1446 3772 1698 3842 quoniam

93 3863 146 3936 si
180 3873 387 3922 cuncta
414 3865 731 3920 nominatim
758 3865 1065 3935 exprimere
1106 3865 1378 3935 cupimus,
1406 3864 1522 3920 dies
1544 3865 1700 3920 nobis

93 3969 213 4011 non
247 3952 449 4009 suﬂicit
468 3970 628 4010 unus.
661 3954 932 4010 Noveritis
963 3955 1166 4025 itaque,
1191 3970 1298 4010 non
1322 3970 1351 4009 a
1374 3955 1698 4025 paucis,sed
1724 3963 1777 4025 ι)

100 4044 176 4100 ab
216 4043 478 4099 omnibus
507 4052 613 4098 tam
642 4045 809 4099 nostri
831 4059 992 4114 quam
1017 4055 1072 4100 et
1096 4045 1320 4101 alterius
1351 4045 1578 4112 ordinis,
1601 4059 1698 4100 vos

93 4133 424 4201 homicidii,
451 4132 695 4204 periurii,
719 4134 1011 4206 sacrilegii,
1041 4145 1096 4191 et
1143 4151 1209 4190 ex
1258 4137 1476 4206 propria
1501 4151 1702 4209 cognaa

94 4227 284 4294 tione,
311 4234 478 4296 atque
517 4240 585 4281 ex
624 4226 833 4282 duabus
880 4227 1207 4291 sororibus,-
1236 4227 1425 4282 incesti
1472 4227 1703 4283 crimine

93 4330 232 4372 esse
254 4324 561 4372 accusatos.
589 4315 786 4372 Dicunt
803 4326 858 4371 et
880 4316 1023 4372 aliud
1045 4315 1228 4372 auditu
1254 4317 1370 4388 ipso
1399 4317 1700 4383 horridum,

96 4406 324 4464 diaboli
370 4423 468 4463 vos
521 4407 573 4462 in
607 4422 794 4464 amore
823 4407 1002 4464 vinum
1052 4408 1288 4474 bibisse;
1324 4409 1376 4464 in
1407 4408 1532 4464 ludo
1574 4409 1704 4464 alere

91 4498 264 4557 Jovis
303 4498 568 4567 Veneris,
621 4509 1050 4571 caeterorumque
1091 4501 1395 4558 daemonum
1443 4501 1705 4557 auxilium

92 4591 457 4662 poposcisse.
507 4590 746 4647 Oramus
795 4590 979 4662 itaque
1033 4592 1416 4663 paternitatem
1465 4602 1705 4648 vestram

90 4689 345 4754 obnixe,
370 4704 440 4743 ne
470 4687 697 4742 Romam
723 4688 912 4742 venire
945 4696 1107 4760 atque
1133 4703 1197 4743 ex
1232 4687 1314 4743 bis
1336 4687 1585 4743 omnibus
1611 4701 1708 4743 vos

89 4796 358 4854 purgare
379 4780 750 4838 dissimuletis.
785 4779 844 4838 Si
872 4781 1011 4838 forte
1051 4783 1163 4837 vim
1193 4781 1498 4837 temeraria:
1529 4781 1710 4836 multi-

92 4865 330 4928 tudinis
381 4870 718 4937 formidatis,
755 4870 1069 4942 juramento
1118 4871 1274 4929 vobis
1314 4872 1706 4940 adﬁrmamus,

92 4965 254 5024 nihil
287 4964 412 5022 ﬁeri
436 4973 635 5037 praeter
665 4957 979 5022 sanctorum
1023 4980 1293 5022 canonum
1347 4966 1706 5026 sanctionem.

95 5059 252 5116 Data
279 5057 322 5120 8
368 5057 492 5123 ldus
525 5056 864 5130 Novembris.

526 5147 751 5204 Joannis
773 5164 924 5220 papa:
953 5147 1326 5221 apologaticus.

175 5243 438 5302 Joannes
457 5243 764 5314 episcopus,
787 5257 982 5298 ser-vus
999 5257 1282 5298 servorum
1307 5241 1425 5309 Dei,
1459 5242 1714 5299 omnibus

96 5333 421 5408 episcopis.
457 5332 566 5389 Nos
609 5333 918 5388 audivimus
968 5331 1172 5398 dicere,
1228 5331 1356 5402 quia
1393 5345 1492 5388 vos
1547 5331 1712 5388 vultis

101 5430 298 5483 alium
333 5442 525 5498 papam
569 5424 750 5482 facere
788 5443 801 5480 :
841 5424 888 5481 si
927 5425 1030 5480 hoc
1063 5423 1260 5489 facitis,
1294 5424 1713 5481 excommunico

99 5538 214 5578 vos
248 5520 327 5580 de
353 5517 468 5575 Deo
491 5517 882 5589 omnipotente,
903 5525 973 5580 ,ut
999 5532 1119 5580 non
1145 5515 1407 5580 habeatis
1433 5515 1714 5576 licentiam

105 5603 341 5670 ...ιηυω
373 5608 631 5668 ordinare
655 5620 710 5667 et
736 5611 958 5667 missam
984 5609 1278 5667 celebrare.

2131 2587 2336 2659 Synodi
2390 2589 2699 2659 rescriptum
2725 2587 2794 2648 ad
2822 2603 3033 2660 papam.

1860 2719 2096 2780 Summo
2105 2720 2348 2790 pontiﬁci
2365 2729 2424 2777 et
2441 2721 2737 2780 universali
2749 2719 3128 2792 papzedomno
3153 2718 3371 2788 Joauni,

1789 2811 1916 2872 Otto
1948 2812 2144 2876 divina:
2159 2821 2409 2883 respectu
2443 2812 2746 2874 clementia:
2775 2813 3070 2883 imperator
3093 2823 3373 2884 angustus,

1791 2906 1885 2968 sed
1921 2915 1977 2972 et
1997 2915 2185 2970 saneta
2205 2906 2448 2978 synodus
2469 2905 2664 2964 Romae
2701 2905 2799 2962 Dei
2832 2907 2902 2962 ob
2927 2907 3210 2964 servitium
3239 2922 3375 2962 con-

1791 3006 2032 3071 gregata,
2063 2999 2116 3056 in
2153 2998 2378 3058 Domino
2408 2997 2658 3058 salutem.
2695 2997 2972 3056 Praeterita
3001 3000 3230 3069 synodo,
3255 3014 3378 3069 qua:

1792 3090 2064 3150 celebrata
2095 3100 2191 3148 est
2234 3091 2268 3147 8
2307 3090 2430 3148 ldus
2478 3090 2818 3158 Novembris,
2869 3092 3080 3148 litteras
3121 3093 3276 3149 vobis
3296 3093 3379 3149 di-

1794 3181 2056 3247 reximus,
2087 3181 2140 3238 in
2180 3183 2379 3252 quibus
2405 3194 2798 3241 accusatorum
2847 3191 3153 3240 vestrorum
3184 3183 3374 3249 verba,

1795 3282 1959 3345 atque
1980 3277 2346 3337 acettsatiunis
2374 3291 2554 3334 causae
2601 3275 3008 3336 detinebantur.
3043 3275 3382 3348 .Rogavimus

1794 3366 1960 3423 etiam
1981 3365 2187 3432 eisdem
2215 3366 2410 3432 litteris
2445 3367 2870 3443 magnitudinem
2897 3377 3154 3435 vestram,
3194 3384 3382 3438 quem-

1799 3459 2091 3522 admodum
2125 3460 2334 3530 justum
2370 3468 2474 3526 est,
2501 3459 2728 3515 Romam
2761 3460 2950 3516 venire
2978 3475 3145 3532 seque
3187 3476 3253 3517 ex
3295 3462 3382 3518 bis

1799 3566 1920 3621 qua:
1958 3551 2268 3607 obiciuntur
2295 3567 2543 3623 purgare.
2579 3552 2900 3623 Recepimus
2949 3564 3129 3610 autem
3171 3555 3382 3610 litteras
3444 3609 3448 3614 ,

1785 3657 1829 3720 fa
1857 3643 2029 3706 vobis,
2060 3657 2166 3697 non
2220 3643 2408 3712 quales
2459 3643 2716 3714 temporis
2768 3644 3022 3714 qualitas,
3064 3646 3159 3701 sed
3189 3647 3382 3704 incon-

1801 3735 2068 3791 sullorum
2096 3737 2374 3792 hominum
2405 3737 2618 3791 vanitas
2660 3737 2924 3808 exposcit.
2969 3736 3086 3793 Non
3132 3739 3384 3794 veniendi

1802 3827 1869 3883 ad
1898 3829 2164 3899 synodum
2191 3827 2526 3884 rationabilis
2547 3842 2669 3884 esse
2715 3827 2998 3884 excusatio
3037 3829 3241 3884 debuit.
3273 3827 3382 3884 Sed

1801 3928 1856 3976 et
1881 3928 2181 3990 praesentes
2199 3919 2588 3992 magnitudinis
2616 3928 2814 3976 vestra:
2859 3919 3162 3976 debuerunt
3209 3922 3386 3976 nuntii

1808 4007 2098 4078 interesse,
2130 4012 2221 4082 qui
2255 4023 2349 4079 aut
2373 4011 2729 4084 aegritudinis,
2762 4020 2856 4070 aut
2888 4021 3036 4070 certe
3056 4013 3389 4072 diiiieultatis

1803 4118 1969 4159 causa
2027 4102 2429 4169 satisfacerent,
2463 4113 2709 4159 sanctam
2765 4117 2861 4159 vos
2911 4103 3177 4175 synodum
3221 4103 3390 4161 decli-

1803 4209 1986 4253 nasse.
2018 4195 2115 4250 Est
2137 4205 2192 4252 et
2219 4195 2363 4251 aliud
2389 4197 2589 4252 vestris
2617 4195 2672 4250 in
2703 4195 3206 4266 litterisscriptum,
3243 4195 3390 4267 quod

1805 4303 1914 4344 non
1939 4289 2277 4360 episcopum,
2310 4289 2407 4344 sed
2435 4287 2699 4361 puerilem
2721 4288 2990 4360 ineptiam
3021 4288 3261 4344 scribere
3289 4289 3392 4344 .de-

1807 4387 1974 4436 ceret.
2025 4379 2555 4436 Excommunicastis
2580 4380 2782 4436 etenim
2821 4391 3124 4448 omnes,.ut
3153 4396 3259 4437 non
3289 4381 3391 4438 hae

1806 4469 2001 4527 herent
2037 4471 2322 4528 licentiam
2371 4473 2602 4536 canendi
2633 4473 2852 4539 missas,
2895 4475 3180 4530 ordinandi
3218 4475 3394 4532 eccle-

1808 4561 2483 4634 siasticasdispositiones,
2511 4565 2560 4619 si
2581 4563 2745 4624 alium
2767 4566 3033 4621 Romanae
3051 4566 3166 4621 sedi
3189 4567 3395 4629 consti-

1809 4665 2085 4711 tueremus
2107 4656 2545 4728 episeopumJta
2574 4657 2718 4712 enim
2758 4657 3020 4728 scriptum
3059 4667 3198 4726 erat,
3231 4678 3250 4710 ι
3271 4675 3393 4714 .non

1809 4745 2054 4803 habeatis
2102 4747 2376 4808 licentiam
2417 4748 2633 4804 «nullum
2657 4749 2934 4806 ordinare.
2971 4767 2992 4804 ι
3036 4749 3191 4807 Nunc
3218 4766 3392 4822 usque

1809 4839 2139 4911 putavimus,
2161 4838 2334 4894 immo
2347 4854 2485 4895 .vere
2506 4840 2799 4910 credimus,
2827 4843 2933 4899 duo
2956 4843 3206 4914 negativa
3227 4859 3394 4906 unum

1799 4929 1992 5000 facere
2020 4930 2407 4998 dedicativum,
2431 4932 2536 4987 nisi
2567 4942 2744 4989 vestra
2793 4937 3054 4993 autoritas
3089 4939 3394 5011 priscorum

1812 5023 2114 5080 sententias
2157 5023 2460 5080 inilrmarel
2492 5034 2763 5082 sutorum.
2803 5027 2912 5084 Nos
2941 5045 3073 5087 vero
3107 5031 3396 5088 intentioni

1812 5123 2012 5184 vestrae
2045 5130 2152 5172 non
2175 5116 2354 5171 verbis
2377 5117 2786 5188 respondemus.
2815 5119 2872 5175 Si
2914 5121 2982 5177 ad
3017 5123 3280 5195 synodum
3306 5136 3400 5176 ve-

1804 5208 1938 5274 ,nire
1984 5216 2041 5264 et
2096 5207 2305 5278 obiecta
2356 5223 2592 5280 purgare
2644 5227 2750 5268 non
2809 5210 3060 5280 diii‘ertis,
3116 5213 3398 5276 atuoritati

1814 5311 2012 5359 vestra:
2052 5303 2404 5376 proculdubio
2446 5305 2752 5365 obedimus.
2795 5305 2901 5362 Sed
2933 5307 3014 5373 si,
3064 5306 3208 5377 quod
3234 5305 3398 5367 absit,

1809 5407 2005 5462 venire
2049 5405 2107 5461 et
2153 5403 2368 5475 obiecta
2408 5406 2566 5463 vobis
2609 5406 2864 5478 capitalia
2908 5406 3138 5462 crimina
3167 5421 3402 5477 purgare

1804 5507 2199 5579 dissimulatis,
2231 5523 2410 5580 quum
2445 5509 2758 5581 praesertim
2775 5524 2884 5574 vos
2909 5508 3052 5575 .nihil
3085 5507 3273 5572 venire
3299 5507 3401 5570 im-

1818 5611 2025 5682 pcdiat,
2054 5625 2163 5668 non
2198 5611 2368 5668 maris
2390 5611 2683 5684 navigatio,
2716 5627 2824 5668 non
2843 5610 3090 5683 corporis
3107 5610 3399 5688 aegritudo,

1368 5697 1598 5757 VARIAE
1638 5699 2035 5768 LECTIONES.

108 5802 160 5836 δ’
187 5797 508 5876 drisogonis
533 5796 829 5856 MARINI.
906 5797 951 5832 “
982 5796 1066 5853 hic
1085 5795 1272 5854 desinit
1296 5795 1428 5854 Cod.
1457 5791 1628 5853 Vatic.
1658 5793 1817 5854 1984.
1845 5795 2062 5852 addito:
2087 5793 2221 5876 Item
2249 5794 2306 5855 in
2337 5796 2582 5869 partibus
2603 5794 2813 5864 Tusciae
2833 5795 3040 5867 Reate,
3069 5813 3191 5856 cum
3231 5798 3394 5870 perti<

115 5871 342 5935 ttcntiis
363 5868 508 5929 suis.
