3874 5340
555 261 659 323 837

1391 267 1678 324 APPEND.
1719 269 1811 325 AD
1849 268 2022 326 SJEC.
2053 269 2121 326 Χ.
2157 300 2227 311 --
2259 269 2693 329 MONUMENTA
2729 272 3208 332 DlPLOMATlCA.
3667 288 3750 347 848

554 378 768 436 itineris
788 377 1097 453 longitudo:
1124 383 1869 439 tuncexcommunicationem
1888 392 2123 438 vestram
2151 387 2311 447 Aest
2357 399 2580 441 necesse
2645 384 2865 452 dicere,
2925 396 2987 441 ut
3034 386 3513 457 impraesentiarum
3574 394 3748 453 videtis.

552 462 1282 545 parvipendemus,eamque
1332 474 1510 544 potius
1562 476 1614 529 in
1654 490 1749 532 vos
1790 476 2124 546 retorquebi-

551 576 696 626 tnus,
727 563 977 632 quoniam
1000 551 1216 632 quidem
1243 561 1389 632 juste
1413 563 1595 620 facere
1627 581 1933 635 possumus.
1957 565 2124 622 Judas

551 654 763 710 Domini
785 656 952 711 nostri
971 644 1099 711 Iesu
1147 656 1350 712 Christi
1399 658 1666 729 proditor,
1709 660 1818 713 imo
1852 659 2120 726 venditor,

549 756 675 799 eum
704 744 901 801 ceteris
920 744 1070 816 prius
1097 744 1295 818 ligandi
1327 755 1489 817 atque
1532 746 1772 804 solvendi
1802 757 2124 819 potestatem

547 848 582 888 a
639 834 896 908 magistro
935 837 991 892 in
1022 837 1161 909 haec
1203 837 1370 894 verba
1422 848 1708 910 acceperat
1739 858 1752 893 :
1780 839 1952 896 Amen
2002 840 2123 897 dico

546 925 720 992 vobis,
748 940 1100 999 quaecumque
1128 927 1479 1000 alligaveritis
1510 945 1673 999 super
1696 940 1916 997 terram,
1958 930 2122 1002 ligata

546 1026 710 1095 erunt
735 1028 793 1075 et
837 1014 1112 1087 in‘ctelis,
1164 1029 1220 1075 et
1243 1036 1596 1093 quaecumque
1646 1022 1916 1079 solveritis
1959 1038 2124 1094 super

545 1115 769 1177 terram,
794 1119 954 1167 erunt
983 1111 1158 1168 soluta
1196 1113 1329 1184 etin
1366 1114 1539 1170 ctelis.
1569 1114 1832 1182 Quamdiu
1860 1116 2003 1172 enim
2026 1117 2133 1179 bo-A
2239 1145 2248 1171 ε

543 1218 649 1262 nus
683 1204 824 1260 inter
877 1204 1276 1277 condiscipulos
1323 1205 1447 1272 fuit,
1493 1206 1663 1278 ligare
1707 1216 1869 1278 atque
1913 1209 2123 1264 solvere

542 1296 759 1352 valuit:
787 1307 1071 1368 postquam
1109 1312 1239 1353 vero
1282 1298 1598 1369 cupiditatis
1641 1314 1803 1354 causa
1851 1299 2122 1355 homicida

542 1386 742 1455 factus,
767 1389 931 1443 vitam
951 1391 1193 1444 omnium
1227 1390 1479 1446 occidere
1517 1390 1707 1457 voluit,
1745 1406 1906 1462 quem
1933 1390 2122 1462 postea

541 1477 767 1552 ligatum
806 1479 1049 1546 solvere,
1101 1488 1194 1535 aut
1247 1480 1482 1536 solutum
1530 1481 1699 1554 ligare
1752 1483 1958 1554 patuit,
2018 1481 2121 1538 nisi

541 1568 812 1638 seipsum,
860 1584 1019 1639 quem
1058 1567 1431 1643 infelicissimo
1476 1570 1670 1642 laqueo
1729 1572 2122 1643 strangulavit?

540 1660 676 1716 Data
717 1661 786 1716 l0
820 1660 1046 1716 Kalend.
1085 1661 1367 1718 Decembr.
1394 1662 1459 1734 let
1503 1665 1669 1719 missa
1696 1680 1792 1735 per
1822 1666 2117 1721 Adrianum

540 1751 872 1823 cardinalem
896 1752 1293 1824 presbyterum,
1322 1763 1378 1809 et
1411 1755 1760 1811 Benedictum
1786 1757 2115 1814 cardinalem
2148 1742 2196 1804 Β

540 1841 847 1901 diaconem.
1048 1904 1051 1909 ,
1221 1894 1225 1898 .
1408 1906 1416 1915 ο
1684 1898 1687 1905 .

904 1936 1113 1994 Ottonis
1156 1941 1326 1996 oratio
1366 1941 1434 2027 ad
1484 1942 1763 2013 synodum.

610 2045 1028 2118 Expectavimus
1070 2050 1363 2107 adventum
1413 2051 1548 2122 ejus,
1598 2062 1658 2108 ut
1708 2062 1973 2123 praesente
2031 2069 2118 2122 eo,

541 2140 685 2211 quod
729 2141 885 2197 nobis
929 2142 1121 2215 egerit,
1180 2159 1571 2213 quereremur:
1605 2160 1792 2199 verum
1866 2144 2121 2214 quoniam
2156 2157 2167 2207 ζ

541 2219 664 2289 eum
688 2249 794 2289 non
822 2232 1131 2289 adiuturum
1164 2245 1315 2290 certo
1336 2235 1561 2302 scimus,
1591 2251 1752 2305 quam
1780 2234 1986 2305 perﬁde
2019 2249 2117 2289 no-

540 2322 748 2380 hiscum
778 2324 970 2395 egerit,
997 2330 1058 2379 ut
1087 2325 1373 2396 diligenter
1402 2326 1731 2397 agnoscatis,
1760 2325 1925 2380 etiam
1955 2335 2119 2396 atque

539 2415 706 2470 etiam
731 2414 1054 2487 ﬂagitamus.
1079 2413 1275 2471 Notum
1319 2416 1502 2487 itaque
1547 2415 1697 2471 vobis
1746 2415 1996 2484 facimus,
2026 2431 2119 2471 ar-
2168 2471 2178 2478 ,

2168 2511 2175 2518 ·
2198 2500 2201 2505 ’
2220 2500 2417 2568 natur,
2434 2500 2664 2556 inveniri
2694 2502 2889 2572 possit.

540 2506 917 2578 chiepiscopis,
955 2507 1222 2577 episcopis
1266 2506 1314 2539 “
1362 2506 1713 2578 presbyteris,
1764 2506 2115 2575 diaconibus,

539 2599 856 2671 reliquoque
885 2600 1053 2667 clero,
1108 2615 1318 2656 necnon
1359 2609 1414 2656 et
1462 2600 1773 2667 comitibus,
1819 2599 2117 2669 iudicibus,

538 2695 797 2766 omnique
824 2695 982 2766 plebi,
1021 2696 1163 2765 quod
1190 2695 1330 2751 idem
1352 2695 1588 2752 Joannes
1612 2711 1749 2767 papa
1775 2710 2065 2767 oppressus
2087 2709 2119 2752 a

537 2783 868 2864 Berengario
892 2797 1053 2857 atque
1089 2786 1401 2858 Adalperto,
1438 2788 1728 2844 rebellibus
1762 2789 1984 2854 nostris,
2012 2788 2116 2843 mi-

538 2877 786 2934 situobis
823 2879 878 2934 in
915 2878 1205 2934 Saxoniam
1254 2881 1494 2946 nuntios,
1541 2896 1757 2952 rogans,
1787 2864 1942 2937 utoh
1968 2896 2118 2937 amo-

537 2984 656 3024 rem
680 2968 776 3024 Dei
805 2968 860 3024 in
885 2968 1094 3023 Italiam
1135 2970 1465 3037 veniremus,
1513 2980 1569 3026 et
1606 2971 1894 3027 ecclesiam
1943 2973 2114 3028 sancti

538 3058 685 3116 Petri
714 3075 780 3116 ac
824 3044 1059 3131 seipsum
1101 3075 1167 3116 ex
1195 3075 1383 3117 eorum
1438 3061 1683 3117 faucibus
1733 3063 2113 3119 liberaremus.

536 3149 651 3208 Nos
674 3158 845 3220 vero,
875 3152 1162 3224 adjuvante
1195 3151 1328 3220 Deo,
1364 3161 1625 3223 quantum
1664 3154 1977 3221 fecerimus,
2005 3170 2112 3210 non

2227 474 2459 545 Ereptus
2484 490 2613 549 vero
2639 490 2759 531 mea
2797 486 3059 546 opera‘ex
3087 492 3275 534 eorum
3304 480 3571 549 manibus,
3598 494 3646 540 et
3676 488 3752 544 ho-

2226 566 2346 622 nori
2365 566 2547 622 debito
2561 565 2864 631 restitutus,
2894 566 3094 623 oblitus
3112 566 3405 638 juramenti
3424 580 3481 627 et
3502 572 3752 645 ﬁdelitatis,

2225 673 2389 728 quam
2414 656 2546 711 mihi
2583 671 2748 726 supra
2780 671 2978 727 corpus
3002 658 3175 715 sancti
3207 658 3353 715 Petri
3381 662 3753 731 promisit,eun-

2224 747 2345 803 dem
2374 746 2718 818 Adelpertum
2750 746 2974 803 Romam
3005 750 3193 807 venire
3236 751 3383 819 fecit,
3406 764 3464 809 et
3493 764 3666 812 contra
3688 773 3754 815 me

2226 838 2483 906 defendit,
2514 838 2809 895 seditiones
2829 839 2975 905 fecit,
3005 850 3062 897 et
3095 842 3400 899 videntibus
3434 846 3626 903 nostris
3645 849 3754 904 mili-

2226 931 2388 996 tibus,
2422 930 2532 986 dux
2554 930 2701 991 belli
2733 929 2927 999 factus,
2959 931 3124 988 lorica
3152 942 3208 989 et
3244 933 3395 1006 galea
3427 944 3509 991 est
3556 937 3752 996 indutus.

2224 1018 2363 1088 Quid
2392 1034 2547 1091 super
2588 1031 2694 1076 noc
2717 1029 2905 1075 sancta
2937 1022 3175 1093 synodus
3203 1022 3485 1091 decernat,
3512 1026 3687 1084 edicat.

2722 1104 2926 1184 Βηποάί
2974 1131 3296 1186 responsum.

2241 1246 2249 1253 ρ
2292 1207 2599 1263 lnauditum
2644 1206 2839 1263 vulnus
2878 1208 3122 1266 inaudito
3151 1220 3237 1267 est
3261 1212 3508 1270 cauterio
3556 1228 3754 1273 exuren-

2224 1297 2373 1354 dum.
2403 1298 2459 1354 Si
2489 1299 2757 1370 corruptis
2801 1300 3044 1356 moribus
3089 1301 3188 1358 soli
3218 1302 3344 1369 sibi,
3374 1312 3432 1359 et
3455 1319 3559 1360 non
3585 1308 3755 1364 cunctis

2223 1391 2461 1457 obesset,
2489 1406 2706 1461 quoquo
2735 1390 2897 1446 modo
2935 1391 3244 1450 tolerandus
3270 1404 3436 1451 esset.
3485 1395 3617 1463 Quot
3635 1398 3753 1468 prius

2222 1483 2361 1538 casti
2389 1482 2548 1553 hujus
2568 1482 2697 1539 lacti
2717 1494 2845 1538 sunt
2872 1483 3176 1542 imitatione
3210 1487 3442 1543 incesti?
3463 1487 3599 1555 Quot
3631 1492 3754 1561 probi

2222 1575 2382 1645 hujus
2406 1576 2651 1646 exemplo
2671 1578 3098 1635 conversationis
3116 1588 3242 1635 sunt
3269 1580 3526 1649 reprobi?
3556 1580 3755 1640 Petimus

2224 1668 2405 1738 itaque
2438 1670 2860 1739 magnitudinem
2889 1671 3100 1740 imperii
3132 1673 3314 1739 vestri,
3336 1672 3628 1729 monstrum
3653 1674 3753 1732 illud

2223 1761 2367 1816 nulla
2397 1760 2596 1816 virtute
2656 1762 2990 1833 redemptum
3021 1779 3052 1817 a
3083 1764 3248 1831 vitiis,
3298 1779 3328 1818 a
3358 1774 3543 1820 sancta
3569 1766 3754 1823 ecclesia

2111 1892 2119 1908 ι
2223 1858 2379 1927 pelli,‘
2405 1860 2677 1930 aliumque
2708 1860 2826 1915 loco
2846 1862 2964 1932 ejus
2987 1862 3265 1928 constitui,
3304 1862 3398 1931 qui
3434 1861 3587 1918 nobis
3605 1876 3755 1917 exem-

2118 1976 2125 2005 -.
2224 1950 2314 2022 plo
2338 1949 2494 2014 bonae
2528 1951 2954 2007 conversationis
2980 1967 3213 2022 przeesse
3241 1951 3439 2017 valeat,
3465 1960 3518 2008 et
3541 1950 3755 2023 prodesse

2224 2040 2325 2096 sibi
2355 2060 2371 2094 :
2405 2050 2552 2097 recte
2580 2042 2745 2109 vivat,
2782 2057 2846 2097 ac
2891 2041 3030 2097 bene
3061 2042 3274 2099 vivendi
3302 2042 3463 2099 nobis
3494 2041 3755 2113 exemplum

2224 2133 2479 2203 praebeat.
2524 2168 2531 2203 ς
3710 2120 3715 2123 ’

2741 2224 2948 2282 Ottom's
2976 2243 3276 2283 consensus.

2291 2319 2479 2375 Placet
2505 2318 2649 2390 quod
2678 2318 2882 2385 dicitis,
2914 2320 3153 2390 nihilque
3194 2318 3406 2391 gratius
3436 2318 3603 2384 nobis,
3625 2331 3750 2389 quam

2221 2422 2280 2468 ut
2312 2411 2452 2479 talis,
2482 2411 2573 2482 qui
2611 2412 2737 2466 huic
2774 2421 2977 2468 sanctae
3020 2420 3077 2467 et
3114 2410 3405 2468 universali
3445 2410 3557 2468 sedi
3580 2423 3752 2482 prapo-

2697 2594 2899 2649 Eleetio
2935 2592 3125 2685 Leonis
3161 2610 3335 2666 paper.

2244 2685 2248 2691 ’
2288 2684 2525 2743 Leonem
2561 2685 2945 2752 venerabilem,
2997 2678 3200 2742 sanctae
3245 2685 3508 2740 Romanae
3554 2678 3754 2740 ecclesia:

2218 2781 2740 2854 protoscriniarium,
2786 2781 2961 2836 virum
3000 2781 3384 2851 approbatum,
3417 2778 3486 2834 ad
3528 2789 3754 2835 summum

2219 2861 2507 2932 Sacerdo'tii
2540 2875 2763 2946 gradum
2815 2874 2973 2931 nobis
3032 2874 3087 2929 in
3131 2883 3411 2946 pastorem
3440 2872 3685 2944 eligimus,
3706 2875 3753 2922 ut

2217 2967 2288 3024 sit
2318 2983 2561 3023 summus
2595 2976 2651 3023 et
2679 2966 3001 3022 universalis
3048 2981 3188 3037 papa
3235 2965 3495 3021 Romana:
3529 2960 3750 3029 ecclesim,

2219 3059 2510 3131 reprobato
2538 3060 2607 3115 ob
2640 3059 2915 3130 improbos
2942 3074 3121 3115 mores
3148 3056 3356 3115 Joanne
3375 3064 3632 3129 apostata.

1121 3242 1415 3321 orroms
1451 3264 1475 3320 ι
1509 3264 1976 3323 IMPERATORIS
2025 3268 2114 3324 ET

2226 3266 2468 3326 noras
2506 3265 2553 3323 ιι
2606 3222 2825 3324 ’Βεοιε
2875 3261 3199 3323 EDICTUM.

1147 3375 1150 3379 '
1460 3376 1463 3379 λ
1856 3376 1982 3450 (An.
2021 3377 2146 3435 967.
2185 3379 2305 3436 Oct.
2343 3378 2460 3452 29.)

552 3468 581 3563 ’ί
611 3491 742 3549 Post
761 3490 1064 3548 anteriores
1092 3490 1359 3563 editiones
1384 3491 1475 3548 hic
1498 3507 1601 3563 ope
1627 3492 1872 3548 codicum
1892 3492 2251 3558 Ambrosiani,
2273 3490 2591 3556 Florentini,
2613 3489 2992 3563 Londinensis,
3021 3487 3481 3553 Vindobonensis,
3512 3486 3751 3543 Veronen-

442 3597 455 3606 -
538 3562 620 3622 sis
645 3573 701 3621 et
721 3563 963 3620 Estensis
1000 3562 1143 3633 apud
1167 3561 1522 3619 Muratorium
1537 3561 1905 3634 recognitum,
1935 3564 2146 3619 auctori
2181 3579 2279 3620 suo
2309 3562 2647 3635 temporique
2686 3562 3010 3617 restituitur.

545 3694 733 3782 Incipit
756 3697 803 3730 “
838 3658 1067 3780 sopitum
1084 3696 1709 3782 aute‘tn‘stuuﬂ‘f’on‘tlnus
1757 3695 1902 3782 ραι)¹
1922 3693 2118 3782 gloriae
2147 3680 2192 3742 C
2218 3696 2403 3768 jurare
2426 3662 2761 3753 formidaret.
2786 3695 3054 3766 Tempore
3081 3693 3246 3767 igitur
3264 3707 3372 3765 quo
3397 3692 3659 3765 piissimus
3677 3702 3750 3782 res

610 3764 849 3826 siisimus
876 3764 1160 3838 imperator
1187 3776 1235 3821 et
1256 3768 1379 3821 item
1410 3767 1532 3822 Otto
1557 3766 1699 3836 ﬁlius
1719 3766 1832 3838 ejus
1854 3764 2119 3838 gloriosus

608 3856 724 3906 rex,
748 3856 854 3894 una
881 3836 998 3893 cunt
1020 3838 1237 3909 summis
1285 3838 1624 3909 principibus,
1679 3837 1733 3890 id
1767 3847 1840 3909 est
1868 3836 2119 3906 episcopis

611 3909 884 3966 abbatibus
905 3908 1197 3980 judicibus,
1228 3924 1319 3963 seu
1347 3907 1465 3962 cunt
1496 3909 1636 3962 omni
1661 3907 1876 3978 populo.

611 4070 864 4144 Antiquis
892 4068 938 4131 ‘9
965 4077 1048 4127 est
1077 4068 1385 4124 institutum
1430 4066 1786 4138 temporibus,
1823 4074 1883 4121 ut
1926 4066 1971 4122 si
2000 4082 2122 4123 car-

543 4177 721 4223 tarum
747 4160 1027 4233 inscriptio
1048 4159 1119 4226 ",
1145 4174 1265 4230 qua:
1291 4157 1578 4214 constabat
1618 4172 1686 4212 ex
1721 4156 1956 4226 praediis,
1985 4156 2120 4213 falsa

542 4256 613 4314 ab
634 4252 948 4311 adversario
962 4250 1253 4317 diceretur,
1282 4249 1644 4307 sacrosanctis
1654 4250 1948 4322 evangeliis
1963 4251 2121 4307 tactis

541 4361 731 4403 veram
765 4358 887 4401 esse
944 4344 1015 4401 ab
1056 4352 1338 4400 ostensore
1384 4342 1731 4415 probabatur,
1780 4343 1968 4415 sicque
2017 4343 2121 4400 sibi

543 4437 808 4512 praedium
846 4436 1235 4494 deliberatione
1254 4436 1502 4507 judicum
1530 4438 1869 4494 vendicabat.
1902 4436 2017 4506 Qua
2053 4452 2120 4493 ex

544 4544 609 4586 re
636 4544 756 4586 mos
775 4529 1109 4586 detestabilis
1144 4530 1199 4586 in
1235 4528 1388 4585 Italia
1425 4530 1809 4602 improbusque
1858 4544 1965 4584 non
1994 4528 2118 4583 imi-

545 4619 742 4695 tandus
782 4619 1025 4687 inolevit,
1071 4630 1132 4676 ut
1181 4620 1361 4693 legum
1415 4620 1595 4691 specie
1642 4619 1766 4691 jure
1804 4618 1850 4650 ⁸⁸
1884 4616 2119 4688 jurando

545 4710 873 4783 acquireret,
904 4712 997 4782 qui
1045 4711 1282 4769 Deum“
1324 4726 1431 4769 non
1475 4712 1713 4799 timendo
1741 4709 1963 4766 minime
1995 4725 2120 4781 per-

2222 3790 2349 3847 Otto
2379 3789 2566 3844 Romze
2585 3787 2896 3844 unctionem
2925 3787 3162 3859 suscepit
3187 3784 3421 3857 imperii,
3452 3784 3696 3840 residente
3718 3778 3751 3812 "

2224 3883 2278 3938 in
2308 3883 2511 3954 synodo
2533 3894 2744 3936 stnnmo
2771 3880 2814 3912 ⁸¹
2842 3887 2898 3934 et
2936 3877 3229 3934 universali
3277 3892 3415 3948 papa
3452 3879 3498 3911 ⁸⁸
3528 3878 3697 3933 domno
3716 3872 3752 3907 ⁸³

2115 4006 2122 4017 ι
2222 3974 2470 4032 Johanne
2495 3973 2542 4005 “
2579 3972 2746 4028 tercio
2772 3971 2982 4026 decimo
3023 3985 3166 4025 anno
3195 3968 3331 4041 (l7),
3364 3969 3433 4024 ab
3483 3968 3634 4024 Italiae
3655 3978 3753 4037 pro-

2224 4066 2441 4123 ceribus
2467 4073 2553 4120 est
2595 4062 2978 4132 adclamatum,
3007 4071 3066 4117 ut
3108 4062 3404 4131 imperator
3437 4069 3643 4143 sanctus
3660 4070 3752 4113 mu-

2224 4167 2337 4213 tata
2370 4156 2488 4227 lege
2532 4154 2744 4211 facinus
2787 4153 3064 4225 indignum
3115 4153 3441 4218 destrueret,
3492 4167 3585 4225 per
3620 4146 3751 4220 quod,

2223 4247 2270 4302 si
2297 4260 2525 4317 corpore
2547 4245 2832 4315 quisquam
2857 4243 3007 4301 dives
3046 4242 3218 4305 ﬁeret.
3273 4243 3453 4298 anima
3485 4242 3528 4273 ⁸⁸
3551 4253 3662 4296 vero
3680 4250 3752 4307 pc-

2224 4348 2415 4395 reunte
2441 4352 2644 4409 pauper
2664 4336 2716 4391 in
2741 4345 3003 4392 aeternum
3031 4342 3293 4391 maneret.
3316 4333 3526 4391 Judicio
3542 4333 3586 4375 ⁸⁸
3606 4333 3749 4397 itaque

2224 4429 2407 4485 domui
2436 4443 2586 4500 papae
2618 4427 2955 4499 piissimique
2985 4427 3196 4498 augusti
3240 4435 3575 4498 expectatum
3607 4429 3678 4477 est
3697 4415 3749 4473 ad

2225 4522 2368 4578 illam
2421 4537 2591 4593 usque
2633 4521 2898 4602 synodum
2953 4536 3072 4592 quae
3123 4536 3287 4592 parva
3317 4528 3442 4593 post
3487 4520 3749 4585 intercape-

2223 4616 2349 4672 dine
2375 4615 2486 4688 (18)
2513 4615 2696 4671 habita
2746 4622 2830 4670 est
2874 4612 3458 4691 Ravennae.,Cumque
3502 4608 3678 4668 ibidem
3695 4616 3748 4658 ex

2224 4709 2411 4799 eadem
2441 4723 2501 4764 re
2525 4707 2881 4779 proclamatio
2919 4715 3278 4780 repeteretur,
3328 4706 3401 4765 ob
3441 4697 3749 4779 quorumdam

1753 4840 1988 4898 nam
2026 4840 2425 4925 LECTIONES.

620 4972 672 5009 ιδ
694 4980 866 5020 uocem
890 4960 1140 5025 supplevi.
1214 4960 1262 5001 ⁸⁸
1282 4960 1394 5014 Iuec
1419 4958 1689 5025 inscriptio
1715 4966 1853 5012 extat
1875 4956 2085 5011 nonnisi
2103 4936 2157 5011 in
2187 4954 2248 5010 L.
2323 4954 2370 4987 ⁸⁸
2399 4953 2656 5022 Prwfatio
2679 4955 2791 5009 Iure
2810 4954 2949 5010 deest
2973 4956 3030 5010 in
3054 4956 3121 5009 A.
3148 4950 3553 5025 AntiquitusFl.
3588 4948 3628 4983 δ’
3657 4949 3747 5001 ina.

640 4978 672 5009 ⁸
694 4980 866 5020 uocem
890 4978 1140 5033 supplent.
1214 4978 1262 5001 δ’
1282 4978 1394 5014 (uec
1419 4978 1578 5013 mscrt
1616 4978 1689 5011 tw
1715 4978 1851 5012 extat
1875 4978 2082 5011 namus!
2103 4978 2157 5011 ιη
2187 4978 2248 5010 ια.
2324 4978 2370 4987 ⁷-
2399 4978 2656 5022 ιἠιτμιιιυ
2679 4978 2791 5009 mvc
2810 4978 2948 5010 deest
2973 4978 3030 5010 ιη
3054 4978 3121 5009 ιι.
3148 4978 3553 5025 anuquuusn.
3595 4978 3622 4983 --
3659 4978 3745 5001 ηια-

640 5035 771 5092 intio
801 5032 863 5089 V.
888 5032 1183 5092 adscriptio
1221 5028 1317 5084 Vn.
1344 5030 1391 5070 δ”
1410 5029 1529 5092 jam
1558 4978 1782 5081 (Kaletum
1808 5027 1862 5080 in
1888 5026 1949 5079 L.
2015 5027 2058 5063 ’δ’
2089 5026 2362 5081 dominum
2386 5025 2448 5079 L.
2502 5025 2548 5058 '°
2572 5027 2859 5082 residentis
2889 5025 2952 5080 V.
2975 5025 3044 5081 E.
3075 5025 3317 5081 residens
3356 5022 3454 5078 Vn.
3513 5023 3553 5064 ³¹
3576 5028 3745 5092 summa

546 5047 771 5107 scriptio
802 5047 863 5089 V.
888 5047 1183 5103 anscrtpuo
1224 5047 1317 5084 vn.
1344 5047 1391 5070 ν
1410 5047 1529 5099 Jam
1558 5047 1782 5081 aetatum
1808 5047 1862 5080 tn
1888 5047 1949 5079 ιι.
2015 5047 2058 5063 π
2089 5047 2362 5108 υρηιηιιιηι
2386 5047 2465 5107 ιι..
2502 5047 2548 5058 ’ν
2572 5047 2859 5107 resrqenus
2894 5047 2952 5108 γ’.
2975 5047 3044 5081 ιι.
3075 5047 3317 5106 resultans
3362 5047 3454 5078 vn.
3513 5047 3553 5064 ··
3576 5047 3745 5104 ψωμι-

546 5103 912 5177 L.V.__Vn.E_I_.
981 5104 1028 5177 ’ξ
1049 5118 1200 5177 papa:
1236 5098 1438 5177 V._Vn.
1608 5097 1655 5177 δέ
1674 5098 1849 5153 donne
1884 5095 1945 5150 V.
1969 5097 2138 5177 donni
2162 5096 2272 5177 γ’ηὲ
2287 5097 2466 5177 domm
2642 5092 2688 5177 ξ’*
2707 5098 2965 5177 johaunts
3008 5095 3069 5153 V.
3095 5095 3416 5167 E.johanne
3442 5109 3568 5148 corr.
3587 5089 3746 5163 johan‘

547 5178 637 5235 nis
680 5175 785 5233 Vn.
857 5174 905 5207 ⁸³
944 5164 1136 5231 anime'
1158 5170 1216 5227 L.
1238 5170 1417 5226 anima
1446 5169 1651 5239 periret
1679 5178 1735 5224 et
1761 5182 1965 5238 pauper
1998 5166 2062 5221 V.
2098 5164 2196 5220 Vn.
2221 5164 2291 5245 Ε.
2337 5196 2339 5198 -
2372 5164 2446 5241 ⁴⁸⁶
2484 5164 2756 5222 Judicium
2776 5165 2840 5221 L.

2041 5277 2273 5335 NOTAE.
