3874 5340
141 311 226 370 με)

1051 306 1269 363 TRIUM
1305 305 1639 364 OTTONUM
1677 304 1990 363 CONSTIT.
2028 306 2307 364 EGCLES.

3237 310 3345 373 850

141 439 387 499 procerum
437 422 730 479 absentiam
761 437 932 494 usque
986 423 1052 478 ad
1091 424 1142 478 id
1198 433 1410 494 tempus
1455 432 1538 477 est
1576 438 1670 478 ex-
1697 429 1747 486 Α
1844 427 1897 479 7.
1926 423 1981 479 Si
2017 425 2138 496 quis
2191 439 2390 495 equum
2422 439 2579 480 suum
2621 425 2704 483 vel
2729 409 2908 483 cetera
2948 426 3204 485 animalia
3229 429 3345 487 sive

141 525 395 589 peclatum,
424 517 565 586 quod
585 516 628 548 "
658 516 1027 587 gloriosissimi
1071 518 1117 552 ³⁸
1153 517 1358 588 augusti
1390 515 1601 572 Ottonis
1623 516 1667 548 "

141 627 218 665 rex
242 607 354 663 Otto
376 607 642 677 gloriosus
676 607 838 672 ﬁlius,
871 618 925 664 et
951 608 1312 664 Chuonradns
1350 595 1690 679 Bnrgnntlite

141 721 215 760 rex
239 702 430 758 Italiam
488 711 861 773 properantes,
911 701 1138 758 Verona:
1190 703 1516 772 colloquium
1548 685 1688 757 cum:

141 795 353 851 omnibus
381 793 545 848 Italia:
572 795 885 865 proceribus
925 793 1247 849 habuerunt.
1278 793 1332 847 ln
1368 795 1466 848 hoc
1491 777 1688 864 itaque

141 904 238 945 cum
263 887 322 942 ab
347 885 596 940 omnibus
641 885 1000 955 imperatoria:
1033 899 1192 939 aures
1222 885 1429 955 magnis
1455 884 1674 954 quaesti-

139 982 220 1036 bus
240 977 588 1049 pulsarentur,
618 985 677 1030 ut
707 985 913 1032 mutata
951 977 1067 1047 lege
1112 976 1353 1031 fraudem
1385 978 1520 1031 hanc
1562 963 1690 1030 tam'

142 1074 278 1129 diram
298 1071 361 1125 ab
384 1068 534 1125 italia
579 1067 809 1133 tolleret,
861 1067 1304 1123 convenientibus
1343 1067 1423 1121 vel
1458 1067 1502 1100 ⁶⁶
1545 1057 1691 1121 ωτι-ι’

142 1163 456 1221 sentientibus
500 1161 731 1226 cunctis,
788 1160 960 1232 legem
1024 1159 1328 1228 hujusmodi
1374 1159 1673 1214 secundum

143 1257 359 1314 inferiora
388 1253 749 1326 promulgavit
770 1252 1003 1324 capitula
1036 1253 1100 1306 “.

198 1353 241 1406 t.
266 1347 318 1405 Si
336 1350 399 1405 de
421 1348 640 1419 praediis
661 1347 705 1378 η
732 1346 1008 1402 contentio
1031 1345 1337 1410 emerserit,
1367 1352 1422 1400 et
1445 1352 1674 1412 utraque

143 1456 242 1513 pars
261 1441 363 1495 sive
392 1439 566 1495 altera
596 1439 761 1494 cartis
797 1453 890 1493 seu
930 1437 1317 1508 scriptionibus
1347 1437 1392 1467 ⁸³
1415 1436 1673 1507 praedium

144 1511 517 1586 sibivendicare
560 1527 812 1592 voluerit,
861 1527 907 1582 si
958 1527 1070 1597 ipse
1123 1527 1212 1596 qui
1244 1537 1451 1582 cartam
1483 1511 1690 1581 falsam.

143 1618 467 1690 appellaverit,
527 1632 622 1687 per
653 1617 697 1648 “
726 1631 960 1688 pugnam
1014 1617 1294 1672 declarare
1341 1616 1591 1681 voluerit,
1617 1624 1676 1670 ut

143 1710 198 1764 ita
217 1709 535 1764 decernatur.
572 1706 666 1762 Sin
707 1706 884 1772 aliter,
910 1707 1202 1762 secundum
1230 1707 1411 1776 priora
1438 1705 1673 1775 capitula

145 1801 488 1856 determinetur
511 1800 774 1856 edicimus
803 1799 936 1871 (i9).

198 1892 242 1946 2.
269 1891 334 1946 De
375 1891 742 1964 mcclesiarum
774 1891 953 1958 rebus,
985 1901 1046 1946 ut
1090 1907 1188 1948 uer
1237 1891 1524 1948 advocatos
1554 1879 1682 1956 ﬁat,

146 1981 350 2036 similiter
361 1979 636 2049 jubcrnus.
1673 1967 1685 1986 ’

195 2073 238 2126 5.
259 2073 324 2128 De
344 2075 663 2129 investitura
685 2074 870 2144 praedii
894 2074 938 2129 si
969 2076 1242 2130 contentio
1271 2073 1454 2142 fuerit,
1482 2072 1674 2130 simili-

148 2174 208 2220 ter
232 2175 279 2220 nt
303 2181 392 2237 per
417 2181 653 2238 pugnam
680 2167 1004 2221 decernatur
1033 2166 1315 2222 edicimus.

197 2257 224 2310 4
253 2259 309 2313 ⁵³.
347 2257 400 2312 Si
449 2260 574 2328 quis
622 2275 719 2330 per
767 2275 826 2314 se
874 2261 1070 2330 ipsum,
1104 2269 1198 2314 aut
1227 2276 1382 2314 suum
1426 2261 1672 2317 nuntium

149 2347 391 2420 quicquam
425 2348 588 2405 alicui
623 2351 950 2421 deposuerit,
983 2361 1040 2405 et
1060 2351 1358 2421 depositum
1382 2352 1676 2422 cupiditate

149 2440 284 2495 victus
323 2433 597 2510 negaverit
647 2441 712 2506 “,
765 2442 808 2497 si
853 2442 1041 2514 viginti
1100 2441 1393 2495 solidorum
1443 2443 1676 2512 pretium

149 2530 294 2597 fuerit,
313 2543 366 2587 ut
391 2533 432 2566 ⁸⁷
469 2549 571 2605 per
595 2549 829 2606 pugnam
881 2536 1084 2590 veritas
1110 2532 1154 2566 ⁸⁸
1177 2534 1500 2590 decernatur
1530 2549 1673 2606 prte-

150 2637 354 2693 cipimus.

200 2715 227 2770 5
243 2718 297 2772 °’.
321 2718 374 2773 Si
393 2719 513 2789 quis
536 2718 734 2774 dixerit
752 2719 893 2790 quod
915 2733 1011 2788 per
1029 2718 1136 2772 vim
1162 2720 1228 2774 de
1247 2719 1448 2790 praedio
1469 2728 1675 2776 cartam

151 2811 275 2867 alicui
320 2811 505 2868 fecerit
534 2813 608 2879 7°,
638 2822 696 2866 ut
725 2827 823 2882 per
844 2809 1080 2883 pugnam
1106 2811 1308 2866 veritas
1352 2811 1679 2866 decernatur

153 2902 388 2959 edlcimus.
1326 2947 1334 2955 .

203 2995 246 3049 6.
269 2997 337 3052 De
360 2996 500 3053 furto
522 3005 621 3052 aut
649 2997 848 3052 scacho
873 2997 942 3063 “,
974 2997 1018 3052 si
1044 2997 1181 3052 ultra
1212 3012 1307 3053 sex
1335 2997 1534 3054 solidos
1562 2997 1680 3052 fue-

152 3086 221 3150 rit,
247 3088 476 3144 similiter
524 3097 588 3144 ut
617 3088 662 3119 "
714 3104 813 3160 per
859 3103 1092 3160 pugnam
1134 3091 1336 3146 veritas
1375 3091 1679 3146 inveniatur

151 3178 466 3250 praecipimus.

1774 538 1887 577 rem
1913 537 2068 576 suam
2107 532 2270 589 super
2298 518 2530 589 aliquem
2556 522 2878 590 reppererit,
2906 509 2962 576 et
2982 521 3097 592 ipse
3133 535 3347 577 waren-

1771 625 1878 671 tem
1924 616 2055 668 dare
2084 628 2141 667 se
2187 611 2404 678 dixerit,
2431 613 2610 667 statim
2633 611 2780 682 juret
2824 621 2882 667 ut
2909 613 2975 667 ad
2998 622 3206 668 certum
3232 627 3347 669 wa-

1771 717 1983 761 rentcm
2009 721 2131 760 eum
2153 704 2440 770 conducat,
2465 713 2519 759 et
2542 718 2702 774 super
2728 704 2775 736 ⁷³
2801 704 3014 758 tertium
3044 712 3343 760 warentem

1771 808 1824 854 et
1851 800 1898 829 τ’
1923 799 2140 853 tertium
2172 799 2482 853 comitatum
2526 813 2631 852 non
2667 799 2945 869 procedat.
2979 798 3044 853 Et
3091 799 3135 854 si
3168 799 3269 854 hoc
3295 797 3346 833 "

1771 887 1954 943 facere
1997 887 2248 953 noluerit,
2302 902 2415 942 rem
2467 888 2680 958 perdat,
2727 897 2782 943 et
2821 888 3115 944 secundum
3173 888 3346 960 legem

1772 988 2080 1050 componat.

1844 1074 1899 1129 8.
1930 1071 2218 1126 Laicorum
2245 1085 2376 1126 vero
2405 1071 2610 1126 nullum
2643 1080 2842 1149 praeter
2870 1073 3095 1128 comites
3115 1073 3162 1105 "'
3185 1073 3236 1128 in
3259 1088 3350 1141 so-

1773 1165 1841 1221 lis
1881 1164 2268 1220 ecclesiasticis
2316 1164 2480 1220 rebus
2525 1163 2903 1220 advocatorem
2951 1165 3149 1220 habere
3177 1164 3348 1220 ullum

1683 1243 1688 1261 ι
1773 1256 2160 1326 permittimus.

1801 1355 1806 1359 ’
1842 1348 1896 1403 9.
1923 1348 2273 1417 Quacumque
2305 1346 2442 1417 lege,
2473 1345 2587 1401 sive
2611 1345 2775 1401 etiam
2819 1343 3088 1407 Romana,
3117 1345 3170 1399 in
3200 1343 3349 1401 omni
3393 1333 3396 1336 ’

1773 1455 1939 1509 regno
1980 1439 2167 1494 Italico
2213 1439 2375 1493 homo
2417 1439 2630 1503 vixerit,
2681 1440 2798 1494 haec
2841 1439 3044 1503 Omnia,
3077 1447 3134 1492 ut
3181 1439 3235 1493 in
3264 1439 3349 1494 his

1774 1530 2026 1600 capitulis
2054 1546 2150 1601 per
2187 1545 2418 1600 pugnam
2447 1529 2806 1594 decrevimus,
2852 1544 3070 1584 servare
3094 1528 3140 1560 "
3163 1529 3350 1599 praeci-

1774 1620 1980 1689 pimus;
2024 1620 2094 1673 ita
2129 1629 2330 1684 tamen,
2364 1630 2423 1673 ut
2449 1620 2495 1673 si
2545 1634 2732 1674 eorum
2773 1634 2940 1673 unum
2984 1618 3352 1689 autjuvenilis

1776 1722 1870 1765 aut
1919 1711 2194 1780 decrepita
2244 1720 2376 1766 (etas
2430 1727 2522 1766 seu
2581 1711 2872 1766 inﬁrmitas
2899 1725 3140 1779 pugnare
3168 1709 3352 1780 prohi-

1699 1791 1748 1852 B
1777 1801 1973 1864 buerit,
2032 1801 2192 1854 liceat
2221 1801 2269 1854 ei
2323 1815 2420 1868 pro
2477 1816 2534 1856 se
2591 1809 2945 1872 pugnatorem
2975 1799 3272 1868 imponere,
3297 1806 3356 1856 et

1776 1894 2003 1946 alterum
2031 1892 2283 1945 similiter
2313 1891 2492 1945 facere
2517 1892 2586 1944 ⁷⁸.

1785 1971 1806 1984 “
1847 1985 1930 2040 10.
1965 1983 2382 2038 AEcclesize"et
2407 1984 2632 2039 comites
2653 2000 2746 2040 seu
2785 1983 2957 2040 vidua:
2981 1983 3101 2039 lites
3125 1995 3250 2036 suas
3285 1980 3353 2036 de

1776 2075 1863 2130 his
1892 2074 1936 2105 ⁸ο
1974 2089 2093 2142 qum
2143 2073 2196 2127 in
2257 2074 2639 2145 suprascriptis
2687 2075 2937 2145 capitulis
2981 2073 3352 2137 continentur,

1776 2180 1872 2237 per
1904 2164 2213 2221 consimiles
2261 2165 2553 2221 advocatos
2582 2167 2624 2198 ⁸¹
2654 2183 2830 2238 pugna
2867 2167 3143 2222 dirimaut.
3175 2163 3355 2219 Ceteri

1777 2258 2025 2314 homines
2071 2267 2264 2312 natura
2296 2259 2474 2324 liberi,
2513 2258 2807 2312 secundum
2859 2257 3027 2326 legem
3067 2255 3355 2326 pristinam

1778 2367 1873 2423 per
1897 2353 2215 2423 semetipsos
2248 2351 2608 2422 respondeant
2634 2360 2687 2405 et
2718 2351 3096 2405 determinent.
3130 2355 3131 2358 “

1851 2443 1939 2498 Μ.
1995 2443 2353 2499 Diaconorum
2387 2485 2401 2509 ,
2456 2443 2914 2514 presbiterorumt,
2968 2440 3351 2510 episcoporum

1780 2536 1937 2602 ﬁlios,
1969 2538 2228 2603 notarios,
2273 2537 2572 2594 sculdasios
2593 2537 2660 2601 ⁸⁸,
2688 2535 2936 2600 comites,
2963 2532 3176 2604 judices
3212 2530 3354 2598 ﬂeri,

1778 2631 2029 2689 omnibus
2059 2631 2232 2687 modis
2260 2631 2306 2663 ⁸³
2328 2631 2691 2702 prohibemus.

1848 2724 2044 2778 Actum
2076 2721 2123 2752 “
2175 2722 2273 2776 sub
2305 2721 2438 2775 urbe
2479 2721 2524 2752 ⁸⁵
2564 2719 2895 2783 Veronense,
2949 2717 3003 2771 in
3029 2717 3075 2749 ⁸⁸
3102 2714 3221 2772 loco
3262 2714 3353 2784 qui

1781 2814 1978 2870 dicitur
2025 2813 2203 2869 insula
2255 2813 2429 2866 sancti
2479 2811 2733 2878 Zenonis,
2773 2810 2806 2863 4
2858 2809 3224 2863 Kalendarum
3248 2805 3349 2860 No-

1680 2952 1688 2958 .
1779 2907 2106 2971 vembrium,
2161 2921 2305 2962 anno
2363 2904 2645 2959 dominicae
2694 2902 3083 2958 incarnationis
3128 2900 3232 2956 967
3281 2899 3352 2966 ⁸⁷,

1781 3000 1992 3070 imperii
2045 2999 2228 3054 domui
2289 2995 2572 3053 Ottonis”
2617 2994 2948 3050 serenissimi
3006 2989 3353 3063 imperatoris

1781 3090 1996 3160 augusti
2051 3099 2227 3153 sexto,
2285 3089 2434 3160 regni
2464 3101 2594 3143 vero
2644 3085 2738 3140 ﬁlii
2765 3083 2880 3153 ejus
2912 3083 3096 3140 domui
3137 3081 3353 3140 Ottonis

1704 3163 1750 3226 ο
1781 3192 1954 3249 sexto,
1982 3183 2242 3238 inditione
2262 3181 2567 3237 undecima.

234 3331 505 3392 OTTONIS
545 3335 764 3394 MAGNI
801 3333 1192 3393 MANDATUM
1239 3333 1326 3390 DE
1361 3333 1990 3394 INTHRONIZATIONE
2035 3333 2550 3393 ARCHIEPISCOPI
2601 3328 3250 3390 MAGDEBURGENSIS.

1421 3448 1542 3521 (An.
1575 3448 1700 3506 968.
1726 3447 2046 3521 Oct-Nov.)

208 3565 414 3621 Exactis
441 3566 794 3622 institutionis
846 3565 1341 3636 archiepiscopatus
1382 3555 1870 3636 Magdebuegensis
1905 3565 2043 3634 apud
2094 3563 2444 3634 Sagittarinm
2484 3561 2815 3636 (v.Boysen,
2862 3563 3047 3636 histor.
3087 3560 3361 3636 Magnam,

157 3633 258 3690 i450.
280 3639 314 3708 ι)
340 3656 366 3691 a
397 3637 705 3708 Boehmeror
724 3645 909 3691 nostro
945 3629 1064 3690 cum
1096 3629 1422 3708 authenticis
1451 3629 1507 3689 et
1533 3651 1654 3708 cum
1690 3629 2077 3708 diplomatario
2117 3629 2242 3708 sic.
2291 3650 2386 3708 xttr
2419 3629 2893 3708 etillatis,'lit_teras
2925 3629 3264 3708 imperatoris
3295 3629 3365 3708 ad

157 3701 364 3778 proceres
393 3707 642 3764 Saxoniu:
678 3707 745 3762 de
786 3707 1164 3761 intronizando
1189 3704 1501 3767 Adalberto,
1544 3706 1720 3778 primo
1747 3701 2640 3778 Elagtleburgensi_arcltieptscopo,
2673 3703 2966 3778 seliginrus,
2995 3706 3113 3756 loco
3142 3701 3365 3770 reliquis

157 3773 264 3854 inter
286 3778 884 3854 diplmnata_assi_gnato.
911 3778 1324 3854 iiutograplnun
1345 3773 1679 3854 _asset_'v:rttrr
1705 3776 1756 3830 in
1781 3773 2059 3854 tabulario
2097 3775 2245 3854 regio
2265 3773 2644 3854 _Bcr0l’tn_ensi;
2673 3773 2877 3854 editum
2909 3784 2991 3854 est
3018 3780 3141 3854 post
3164 3786 3362 3854 conse-

157 3840 406 3918 crationem
432 3840 731 3910 Adalberti,
761 3863 879 3918 qua:
911 3840 1093 3918 Romae
1123 3840 1208 3901 die
1238 3862 1304 3900 xv
1344 3845 1460 3900 Kal.
1495 3845 1628 3901 Nov.
1657 3847 1900 3916 contigit.
1936 3847 2096 3902 Manu
2127 3840 2369 3914 eiusdem
2399 3847 2499 3901 aevi
2531 3844 2845 3901 inscribitur
2878 3860 2892 3897 :
2924 3840 3168 3908 Qualiter
3193 3840 3358 3896 Adal-

157 3917 292 3973 bcrlu:
313 3921 724 3991 arclriepiswpus
755 3917 808 3973 in
836 3917 1176 3985 episcopalem
1197 3918 1370 3970 sedem
1398 3920 1597 3973 primus
1624 3919 1973 3972 intronizatus
1997 3928 2094 3974 est.

209 4032 255 4086 ln
297 4034 500 4089 nomine
542 4042 742 4087 sancta:
799 4039 854 4087 et
907 4029 1194 4084 innlividuae
1231 4028 1533 4084 Trinitatis.
1560 4027 1685 4085 Otto

161 4121 305 4178 divina
333 4126 539 4181 favente
562 4123 847 4180 clementia
879 4123 1174 4192 imperator
1205 4131 1483 4192 angustus,
1507 4122 1683 4175 omni-

159 4210 236 4268 bus
266 4216 497 4273 ﬁdelibus
538 4215 762 4280 nostris,
790 4215 1056 4286 episcopis
1083 4213 1290 4269 scilicet
1315 4222 1369 4268 et
1396 4213 1685 4268 comitibus

161 4309 416 4380 ceterisque
461 4307 1025 4379 comprovincialibus,
1075 4316 1336 4363 aeternam
1375 4307 1430 4362 in
1460 4305 1686 4361 Domino

161 4399 345 4456 salutem
369 4412 421 4459 et
442 4416 604 4459 omne
627 4402 845 4459 bonum.

1859 4029 2122 4095 Quoniam
2175 4036 2520 4100 augmentum
2573 4026 2738 4082 divini
2791 4023 2965 4080 cultus
3019 4022 3247 4079 salutem
3301 4026 3350 4078 el

1787 4130 1987 4176 statum
2017 4136 2136 4176 esse
2166 4122 2330 4200 regni
2364 4119 2447 4175 vel
2490 4118 2699 4190 imperii
2751 4117 2925 4173 nostri
2964 4116 3254 4194 credimus,
3277 4112 3361 4169 id-

1791 4215 1936 4271 circo
1963 4197 2193 4279 cunctis,
2219 4214 2415 4283 quibus
2439 4225 2596 4282 posse
2631 4209 2886 4280 suppetit,
2919 4205 3095 4262 modis
3118 4207 3221 4260 hoc
3244 4218 3362 4258 am-

1789 4308 2032 4378 plificare
2091 4308 2360 4363 tendimus
2389 4314 2446 4361 et
2487 4304 2878 4360 desideramus.
2927 4300 3095 4370 Igitur
3117 4297 3369 4370 Magada—

1791 4399 2046 4470 burgensi
2100 4399 2341 4463 civitate,
2397 4396 2540 4452 sicut
2582 4394 2824 4451 omnium
2877 4399 3184 4448 vestrorum
3216 4387 3371 4444 novit

1409 4518 1497 4573 VA
1507 4517 1641 4573 [ile
1673 4513 2075 4572 LECTIONES.

219 4655 255 4740 _"
286 4673 382 4728 (illo
417 4658 479 4716 V.
515 4660 720 4740 Vn._E._
786 4661 830 4694 ³⁸
868 4659 1238 4740 gloriosissimi
1262 4674 1326 4740 an

1333 4660 1470 4762 gusti
1503 4659 1704 4714 ottonis
1733 4636 1876 4729 regis
1901 4668 2014 4713 otto
2022 4658 2304 4762 |gloriosus
2331 4656 2471 4712 ﬁlius
2498 4672 2634 4710 corr.
2660 4652 3084 4727 gloriosissimus
3113 4649 3376 4716 angustus

1333 4742 1335 4755 ι
1385 4730 1478 4762 mn
1525 4729 1879 4762 manuni“...
1922 4728 1958 4762 ν
2068 4748 2098 4762 ..
2197 4730 2285 4762 son
2329 4729 2534 4762 mumnc
2566 4736 2613 4762 nl
2646 4742 2674 4762 ιι
2740 4725 2777 4762 ν
2833 4723 2911 4762 νη
2968 4721 3023 4762 Ε
3109 4719 3221 4762 δίη.
3245 4714 3373 4762 Otto

167 4733 257 4781 otto
274 4745 358 4804 rex
383 4741 562 4804 et_otto
589 4733 852 4804 gloriosus
872 4728 993 4804 Ejus
1019 4732 1159 4786 [ilius
1177 4731 1240 4785 L.
1315 4728 1499 4804 "scil.
1525 4728 1879 4804 primiglossa
1915 4728 1980 4804 Υ.

2067 4748 2120 4784 n.
2197 4730 2306 4783 ‘°c.
2329 4729 2537 4783 cunctis
2566 4736 2620 4782 et
2646 4714 2696 4780 (Ξῖ
2740 4725 2798 4779 γ.
2833 4723 2933 4779 Vn.
2963 4721 3028 4775 E.
3109 4714 3373 4784 “c.770tl_0

169 4780 1501 4869 acutas;'v'.‘No§'saii"aan’5ai131'gamma
1526 4780 1658 4855 ora
1672 4780 1751 4852 'V'.
1769 4780 1882 4854 va;
1909 4780 1978 4852 E.
2007 4868 2010 4869 ν
2031 4780 2096 4830 ’ἀί
2107 4780 2234 4854 scil.
2261 4780 2482 4854 naua“.
2497 4780 2671 4869 glas...
2694 4794 2756 4849 L.
2835 4795 2881 4826 ⁸³
2907 4796 2985 4848 ita
3008 4792 3072 4869 Α,
3108 4789 3186 4869 ι..
3215 4780 3376 4869 γε’-ξ.

254 4885 372 4944 corr.
400 4871 1338 4944 inscriptionibus)descriptionibus
1377 4869 1477 4944 Vri.
1525 4870 1597 4944 A“
1617 4880 1670 4924 et
1686 4885 1744 4944 _a.
1774 4871 1841 4944 A.
1873 4871 1938 4944 ad
1969 4868 2040 4944 _V.
2074 4869 2180 4944 gn.
2207 4895 2216 4904 ι
2257 4871 2300 4902 ⁸⁸
2325 4859 2621 4924 ιοηά.Ἰιοε
2643 4876 2800 4944 caput
2823 4862 3065 4944 sequenti
3103 4859 3380 4944 ξιξῢλξιξξξξζ

172 4932 206 5013 ’ξ
221 4932 904 5013 convictustlenegaverit'L.
978 4945 1020 4974 ⁵⁷
1039 4932 1174 4997 ἀέεδι
1197 4943 1257 4994 Α.
1296 4941 1360 4996 γ.
1417 4940 1480 5013 λ⁶⁸
1500 4942 1636 4996 deest
1653 4941 1725 5013 7A.
1742 5009 1783 5013 __
1802 4941 1845 5008 ξ’
1868 4940 2041 5013 codex
2064 4940 2172 5013 Ft._
2187 4944 2284 4996 hoc
2312 4932 2725 5013 σαρκί-δέψει(ιί
2749 4932 3034 5013 submittit.

172 5003 221 5058 Α.
247 5009 425 5067 iaceret
461 5012 523 5067 V.
556 5003 773 5070 fecisset
809 5012 907 5068 Vn.
983 5015 1027 5046 τί
1052 5027 1238 5069 scasco
1266 5014 1328 5066 A.
1405 5011 1449 5043 ’⁷³
1473 5014 1612 5067 deest
1640 5012 1701 5066 L.
1742 5005 1836 5067 V.‘
1880 5012 1926 5043 ⁷³
1951 5028 2111 5076 supra
2140 5011 2205 5067 L.
2281 5011 2328 5044 7"
2352 5003 2444 5065 a'ut
2470 5009 2529 5063 L.

3118 4927 3166 4961 τυ
3193 4925 3388 4976 facem

2604 4984 2810 5062 Wire}?
2952 4984 2988 5034 ’⁷
2997 5001 3020 5032 ⁸
3039 4995 3301 5076 comitem
3313 4984 3393 5076 .1;-
