3874 5340
472 230 665 343 es.

1317 267 1611 327 APPEND.
1648 268 1744 325 AD
1786 267 1959 325 S/EC.
2001 267 2072 324 Χ.
2095 296 2163 308 --
2198 263 2628 323 MONUMENTA
2664 262 2942 322 LITURG.
3685 259 3771 318 856

536 385 1185 474 dwvesbyteringntet
1209 400 1409 474 annum
1436 384 1731 458 pontiﬁcis,
1777 400 1899 456 qua:
1931 383 1998 440 de
2030 383 2238 455 integra
2269 378 2670 437 constitutionis
2721 377 2825 434 iide
2873 374 3241 449 suspicionem
3292 370 3534 446 aliquam
3586 388 3775 433 movete

536 455 736 532 possit,
762 455 906 514 haud
934 455 1241 513 ditiitemur.

537 596 732 666 Iitctptt
751 606 1054 654 constitutio
1074 594 1348 651 decretalis
1366 612 1532 651 sacrm
1552 594 1680 667 legis
1707 595 1885 650 damni
1908 593 2115 649 Ottonis
2144 576 2192 636 Α
2220 589 2274 644 in
2303 587 2579 660 proprium
2620 586 2711 656 jus
2738 583 2980 643 ecclesiae
3004 598 3280 651 revocare,
3311 592 3368 640 et
3408 584 3485 639 ita
3529 570 3781 656 ordinare,

965 708 968 713 .
1021 667 1242 739 piissimi
1273 667 1621 738 imperatoris.

562 820 565 823 -
606 782 735 840 Otto
764 781 854 837 Dei
883 780 1061 851 gratia
1088 751 1458 836 Romanorum
1502 758 1800 848 imperator
1835 786 2114 851 angustus,

535 870 845 932 consulibus
874 874 938 907 ¹¹¹
984 870 1207 930 senatus
1235 873 1525 948 populique
1564 872 1793 928 Romani
1825 874 1915 940 ¹¹¹,
1944 873 2119 930 archi-

533 965 802 1038 episcopis
836 964 926 1030 ¹¹³,
960 964 1243 1022 abbatibus
1273 1007 1289 1033 ,
1332 964 1736 1022 marchionihus
1766 1007 1782 1032 ,
1826 966 2118 1022 comitibus

532 1066 587 1113 et
612 1057 824 1113 cunctis
868 1056 1139 1125 iudicibus
1167 1058 1304 1113 intra
1330 1057 1536 1113 Italiam
1574 1058 1885 1114 constitutis
1908 1058 1961 1113 in
1996 1073 2118 1129 per-

530 1159 769 1220 petuum.
802 1148 1199 1222 Comperimus,
1225 1151 1366 1221 quod
1401 1151 1641 1221 episcopi
1684 1159 1740 1206 et
1767 1151 1992 1207 abbates
2020 1166 2114 1206 ec-

530 1240 840 1308 clesiarum,
870 1241 1304 1313 possessionibus
1347 1243 1659 1307 abutantur,
1706 1250 1761 1297 et
1793 1258 1891 1313 per
1916 1243 2116 1313 scripta
2146 1252 2151 1255 '

530 1330 964 1402 quibuscumque
1008 1332 1254 1403 personis
1297 1333 1611 1397 attribuant,
1657 1341 1712 1387 et
1764 1332 1866 1387 hoc
1900 1348 2004 1387 non
2048 1333 2121 1403 ad~

534 1421 823 1477 utilitatem
867 1420 1238 1488 ecclesiarum,
1294 1422 1389 1478 sed
1439 1425 1700 1493 pecuniae,
1744 1423 2020 1480 ailinitatis
2061 1433 2118 1479 et

533 1514 789 1571 amicitia:
817 1530 1000 1571 causa.
1032 1512 1278 1587 Dumque
1319 1531 1505 1571 eorum
1558 1532 1902 1573 successores
1933 1528 1987 1573 et
2012 1502 2116 1588 'pro

532 1605 815 1662 domorum
846 1606 939 1662 Dei
969 1608 1363 1662 restauratione
1386 1624 1450 1663 ac
1470 1623 1569 1677 pro
1590 1608 1665 1663 rei
1687 1609 1915 1677 publica:
1940 1609 2115 1665 otiicio

530 1705 827 1767 nostroque
855 1697 1113 1766 obsequio
1142 1708 1576 1763 commonentur,
1608 1714 1828 1754 suarum
1860 1699 2116 1755 ecclesia—

531 1802 652 1843 rum
689 1788 889 1859 praedia
921 1790 989 1843 ab
1011 1788 1132 1844 aliis
1153 1790 1383 1845 detineri
1404 1799 1720 1856 causantur,
1748 1806 1914 1861 seque
1943 1792 2113 1863 impe-

530 1887 651 1932 rata
704 1893 812 1933 non
861 1893 1021 1949 posse
1075 1881 1359 1950 perﬁcere,
1417 1896 1477 1935 re
1534 1896 1655 1936 vera
1696 1882 2109 1938 demonstrant.

528 1966 764 2024 Proinde
790 1970 915 2040 quia
952 1978 1127 2026 status
1152 1971 1508 2027 ecclesiarum
1536 1973 1628 2027 Dei
1658 1973 1985 2037 annullatur,
2018 1974 2115 2030 no-
2146 1953 2191 2014 Β

529 2065 755 2129 atraque
806 2060 1102 2131 imperialis
1130 2060 1387 2130 maiestas
1425 2078 1530 2117 non
1585 2064 1764 2119 minus
1787 2066 1992 2135 patitur
2019 2068 2106 2122 de-

531 2147 869 2215 trimentum,
897 2149 1022 2205 dum
1050 2151 1249 2206 subditi
1275 2152 1430 2207 nobis
1451 2153 1629 2208 debita
1659 2153 1726 2186 “"
1754 2171 1859 2209 non
1886 2165 2115 2226 possunt

532 2242 791 2298 exhibere
814 2242 1092 2314 obsequia,
1128 2245 1509 2301 constituimus
1537 2255 1593 2301 et
1622 2246 1888 2317 imperiali
1935 2249 2113 2305 edicto

530 2333 937 2401 conﬁrmamus,
962 2346 1020 2392 ut
1043 2337 1223 2392 omnia
1246 2338 1467 2409 scripta,
1497 2340 1610 2394 sive
1635 2340 1680 2394 si
1706 2341 1867 2396 libelli
1897 2320 2113 2399 nomine

530 2423 644 2479 sive
663 2423 708 2479 si
739 2426 1131 2496 cmpbitheusis
1159 2428 1429 2496 prolatum
1460 2428 1641 2494 fuerit,
1670 2431 1812 2499 quod
1844 2430 1912 2486 de
1941 2431 2118 2487 cccle-

527 2513 624 2569 siis
647 2513 742 2570 Dei
763 2515 879 2573 sive
906 2518 1089 2588 aliquo
1124 2520 1283 2574 modo
1312 2520 1449 2575 eiiici
1497 2538 1603 2576 non
1645 2524 1834 2591 possit,
1881 2523 2113 2580 obcunte

528 2611 715 2661 actore
743 2607 920 2672 obeat,
952 2608 1208 2679 solusque
1244 2611 1633 2667 detrimentum
1687 2613 1902 2678 habeat,
1931 2614 2020 2685 qui
2053 2630 2112 2670 se

527 2694 578 2752 ei
602 2696 806 2769 scripto
833 2699 1090 2773 obligavit
1116 2713 1280 2773 atque
1310 2703 1504 2769 vinxit,
1530 2718 1630 2759 nec
1648 2706 1869 2760 omnino
1898 2707 1964 2761 ad
1985 2721 2110 2761 eum

531 2790 900 2863 suprascripta
951 2794 1144 2849 damna
1178 2796 1501 2865 pertineant,
1545 2797 1635 2867 qui
1667 2800 1715 2852 ci
1748 2798 1800 2852 in
1848 2799 2110 2870 regimine

520 2880 817 2961 successit;
848 2883 942 2939 sed
969 2882 1041 2938 sit
1067 2884 1117 2939 ei
1153 2885 1315 2940 libera
1357 2885 1604 2952 facultas,
1647 2888 1827 2942 omnia
1857 2904 1978 2958 quae
2017 2904 2113 2959 per

519 2967 739 3059 libellos
761 2975 846 3032 vel
889 2976 994 3032 alia
1024 2978 1277 3049 qumlibct
1303 2981 1505 3052 scripta
1547 2981 1849 3039 abalienata
1889 2982 2110 3051 fuerint,

2124 738 2129 743 ,
2219 691 2280 736 ιιι
2306 680 2416 735 Deo
2442 688 2496 735 et
2526 679 2682 734 nobis
2702 676 2941 733 debitum
2970 674 3290 747 obsequium
3320 674 3501 731 valeat
3522 672 3775 733 exbibére.

2217 771 2355 828 Nam
2388 788 2523 828 cum
2542 771 2760 844 regibus
2785 779 2841 826 et
2877 769 3297 840 imperatoribus
3322 782 3388 824 ea
3418 784 3543 840 qua:
3571 768 3709 840 regni
3734 780 3777 827 et

2217 866 2429 937 imperii
2460 873 2601 927 sunt,
2645 864 2750 920 nisi
2777 879 2837 920 se
2862 863 3169 918 viventibus
3196 862 3285 927 ιιι,
3322 860 3457 918 dare
3494 875 3602 916 non
3627 862 3777 928 liceat,

2184 1004 2187 1009 .
2217 956 2462 1026 exceptis
2505 954 2773 1021 ecclesiis,
2806 952 3075 1024 quomodo
3103 950 3391 1008 abbatibus
3434 960 3493 1006 et
3537 950 3779 1021 episcopis

2218 1069 2307 1111 res
2334 1053 2690 1109 ecclesiarum
2722 1067 2818 1123 per
2862 1060 3106 1121 tempora
3154 1064 3377 1105 suorum
3420 1046 3778 1104 successorum

2219 1145 2544 1201 distribuere
2581 1144 2776 1200 liceat?
2819 1143 2991 1198 Omne
3023 1142 3223 1212 quippe
3264 1139 3378 1210 jus,
3412 1141 3530 1195 sive
3558 1139 3664 1203 lex,
3690 1140 3782 1195 sire

2217 1236 2490 1307 quodlibet
2508 1236 2789 1305 scriptum.
2815 1234 2897 1290 vel
2915 1233 3159 1305 qumlibet
3184 1231 3543 1301 consuetudo,
3566 1232 3609 1305 si
3623 1241 3781 1287 contra

2215 1330 2458 1386 ecclesia:
2492 1330 2783 1386 utilitatem
2831 1328 3073 1392 fuerint,
3118 1327 3173 1382 in
3225 1326 3441 1382 irritum
3494 1324 3782 1380 deducenda

2217 1432 2372 1487 sunt;
2438 1437 2538 1477 nec
2585 1430 2767 1476 nostra
2817 1420 3144 1478 auctoritate
3196 1417 3783 1485 debenteiirmari,qua

2217 1522 2404 1570 contra
2429 1513 2639 1584 imperii
2665 1521 2939 1567 auctorem
2963 1520 3017 1564 et
3055 1519 3466 1581 propagatorem
3496 1506 3782 1578 probabun-

2218 1615 2305 1660 tur
2338 1604 2547 1661 inferri.
2588 1604 2702 1661 Hoc
2734 1620 2863 1675 ergo
2906 1604 3080 1660 solum
3124 1603 3383 1672 scriptum
3435 1618 3537 1673 pro
3588 1601 3695 1669 lege
3737 1599 3780 1654 is

2219 1695 2414 1750 talibus
2443 1697 2621 1750 causis
2648 1696 2931 1759 habeatur,
2963 1694 3106 1764 quod
3131 1692 3375 1749 ecclesiae
3418 1691 3516 1746 Dei
3548 1692 3711 1762 prosit
3739 1698 3783 1745 et

2217 1787 2366 1842 nullo
2407 1788 2566 1842 modo
2602 1786 2795 1842 obesse
2842 1787 3031 1856 possit.
3062 1786 3215 1853 Quod
3266 1786 3310 1840 si
3364 1785 3567 1855 aliquis
3617 1792 3782 1839 contra

2216 1883 2357 1937 hanc
2372 1881 2814 1937 constitutionem
2831 1887 3071 1935 nostram
3097 1880 3176 1934 ire
3195 1879 3506 1945 tentaverit,
3526 1887 3779 1948 tamquam

2220 1975 2435 2030 rebellis
2455 1973 2749 2042 judieetur,
2786 1980 2841 2026 ct
2897 1972 2968 2026 sit
3023 1972 3072 2027 ei
3120 1971 3408 2025 anathema
3463 1968 3781 2033 maranatha,

2221 2066 2326 2121 nisi
2374 2065 2714 2136 resipiscat,
2766 2063 2834 2119 ab
2890 2064 3158 2119 universis
3207 2062 3478 2133 episcopis
3537 2061 3633 2131 qui
3679 2058 3782 2115 huic

2222 2159 2433 2230 imperii
2480 2158 2650 2215 nostri
2700 2157 2876 2212 edicto
2923 2156 3362 2225 subscripserunt
3391 2154 3476 2209 vel
3527 2166 3781 2208 assensum

2221 2250 2588 2323 praebuerunt,
2626 2248 2739 2305 sive
2768 2247 3086 2319 prmsbyteri
3118 2255 3265 2301 sunt.
3297 2245 3488 2301 Amen.

2289 2345 2483 2399 Actum
2520 2343 2587 2375 ¹¹⁶
2618 2342 2684 2397 l2
2738 2341 3009 2396 Kalendas
3052 2338 3340 2403 Octobris,
3397 2335 3688 2392 indictione
3727 2333 3783 2389 Β

2222 2455 2365 2495 anno
2409 2438 2443 2492 5
2489 2438 2670 2493 domni
2731 2434 2975 2506 Gregorii
3026 2432 3198 2504 quinti
3243 2444 3396 2503 papae
3440 2428 3780 2501 pontiﬁcatus,

2219 2529 2559 2600 promulgata
2602 2544 2697 2599 per
2724 2541 2915 2582 manus
2948 2520 3200 2582 Gerberti
3229 2529 3433 2576 sanctae
3468 2515 3776 2573 Ravennatis

2217 2620 2463 2676 ecclesiae
2509 2616 2921 2689 archiepiscopi,
2970 2616 3023 2670 in
3072 2629 3136 2669 ea
3174 2611 3382 2684 synodo
3427 2612 3481 2664 in
3529 2623 3633 2678 qua
3682 2604 3777 2661 lle-

2218 2712 2513 2768 diolanensi
2542 2712 2793 2781 episcopo
2822 2707 3050 2763 Arnuifo
3081 2704 3300 2761 nomine.
3353 2713 3610 2774 papatum
3651 2698 3777 2754 abls-

2218 2813 2331 2860 tum
2356 2813 2462 2869 est,
2487 2805 2539 2859 in
2573 2804 2791 2858 basilica
2816 2801 2956 2857 benti
2987 2800 3133 2855 Petri
3162 2814 3282 2870 quae
3324 2805 3553 2853 vocatur
3578 2795 3644 2850 ad
3679 2792 3781 2850 Cc-

2218 2895 2330 2949 lum
2351 2910 2606 2959 aureum;
2639 2902 2694 2949 et
2722 2892 3156 2962 subscripserunt
3180 2902 3371 2945 omnes
3395 2887 3491 2959 qui
3519 2887 3779 2943 adfuerunt

2220 2986 2479 3057 episcopi.

1854 3098 2096 3181 vitam.
2126 3097 2534 3156 LECTIONES.

524 3202 676 3328 -ωίὲί
701 3218 752 3260 c.
776 3218 824 3260 s.
855 3219 910 3275 p.
950 3220 998 3260 ι’.
1024 3207 1211 3262 desunt
1245 3209 1386 3278 apud
1408 3172 1692 3291 Lapbenm.
1772 3212 1839 3243 ¹¹⁹
1870 3210 1978 3283 lege
2005 3176 2215 3297 senatui
2240 3212 2542 3296 populoque
2571 3226 2814 3267 romano.
2893 3209 2960 3241 ¹¹³
2984 3209 3177 3264 excidit
3202 3209 3313 3291 sine
3326 3205 3774 3332 dubiaepisctﬁ.

666 3285 772 3330 eest
799 3277 940 3332 apud
963 3276 1105 3332 Mur.
1137 3277 1222 3332 II.
1254 3279 1301 3331 ὁ.
1384 3279 1450 3313 ¹¹⁸
1482 3290 1555 3332 tta
1583 3279 1725 3332 Mur.
1756 3281 1840 3332 II.
1869 3299 1920 3332 υ.
1943 3282 2068 3332 207.
2101 3300 2202 3332 nISI
2233 3285 2595 3332 servmnlilms
2622 3281 2767 3332 Mur.
2799 3279 2885 3332 II.
2930 3280 2981 3332 ὸ.
3060 3280 3127 3312 ¹¹⁶
3166 3279 3359 3332 erudit
3390 3278 3585 3332 thmt.
3620 3276 3665 3332 Π
3757 3313 3772 3330 ο

666 3285 772 3330 eest
799 3277 940 3347 apud
963 3276 1105 3332 Mur.
1137 3277 1222 3332 II.
1254 3276 1301 3331 bV.
1384 3279 1450 3313 ¹¹⁸
1482 3282 1555 3334 ita
1583 3279 1725 3336 Mur.
1755 3281 1840 3337 II.
1868 3276 2068 3352 12:207.
2101 3284 2204 3339 nisi
2233 3276 2595 3340 servient-ibus
2622 3281 2767 3337 Mur.
2798 3279 2885 3335 ΙΙ.
2930 3280 2981 3335 b.
3060 3280 3127 3312 “'
3166 3279 3359 3335 excidit
3390 3276 3585 3334 Ticini.
3620 3276 3772 3332 ιω.

514 3902 521 3911 ε
702 3671 776 3733 ω
903 3583 3367 3953 ΜοΝυιιΕΝιψφυιιθιαΑ.

1224 4008 1984 4171 nmmo!
2051 3998 3128 4170 DENZINGEB

1094 4290 1159 4334 IN
1224 4290 1684 4336 UNIVERSITATE
1753 4291 2273 4337 WIRCEBURGENSX
2343 4270 3237 4343 Τηεοιοθιλςίηιογεεεοιιιε,

942 4461 1124 4575 DE
1237 4462 1706 4651 Mlssts
1816 4462 2661 4578 GALLICANIS
2758 4460 3408 4578 UNDECIM
3500 4552 3503 4555 .

1762 4689 1816 4750 Α
1860 4689 1939 4752 cl.
1985 4666 2178 4749 Mona
2221 4684 2491 4750 detectis

1338 4865 2247 4971 DISOUISITIO
2317 4864 2928 4961 CRITICA.

552 3422 1697 3457 ==—-—______————:_——-—-——_—___

622 5174 759 5246 Cum
809 5186 987 5245 nuper
1022 5173 1115 5246 .vir
1162 5172 1218 5229 in
1269 5186 1330 5229 re
1375 5171 2173 5246 diplomatiea_versatissimus
2225 5169 2552 5246 Franciscus
2600 5166 2868 5246 {osephus
2908 5163 3083 5246 Mone,
3108 5162 3373 5246 archivio,
3404 5161 3572 5236 Magni

503 5231 853 5303 ‘Badtmsium
887 5231 1212 5314 'praat'ectus,
1257 5231 1577 5314 rescriptum
1631 5242 1873 5325 codicem
1899 5240 2438 5336 Alfeichenaviensem
2482 5237 2559 5310 (i)
2607 5231 3050 5314 bibliothecaghin
3103 5235 3394 5314 Carl_srn_he
3435 5231 3752 5314 perquirens
