3902 5334
97 274 174 336 865

97 384 322 458 bonam)
361 379 447 452 qui
477 376 628 434 uiues
662 383 716 432 et
745 389 938 448 regnas
984 387 1106 428 cum
1137 380 1292 442 patre
1327 378 1380 423 et
1409 367 1602 439 spiritu
1632 371 1680 429 Α

99 490 244 542 sancto
267 478 313 532 in
340 471 509 530 secula
533 469 860 525 seculorum.
893 480 1071 521 atncn.

149 574 258 641 (post
290 559 735 629 communionem.)
782 557 1010 628 Spirita-
1043 555 1052 627 |
1085 555 1120 608 li
1149 570 1273 610 esca
1304 555 1608 622 haustuque

68 659 274 744 (recreati
299 656 405 728 (23)
426 653 841 722 omnipotentem
871 649 1026 704 deum
1053 655 1259 717 patrem
1287 646 1464 701 debita
1485 661 1610 716 gra-

103 759 249 813 tiarum
285 749 485 805 actione
523 760 843 801 ueneremur
885 759 981 814 per
1030 741 1306 798 dominum
1366 749 1609 794 nostrum

102 847 269 902 Jhesum
293 839 556 896 Christum
590 835 753 889 [ilium
778 835 941 889 "suum
977 832 1248 886 uiuentem
1278 841 1613 885 manentem-

104 952 178 1009 que
215 947 377 990 secum
430 945 550 986 cum
596 927 794 997 ‘spiritu
835 935 1024 982 sancto
1052 925 1104 980 in
1150 933 1372 979 aeterna
1397 921 1611 978 saecula

103 1027 395 1086 saeculorum.
434 1032 611 1076 amen.

151 1113 408 1188 (rollectio.)
431 1112 635 1166 Exaudi
683 1125 780 1167 nos
809 1111 951 1166 Deus
987 1119 1141 1180 pater
1172 1107 1513 1177 omnipotens
1557 1114 1613 1160 et

104 1216 266 1281 praesta
282 1220 409 1276 qttae
431 1204 663 1275 petimus
685 1218 780 1273 per
800 1203 1073 1258 dominum
1097 1201 1316 1256 .Ihesum
1341 1201 1613 1255 Christum

104 1302 228 1356 ﬁlium
257 1308 391 1353 tuum
435 1297 526 1367 qui
574 1297 722 1352 uiuet
750 1295 863 1366 (24)
905 1305 1094 1366 regnat
1141 1297 1272 1350 deus
1315 1296 1367 1348 in
1399 1293 1614 1348 saecula

105 1392 344 1448 seculorum
368 1389 498 1462 (25).

153 1482 462 1555 (benedictio.)
485 1480 572 1536 Sit
594 1481 809 1537 domine
845 1481 1132 1537 mescratio
1156 1490 1245 1535 tua
1266 1480 1424 1551 digna
1451 1481 1612 1536 mise-

106 1575 282 1632 ricordia
320 1589 420 1629 uox
445 1583 724 1643 petentuut
763 1584 994 1630 cunctus
1032 1574 1145 1645 ('26)
1179 1574 1188 1644 |
1222 1573 1520 1642 respiciens
1553 1571 1616 1641 jn

105 1666 292 1738 singulas
338 1681 439 1720 non
487 1660 736 1737 repelles.
779 1655 882 1722 hoc
931 1665 1174 1722 uotiuum
1209 1666 1364 1720 nobis
1393 1665 1612 1721 faciens.

106 1759 207 1829 quod
238 1759 586 1814 necessarium
625 1761 752 1814 esse
800 1773 1119 1830 cognusces.
1174 1772 1241 1812 ne
1270 1758 1401 1812 aliut
1430 1766 1616 1813 nostra
1650 1741 1695 1802 Β

107 1848 451 1919 intemperantia
498 1849 716 1904 studeat
763 1858 965 1919 petere.
1006 1863 1167 1920 quam
1218 1856 1306 1902 tua
1352 1848 1621 1918 praesciat

106 1941 290 2012 potentia
312 1941 624 1998 conuenire.
659 1957 712 2012 p.
746 1941 801 1996 d.

584 2054 588 2058 -
635 2031 886 2104 (mssa
927 2033 1016 2102 ιι.)

157 2123 411 2195 (σοιιεειὶο.)
440 2125 608 2180 Deum
632 2123 868 2181 ﬁdelium
892 2125 1242 2191 saluatorem,
1273 2131 1622 2180 conseruate-

110 2233 277 2288 remque
315 2218 666 2274 credentium.
716 2219 875 2273 deum
930 2228 1169 2273 aeterne.
1221 2218 1623 2272 inmortalitatis

111 2317 342 2362 auctorem.
397 2307 595 2364 fratres
645 2308 1005 2365 dilectissimi.
1056 2309 1404 2363 unianimitcr
1453 2308 1624 2362 donti-

111 2416 201 2453 num
224 2401 604 2471 depraecemur.
631 2410 689 2455 ttt
718 2402 872 2457 nobis
899 2402 1116 2473 pietatis
1142 2417 1272 2456 suae
1302 2403 1443 2456 dono
1466 2401 1624 2472 spiri-

115 2492 175 2544 tali
200 2492 207 2560 |
232 2493 637 2548 miscricordiam
663 2493 1037 2548 indeilcieuter
1067 2492 1348 2563 imperciat
1375 2507 1428 2562 p.
1462 2493 1515 2546 d.

163 2584 372 2652 (collectio
405 2596 524 2640 ante
557 2586 816 2658 nomina.)
850 2587 989 2642 Deus
1021 2587 1114 2657 qui
1166 2602 1262 2657 pro
1302 2585 1626 2657 magnitudi-

115 2690 200 2730 nem
221 2686 343 2732 tuam
363 2695 454 2748 per
484 2680 738 2734 uniuersa
755 2678 1082 2735 detiunderis
1108 2688 1162 2734 et
1193 2679 1279 2734 tibi
1310 2679 1422 2751 (9.7)
1447 2689 1624 2735 tamen

116 2778 218 2824 totus
255 2772 473 2827 adsistis.
530 2773 820 2828 discriteus
871 2773 984 2844 (28)
1031 2773 1272 2828 omnium
1333 2772 1627 2828 uoluntatis

115 2859 407 2926 qualilatebus
434 2862 572 2918 locis
605 2863 934 2934 temporibus
962 2863 1138 2933 adque
1166 2863 1432 2942 personis.
1475 2873 1628 2919 uoto-

115 2962 197 3000 rum
233 2952 449 3006 omnium
511 2968 706 3023 capax.
759 2954 1089 3024 propiciatus
1139 2954 1355 3008 exaudi.
1387 2955 1511 3008 duttt
1560 2955 1626 3010 ad

115 3052 287 3098 cunctus
311 3044 546 3116 adSpices
573 3046 725 3100 foues
748 3046 859 3116 (29)
885 3046 1146 3101 omnebus
1171 3047 1463 3102 misereris.
1493 3063 1544 3118 p.
1572 3048 1624 3104 d.

165 3130 268 3199 (post
289 3135 532 3206 nomina.)
559 3135 807 3191 Recitata
833 3137 1046 3192 nomina
1077 3137 1325 3194 dominus
1347 3138 1630 3194 benedicat

115 3230 314 3295 etacccp-
345 3227 356 3297 |
388 3236 437 3282 ta
467 3228 539 3283 sit
562 3228 781 3284 dontino
801 3231 876 3284 uti
903 3229 1060 3284 huius
1080 3229 1300 3286 oblatio.
1327 3231 1632 3302 nostrisque

115 3318 351 3383 praecehus
376 3319 696 3375 intercessio
721 3320 1063 3393 suffragetur.
1093 3320 1372 3391 spiritibus
1419 3336 1634 3392 quoque

115 3401 333 3462 hrorum‘
355 3419 664 3466 nostrorum
716 3412 869 3467 laetis
913 3413 1130 3469 sedibus
1158 3413 1550 3483 conquiiscant.
1580 3422 1635 3469 et

114 3495 232 3562 primi
286 3493 410 3572 (30)
450 3493 875 3560 resurrectionis
944 3504 1139 3576 gaudia
1208 3513 1631 3574 consequantur.

114 3602 153 3656 ι).
177 3590 217 3644 d.
236 3584 332 3648 nm.

167 3683 237 3751 (ad
249 3687 451 3759 pacem.)
474 3688 685 3744 Exaudi
712 3706 810 3746 nos
837 3691 966 3746 deus
991 3690 1257 3747 salutares
1285 3692 1395 3763 (3|)
1429 3701 1630 3748 noster.

118 3772 214 3828 etin
233 3781 488 3836 consortio
516 3798 617 3837 nos
649 3783 954 3838 diuinorum
991 3785 1380 3840 sacriﬁciorum
1412 3786 1638 3854 (lignan-

119 3870 180 3920 ter
198 3869 415 3928 admitte.
467 3876 572 3931 hac
594 3876 707 3947 (32)
735 3867 922 3947 pacem
954 3886 1096 3932 tuam
1126 3878 1389 3949 benignus
1417 3877 1634 3950 largire.

119 3972 158 4026 ι).
177 3963 217 4017 d.

172 4053 504 4134 (commotio)
559 4064 785 4137 Dignum
845 4074 900 4122 et
963 4066 1160 4120 iustum
1199 4074 1300 4120 est.
1341 4081 1538 4135 cqumn
1585 4073 1639 4120 et

123 4142 275 4204 iustum
315 4163 393 4209 est
447 4165 505 4210 ut
551 4165 600 4212 te
650 4167 837 4213 sancte
882 4166 1038 4227 pater
1068 4156 1416 4228 Omnipotens
1439 4167 1640 4214 aeterne

171 4282 561 4366 (22)}!abillon,
601 4294 722 4359 19‘2,
774 4295 937 4348 libera
979 4311 1071 4366 nos
1116 4295 1354 4366 abomui
1390 4293 1548 4358 malo,
1591 4305 1640 4348 et

123 4359 279 4435 custodi
297 4374 381 4413 nos
407 4363 458 4415 in
491 4367 641 4435 (omni
667 4382 818 4435 opere
845 4366 995 4418 bono.
1023 4365 1082 4418 P.
1118 4361 1246 4435 189.:
1272 4365 1432 4418 libera
1469 4382 1560 4418 nos
1607 4383 1640 4418 a

123 4422 235 4521 3:13.
259 4434 522 4521 {custodi
548 4451 639 4521 nos
657 4422 722 4521 (gi.
766 4437 920 4521 ρωπρέ
958 4435 1039 4489 Ct“.
1068 4451 1158 4521 pp.
1191 4434 1294 4521 9.94
1314 4477 1327 4499 ,
1367 4435 1470 4488 297
1500 4436 1640 4521 (Jon—

123 4501 254 4582 ξίξιυξ-
278 4503 489 4582 ἓψοξοξςή.
509 4520 626 4570 Vlll,
657 4505 689 4560 8
717 4521 731 4559 2
763 4507 1034 4582 Δεηθῶμεν.
1065 4501 1204 4582 δήῳς
1231 4509 1638 4582 ἀποᾳῖραφένῖες

123 4573 198 4682 ﬁt?!
219 4573 342 4654 {mea
360 4573 607 4657 ὰθέμρῖφ,
634 4573 1059 4657 προσοικειώβῶσι
1082 4579 1227 4651 πάσῃ
1249 4573 1427 4653 πρόιξεί
1455 4573 1635 4659 ἇγᾳθῇ.

166 4650 248 4716 Issa
280 4639 332 4716 δε
372 4641 550 4700 Bastltt
583 4663 667 4716 ap.
697 4647 856 4708 Guar,
893 4647 1000 4702 Ιὶιι.
1030 4648 1222 4702 Graec.
1252 4662 1303 4715 p.
1340 4649 1478 4701 M8:
1531 4650 1639 4704 Λπό

127 4708 277 4769 παντὸς
302 4708 332 4769 ἦ

1673 4479 1718 4538 ι)

128 4717 277 4792 πξιντρσ
300 4717 441 4844 ῗὶγου
468 4725 683 4793 πονηροῦ
722 4719 1037 4776 ἀπὸστησον.
1062 4722 1214 4775 παντὶ
1253 4718 1306 4776 δέ
1335 4717 1476 4794 ἕρνιῷ
1506 4721 1637 4794 ἀγα-

128 4772 177 4841 θφ
193 4796 297 4830 τινα
339 4805 404 4838 ον.
433 4785 508 4841 Ex
534 4787 699 4844 Enist.
732 4789 796 4842 ad
831 4789 1007 4842 Titum
1042 4805 1125 4844 tu.
1163 4790 1211 4842 1.

157 4805 297 4841 eum
339 4805 404 4838 ον.
434 4805 508 4841 ω
534 4805 699 4858 mpm.
732 4805 796 4842 aa
832 4805 1007 4842 tuum
1042 4805 1125 4854 ιη,
1163 4805 1211 4842 t.

157 4845 270 4932 “(35)
298 4805 563 4932 ilabillon,
596 4859 723 4932 190,
755 4858 948 4932 cwlesli
987 4860 1364 4932 cibogpotuque
1396 4863 1637 4916 recreati.

129 4909 220 5001 ξιξ,
244 4909 399 5001 in...
425 4909 821 5001 ρρἰὲὲιᾶιῖἓὶὁᾶ
838 4909 1121 5001 sum...
1138 4909 1358 5000 3.31:;
1390 4909 1638 5001 eius};

212 4993 548 5069 ._§t)i_ritalibus
573 5002 702 5069 pasti
739 4998 924 5068 epulis.

302 5063 388 5120 Est
431 5056 636 5148 tempus
675 5056 948 5143 praisens,
983 5071 1130 5128 εἱειιῑΔ
1148 5079 1204 5128 et
1230 5073 1391 5140 vives,
1415 5072 1480 5127 ad
1526 5089 1644 5130 mo-

1088 251 1318 310 MISSIE
1356 244 1771 309 GALLICANIE
1808 241 2134 301 UNDECIM.

1709 366 1860 422 deus.
1893 362 2144 418 omnibus
2192 358 2341 416 locis.
2389 355 2749 429 omnibusque
2796 355 3148 428 temporibus.
3189 365 3289 431 per

1707 459 1887 514 omnia
1937 439 2212 512 (momenta
2261 468 2604 508 uerterentur.
2639 452 2729 506 tibi
2783 450 3052 524 supplices
3096 452 3284 510 simus.

1709 550 1807 606 tibi
1833 549 2140 606 deferamus
2161 547 2370 616 praecis
2399 545 2534 615 (33),
2569 556 2619 599 te
2647 545 2769 599 totis
2791 544 2981 599 Stotliis
3003 554 3058 600 et
3085 543 3292 601 effecti-

1709 642 1810 696 bus
1835 640 1949 711 (54)
1972 637 2277 693 adoremus.
2311 637 2440 691 deus
2467 637 2558 707 qui
2591 636 2726 690 ultra
2763 635 3011 690 omnibus
3041 635 3152 705 (33))
3177 634 3287 688 uir-

1711 733 1864 788 tutis.
1898 731 2039 785 ultra
2085 729 2263 784 omnis
2305 743 2364 783 es
2408 728 2709 798 potestatis.
2737 729 2871 780 dcux
2912 726 3288 781 uniuersorum

1712 824 1931 880 arbiter.
1957 821 2120 893 judex
2151 828 2504 875 secretorum.
2535 835 2691 888 quem
2716 817 2844 873 caeli
2869 827 2924 873 et
2950 827 3112 874 terra.
3130 830 3290 886 quem

1712 913 1886 986 angeli
1920 915 1930 982 ι
1963 922 2017 967 et
2046 911 2382 982 archangeli.
2410 925 2569 981 quem
2601 909 2778 963 throni
2807 918 2859 964 et
2883 907 3287 963 dominationis.

1712 1020 1872 1076 quem
1903 1001 2186 1058 cherubin.
2219 1009 2272 1055 et
2319 1000 2532 1054 seratin.
2567 999 2871 1054 incessabili
2913 1013 3047 1055 uoce
3076 995 3295 1068 procla-

1714 1109 1866 1154 mant
1897 1101 2157 1158 dicentes.
2187 1093 2285 1158 SS.
2492 1085 2596 1154 SS“.

1788 1213 2161 1284 (contestatio.)
2188 1213 2416 1284 Dignum
2442 1221 2496 1268 et
2519 1213 2718 1266 iustum
2739 1221 2842 1267 est.
2869 1228 2968 1267 nos
2986 1211 3077 1268 tibi
3095 1210 3298 1283 gratias

1717 1319 1879 1374 agere
1917 1305 2135 1360 domine
2173 1306 2304 1360 deus
2350 1322 2446 1376 per
2477 1297 2612 1376 Xpﬁ
2651 1295 2771 1361 1Ιῆ
2805 1305 2971 1360 tilium
3005 1314 3170 1358 tuum.
3206 1300 3298 1372 qui

1715 1412 1840 1452 cum
1863 1397 1997 1451 deus
2020 1406 2164 1452 esset
2181 1406 2458 1452 aeternus.
2483 1397 2642 1452 homo
2662 1396 2777 1452 ﬁeri
2801 1412 2898 1467 pro
2920 1404 3103 1452 nostra
3126 1394 3300 1449 salute

1717 1484 1972 1556 dignatus
2002 1496 2102 1540 est.
2129 1485 2173 1541 Ο
2205 1488 2362 1541 unice
2402 1487 2696 1558 singulare.
2735 1495 2791 1540 et
2816 1486 3094 1557 multiplex
3123 1484 3303 1542 salua-

1721 1576 1856 1630 toris
1891 1576 2062 1630 nostri
2094 1577 2432 1647 mysterium.
2465 1594 2586 1631 nam
2630 1594 2770 1633 unus
2802 1578 3051 1647 idemque
3089 1585 3146 1632 ct
3170 1578 3304 1632 deus

1724 1681 1967 1721 summus
1999 1676 2054 1721 et
2094 1665 2257 1720 homo
2281 1665 2571 1736 perfectus,
2609 1667 2616 1735 |
2649 1677 2701 1722 et
2738 1666 2980 1738 pontifex
3010 1668 3302 1722 maximus.

1722 1767 1777 1812 et
1800 1759 2051 1814 sacrificii
2085 1761 2536 1815 sacratissimum.
2566 1760 2860 1815 secundum
2912 1760 3154 1815 diuinam
3211 1743 3306 1830 po-

1721 1849 1948 1903 tentiam
1979 1850 2185 1904 creauit
2211 1850 2412 1904 omnia.
2444 1857 2738 1905 secundum
2780 1850 3066 1906 humanam
3117 1849 3305 1906 conti—

1722 1939 1921 1994 tiouem
1947 1939 2194 1995 liberabit
2223 1940 2334 2012 (36)
2359 1941 2655 1996 hominem.
2681 1925 2977 1996 secundum
3009 1941 3117 1996 uim
3141 1939 3310 1996 sacri-

1721 2028 1832 2084 ﬁcii
1863 2031 2103 2100 expiauit
2131 2031 2539 2086 conmaculatus
2589 2031 2724 2103 (37).
2767 2031 3062 2086 secundum
3088 2031 3178 2101 jus
3224 2045 3312 2095 sa-

1722 2123 1953 2180 cerdocii
1981 2125 2350 2180 reconciliauit
2370 2125 2629 2180 offensus.
2647 2124 2692 2180 Ο
2717 2139 2873 2179 umce
2900 2121 3306 2194 redemptionis.

1723 2221 2045 2292 mysterium
2095 2220 2388 2292 singulare.
2429 2221 2480 2275 itt
2529 2235 2636 2291 quo
2680 2229 2891 2275 uetusta
2925 2219 3012 2274 illa
3060 2218 3306 2276 uulnera.

1725 2327 1862 2367 nova
1881 2309 2102 2366 domino
2124 2310 2235 2382 (38)
2267 2311 2533 2367 medicina
2563 2311 2794 2366 sanauit.
2825 2320 2877 2365 et
2900 2308 3310 2381 primiltominis

1725 2404 2004 2474 praeiudi-
2038 2404 2046 2473 ί
2079 2405 2185 2458 cia.
2219 2403 2484 2458 salutares
2519 2404 2686 2458 nostri
2725 2402 3042 2473 praeuiligia
3075 2400 3311 2456 rescide-

1726 2503 1853 2547 runt
1899 2493 1988 2548 ille
2043 2494 2518 2563 concupiscentiae
2563 2493 2869 2565 exagitatus
2931 2491 3178 2549 stimolis.
3224 2491 3312 2548 hic

1725 2586 2116 2651 oboedientiae,
2151 2587 2397 2643 confixus
2451 2596 2535 2643 est
2583 2587 2773 2642 clauis.
2810 2585 2896 2642 ille
2947 2587 3015 2642 ad
3059 2587 3312 2640 arborem
3371 2603 3376 2606 ·

1728 2695 1923 2734 manus
1975 2679 2371 2735 incontinenter
2413 2679 2676 2735 extendit.
2711 2681 2814 2736 iste
2853 2681 2919 2736 ad
2951 2695 3164 2735 crucem
3214 2694 3314 2750 pa-

1729 2775 1938 2829 cieuter
1962 2773 2185 2828 abtauit.
2221 2773 2310 2830 ille
2336 2774 2611 2844 uoluptate
2639 2774 2887 2830 iulecitus
2916 2783 3103 2846 gustus
3128 2771 3313 2844 exple-

1728 2867 1827 2922 bit.
1859 2867 1958 2922 iste
2009 2867 2252 2922 cruciatu
2287 2865 2525 2922 iudebite
2570 2866 2925 2940 dolores'(39)
2952 2865 3182 2921 amictus
3211 2871 3313 2918 est.

1732 2959 1852 3014 ideo
1885 2959 2078 3014 merito
2129 2975 2298 3030 poena
2353 2959 2694 3014 innocentiae
2740 2959 2881 3014 facta
2931 2955 3318 3027 est‘absolutio

1733 3049 2173 3119 debetorcsjure.
2201 3050 2399 3105 ctenim
2431 3049 2646 3105 obnoxii
2677 3050 3033 3105 demittuntur
3067 3045 3245 3103 debita
3277 3045 3289 3117 |

1735 3156 1874 3212 quae
1917 3158 2014 3212 pro
2055 3143 2136 3197 eis
2168 3141 2256 3196 ille
2300 3141 2390 3211 qui
2422 3141 2556 3196 nihil
2607 3127 2839 3197 habebat
2891 3139 3140 3196 absoluit.
3175 3137 3319 3210 quod

1737 3233 2014 3305 singulare
2055 3234 2380 3306 mystirium.
2413 3250 2518 3298 non
2565 3233 2737 3289 solum
2769 3233 3016 3289 homines
3052 3232 3105 3286 in
3136 3230 3318 3288 terris.
3399 3230 3410 3241 “

1736 3341 1925 3381 uerum
1991 3328 2176 3382 etiam.
2245 3327 2418 3398 angeli
2483 3322 2814 3383 uenerantur
2870 3328 2925 3383 in
2992 3326 3178 3383 caelis.
3235 3323 3321 3384 cui

1737 3436 1824 3476 tne
1849 3420 1983 3490 (40).

1809 3512 1943 3584 (post
1980 3514 2241 3582 sanctus.)
2287 3513 2426 3569 Uere
2455 3523 2696 3568 Sanctus.
2726 3529 2853 3569 uere
2881 3513 3198 3569 benedictus
3226 3512 3322 3568 do-

1739 3608 1919 3664 minus
1957 3619 2139 3664 noster
2162 3607 2259 3663 Jhs
2281 3599 2557 3678 Xp_sfilius
2591 3616 2712 3660 tuus
2737 3605 2870 3676 (41).
2900 3605 2989 3675 qtti
3015 3604 3210 3674 pridie.
3292 3655 3297 3662 .

1725 3757 1727 3760 .
1812 3700 1946 3772 (post
1973 3699 2319 3771 mysterium.)
2348 3698 2558 3753 Domini
2591 3713 2654 3752 ac
2683 3697 2766 3751 dei
2800 3697 2966 3751 nostri
2993 3694 3322 3765 scmpeterni

1739 3785 1963 3856 gloriam
2015 3787 2422 3855 depraecemur.
2470 3782 2681 3837 orantis
2729 3779 2840 3850 (4'2)
2875 3780 2949 3834 uti
2985 3781 3088 3834 hoc
3117 3779 3324 3834 sacrifl-

1740 3877 1882 3932 cium
1909 3888 1994 3930 tua
2018 3875 2411 3931 benedictione.
2458 3873 2768 3928 benedictas
2792 3880 2844 3927 ct
2891 3871 3060 3926 sancti
3101 3865 3324 3940 spiritus

1741 3971 1818 4026 tui
1853 3986 1972 4025 rore
1995 3969 2308 4041 perfundas.
2337 3979 2397 4024 ut
2438 3967 2830 4038 accipientibus
2865 3965 3154 4020 uniuersis.
3187 3963 3324 4032 legi-

1743 4060 1871 4116 tiuta
1905 4063 1974 4117 sit
2000 4061 2338 4117 eucharestia
2361 4060 2471 4132 (45)
2506 4076 2600 4130 per
2624 4047 2761 4114 ιιιῆῑ
2791 4049 2930 4129 Xpnt
2961 4058 3130 4114 filium
3173 4057 3322 4111 tuum

1741 4155 1900 4211 deum
1943 4169 2007 4209 ac
2037 4155 2313 4210 dominum
2350 4160 2902 4222 conseruatoremque
2946 4159 3208 4206 nostrum.
3236 4150 3325 4206 cui

1961 4286 2075 4364 I_i_0c
2099 4286 2474 4364 est‘satutaris.
2532 4363 2537 4364 γ
2608 4355 2658 4364 __
2783 4353 2794 4364 .
2863 4355 2872 4364 _
2954 4352 2966 4364 .
3051 4352 3061 4362 .

1815 4353 1928 4426 (32)
1971 4358 2145 4412 Hanc.
2167 4357 2436 4414 Omissum
2461 4363 2545 4411 est
2572 4353 2999 4410 abbreviationis
3020 4353 3254 4424 signum.

1819 4430 1930 4501 (55)
1969 4429 2080 4483 Iloc
2107 4440 2188 4484 est
2217 4445 2413 4498 preces.

1816 4499 1930 4568 (54)
1969 4501 2272 4570 ᾼῇεειὶὁιιε.

1816 4569 1928 4641 (55)
1972 4569 2182 4625 omnes.

1817 4636 1930 4712 (56)
1973 4641 2066 4695 Est
2090 4652 2300 4710 tempus
2327 4639 2648 4712 perfectum,
2673 4637 2894 4712 sicutuct
2922 4636 3061 4692 infra
3089 4636 3335 4709 explebit.

1843 4713 1933 4782 37)
1966 4712 2060 4766 Est
2094 4709 2273 4767 aecus.
2307 4712 2474 4783 plur.,
2505 4710 2648 4766 sicut
2673 4719 2729 4764 et
2753 4709 3006 4778 offensus.

1840 4784 1929 4850 58)
1968 4783 2198 4838 Domini.
2495 4813 2506 4824 ο

1821 4850 1933 4924 (59)
1979 4854 2090 4910 Hoc
2117 4866 2198 4910 est
2225 4853 2443 4916 doloris,
2469 4851 2612 4908 sicut
2636 4850 2777 4924 infra
2801 4851 3086 4924 delatores.

1728 4971 1734 4976 ι
1976 4926 2109 4982 Tota
2155 4925 2391 4980 clausula
2432 4932 2517 4978 est
2545 4934 2600 4978 et
2622 4923 2763 4995 apud
2800 4922 3021 4987 Mabill.,
3055 4938 3179 4993 pag.
3207 4917 3345 4975 195-

1976 5067 2106 5148 .110“
2131 5079 2342 5148 δανεειιιε
2379 5066 2632 5148 sequitur
2659 5064 2713 5120 in
2752 5062 2981 5148 (Ponstit.
3011 5071 3192 5148 apost.
3219 5071 3351 5148 νηῶ
