3924 6318
112 387 230 446 869

124 607 230 664 pro
258 583 419 660 parte
446 604 582 660 quae
610 586 721 660 (70)
750 602 875 643 caro
911 586 1083 641 iactus
1111 595 1214 640 est.
1248 583 1426 638 abitus
1456 582 1568 654 (71)
1600 591 1704 636 est.

126 679 380 738 mortalis
407 680 547 736 ultro
589 695 649 736 se
689 679 923 735 subdens
951 677 1219 733 ludibriis.
1252 684 1307 731 et
1334 675 1576 731 colonma
1626 673 1709 728 sui

126 771 398 843 corporis,
430 771 731 826 dilectionis
768 780 983 825 nostrae
1029 767 1211 823 ruinas
1253 765 1455 820 fulcirit
1486 766 1496 835 ι
1529 780 1592 821 ac
1624 765 1709 821 sui

127 881 295 921 casus
339 865 570 920 condere
600 863 710 935 (72)
738 864 919 919 hostes
956 876 1108 916 arma
1158 867 1443 915 conterens
1472 856 1705 913 forciore

129 959 333 1012 rubore
356 956 468 1026 (7'5)
506 972 667 1027 quam
720 957 1003 1012 ecclesiam
1060 956 1326 1010 rniramns
1372 952 1483 1024 (71)
1526 952 1706 1024 erigit.

130 1061 187 1118 p.
221 1045 279 1100 d.
309 1046 408 1114 Qui
438 1047 628 1118 pridie.

209 1137 345 1206 (post
367 1135 607 1206 secreta.)
633 1135 948 1191 Reeolentes
968 1136 1149 1208 igitur.
1175 1147 1228 1193 et
1253 1147 1534 1194 seruantes
1557 1150 1704 1208 prae-

134 1244 292 1303 cepta
325 1230 437 1303 (75)
460 1231 739 1302 nnigeniti.
770 1235 1156 1301 depraecamur
1176 1241 1331 1301 pater
1348 1232 1710 1303 omnipotens.

133 1335 197 1378 nt
245 1325 328 1379 his
388 1324 654 1379 creaturis
698 1323 893 1378 altario
942 1334 1031 1377 tuo
1079 1324 1434 1395 superpositis
1493 1322 1715 1393 spiritus

136 1418 586 1474 sanctiﬁcationis
634 1418 907 1483 infundas,
961 1427 1018 1472 ut
1074 1434 1169 1488 per
1223 1416 1498 1473 transfu
1523 1416 1717 1471 sione

137 1509 500 1566 caelestis.
545 1510 766 1578 adque
821 1509 1211 1565 inuisibilis
1255 1506 1712 1565 sacramenti.

120 1598 347 1681 panis
391 1601 497 1655 hic
530 1608 846 1665 mutatur,
881 1600 942 1653 in
979 1614 1189 1654 carne
1219 1598 1442 1672 (76),et
1472 1598 1482 1670 |
1514 1597 1712 1652 ealex

144 1691 540 1747 translatus
595 1690 657 1744 in
699 1689 1023 1759 sanguine
1050 1688 1187 1759 (77),
1216 1689 1286 1744 sit
1321 1688 1484 1744 totius
1511 1686 1716 1756 gratia,

143 1786 210 1843 sit
246 1784 582 1842 sutnentibus
609 1783 894 1839 medicina.
924 1800 976 1854 p.
1010 1783 1063 1838 d.

734 1873 983 1948 (mssa
1024 1875 1139 1944 tv.)

122 1962 127 1967 ’
216 1987 347 2027 rosr
377 1984 681 2026 rnors'mn
708 1967 842 2043 (78).
881 1968 1017 2024 Dum
1044 1966 1287 2039 profitica
1311 1967 1476 2032 dicta,
1506 1975 1724 2024 nostrae

139 2063 454 2120 deuotionis
482 2071 816 2118 cometamur
864 2060 1157 2129 obsequiis.
1190 2068 1245 2115 et
1292 2060 1722 2115 benedictionem

139 2156 422 2212 reddimus
454 2156 675 2227 gratias,
707 2162 764 2209 et
794 2152 1245 2208 necessitudinem
1282 2167 1380 2222 pro
1414 2152 1726 2208 uisitatione

140 2246 507 2308 desolueums,
541 2255 592 2301 et
621 2245 743 2316 quia
788 2243 1131 2314 omnipotens
1159 2242 1302 2312 plebi
1340 2256 1472 2297 suae
1502 2242 1629 2296 fecit
1670 2243 1725 2297 in

143 2344 312 2399 domo
331 2342 499 2398 Dauid
526 2358 693 2398 cornu
726 2351 1024 2398 erectnrns.
1069 2349 1124 2395 et
1170 2339 1365 2411 gaudio
1404 2339 1723 2414 adsignans,

140 2447 275 2509 post
302 2436 483 2506 spacia
529 2426 828 2505 tempOrum
849 2474 865 2499 ,
898 2432 1155 2488 uaticinia
1194 2430 1548 2501 profetarum,
1578 2444 1730 2500 gres-

146 2546 355 2602 susque
385 2538 613 2584 nostros.
651 2529 662 2600 |
693 2540 746 2583 et
790 2528 877 2582 nia
917 2542 1078 2583 oaccs
1122 2525 1360 2594 dirigens
1384 2564 1399 2589 ,
1442 2533 1495 2578 et
1530 2510 1730 2579 salutes

143 2637 209 2694 p.
242 2623 295 2678 tl.
326 2613 438 2677 n'm.
474 2611 607 2676 11ιῆ
642 2608 801 2689 Χρῆἶ.

227 2715 315 2771 Vl.
356 2714 468 2788 (79)
503 2710 825 2787 (praefatio.)
859 2712 969 2785 (80)
1004 2711 1179 2768 Unum
1222 2712 1379 2767 deum
1425 2716 1633 2781 patrem
1675 2713 1732 2762 et

148 2807 327 2863 ﬁlium
363 2806 463 2862 hac
490 2805 680 2876 spirito
704 2814 912 2870 sancto,
945 2803 1134 2859 diuisis
1175 2817 1526 2873 personarum
1559 2799 1734 2855 nomi-

149 2897 334 2964 nibus,
360 2897 587 2953 indinisa
611 2896 893 2952 diuinitate
916 2893 1169 2949 confessi.
1196 2893 1414 2947 fratres.
1439 2889 1731 2945 karissimi.

151 2992 285 3047 totis
326 2989 595 3045 mentibus
631 2989 1049 3059 depraecemur,
1079 2994 1137 3041 ut
1170 2986 1223 3040 in
1272 2984 1418 3040 omni
1454 2982 1594 3038 loco.
1645 2978 1733 3035 uel

153 3094 418 3154 tempore,
443 3081 621 3138 cuncti
653 3081 812 3135 ﬁdem
858 3087 1062 3133 rectam
1111 3076 1280 3131 uitam
1312 3075 1537 3131 babiant
1572 3074 1733 3128 inno-

1216 378 1444 437 Μιεεῶ
1480 378 1890 444 GALLICANIE
1941 374 2267 435 UNDECIM.

126 498 430 564 cinoribus,
473 496 685 554 inferlis
733 492 847 567 (63)
876 493 993 566 ipse
1024 491 1133 565 (69)
1177 491 1340 548 etiam
1392 491 1702 561 unigenitns
1732 478 1777 533 Λ

2565 347 2590 356 -
2704 344 2811 367 κνη-ἰῄγ
2827 350 2833 355 .

3269 370 3375 433 870

1880 488 2011 559 (post
2042 485 2300 559 nomina.)
2342 483 2640 543 Sanctiﬁca.
2663 492 2750 541 tua
2777 484 3117 557 omnipotens
3143 486 3276 542 deus
3309 502 3375 549 ea

1812 593 1951 649 quae
1997 594 2026 631 a
2080 586 2131 632 te
2178 578 2424 633 ordinata
2479 585 2640 644 sunt,
2686 576 3052 648 plagabilitate
3101 576 3374 647 dignatur.

1810 668 1982 725 libens
2030 670 2259 739 suscipe.
2292 670 2433 739 quod
2474 667 2761 724 oﬂ‘eremns
2786 708 2803 734 ,
2845 676 2901 723 et
2932 666 3157 722 clemins
3204 650 3378 722 indui-

1810 771 1949 834 geat,
1976 762 2117 833 quod
2144 761 2428 826 laetamns,
2452 770 2761 818 sanctorum
2790 769 3000 816 tuorum
3030 775 3128 815 nos
3147 759 3379 831 gloriosa

1813 855 2027 910 merita.
2059 870 2127 910 ne
2173 855 2224 908 in
2272 867 2440 925 poena
2489 854 2599 925 (85)
2648 854 2948 908 ueniamus.
2979 862 3258 921 excusent,
3291 851 3382 907 de-

1812 936 2118 1001 functorum
2167 944 2430 1000 fedilium.
2480 946 2695 1000 animae
2760 959 2900 1015 quae
2950 945 3135 1001 beate-
3182 942 3194 1014 |
3245 941 3383 999 tudi-

1814 1053 1935 1092 nem
1968 1037 2079 1108 (84)
2115 1036 2373 1106 gaudent,
2408 1036 2562 1090 nobis
2588 1033 2963 1106 opetnlentur,
3009 1048 3149 1106 quae
3187 1047 3381 1087 conso-

1812 1123 2012 1181 latione
2059 1125 2337 1195 iudigent,
2376 1123 2635 1180 ecclesiae
2665 1122 2963 1194 praecibus.
3013 1108 3382 1185 absoluantur,

1814 1230 2149 1287 quorumque
2169 1214 2386 1278 oblatio,
2416 1228 2645 1283 quorum
2674 1222 2799 1268 ante
2821 1213 3044 1268 altarent
3073 1210 3185 1283 (85)
3212 1220 3382 1276 tuum,

1815 1308 2028 1363 nomina
2059 1309 2376 1362 recitantur.
2426 1307 2499 1360 ita
2533 1307 2603 1359 sit
2646 1306 2699 1360 in
2744 1306 2848 1360 tuis
2886 1305 3053 1359 oculis
3080 1303 3296 1375 placita,
3330 1304 3411 1357 ut‘

1816 1398 1921 1454 illis
1947 1399 2019 1453 sit
2054 1400 2104 1453 in
2131 1398 2407 1453 beneficiis
2434 1399 2648 1466 copiosa
2681 1412 2733 1467 p.
2764 1397 2816 1451 d.
2850 1383 2960 1451 n—tn.
3050 1378 3057 1381 ⁷

1887 1490 1978 1561 (ad
2005 1488 2230 1560 pacem.)
2265 1489 2412 1544 Dona
2460 1488 2615 1545 nobis
2662 1488 2879 1543 domine
2910 1487 3044 1543 deus
3092 1494 3305 1552 noster,
3333 1484 3388 1541 in

1816 1579 2187 1635 custodienda.
2219 1594 2407 1648 pacem
2436 1587 2583 1634 tuum
2613 1579 2809 1634 donum
2835 1620 2849 1644 ,
2897 1590 3153 1649 tuumque
3180 1577 3396 1649 deposi-

1817 1680 1929 1726 tnm
1966 1669 2278 1736 custudire,
2326 1679 2383 1725 et
2429 1670 2510 1725 sic
2564 1670 2617 1725 in
2669 1671 2972 1725 nominibus
3033 1669 3185 1740 sequi
3232 1684 3390 1738 quam

1819 1764 1922 1835 ipsi
1946 1763 2082 1836 (86),
2117 1765 2125 1833 |
2153 1762 2351 1834 jnbias.
2382 1771 2438 1819 et
2470 1765 2685 1820 trebnes
2711 1763 2966 1829 caritate,
3010 1772 3068 1816 nt
3098 1763 3151 1816 in
3195 1752 3399 1832 aliqui?

1750 1831 1796 1890 Β
1824 1856 1924 1912 1)ιιε
1968 1855 2153 1926 culpas
2201 1870 2526 1911 noueremus
2557 1856 2754 1911 odisse.
2789 1872 2892 1911 non
2946 1855 3175 1919 animas,
3225 1853 3390 1909 ﬁnem

1822 1958 2014 2018 Optare
2038 1948 2295 2014 crimine,
2327 1963 2434 2002 non
2469 1947 2641 2002 salute
2671 1947 2714 2002 si
2747 1956 2979 2012 cunctis,
3008 1944 3296 2002 concordia
3326 1943 3403 2015 sit.

1825 2038 2017 2097 amori.
2051 2053 2112 2095 ut
2141 2040 2430 2096 discordia.
2464 2055 2562 2095 nec
2599 2039 2797 2096 inferre
2827 2039 2920 2095 ulli
2961 2039 3141 2095 liceat.
3179 2054 3282 2095 nec
3311 2053 3407 2109 re-l

1825 2135 1967 2190 ferre
1993 2151 2046 2205 p.
2078 2135 2130 2189 d.
3402 2194 3411 2200 ,

1899 2225 2276 2296 (εοηιθειαιὶο.)
2324 2225 2552 2297 Dignum
2584 2235 2640 2280 et
2686 2226 2880 2280 iustum
2914 2234 3014 2281 est.
3059 2225 3401 2296 omnipotens

1828 2327 2003 2387 pater.
2032 2315 2127 2371 tibi
2156 2330 2369 2386 semper
2392 2317 2597 2386 gratias
2622 2332 2803 2387 agere,
2853 2324 2904 2372 te
2934 2331 3095 2388 super
3119 2316 3298 2372 omnia
3322 2317 3408 2371 dl-

1829 2410 2022 2480 ligere,
2050 2424 2151 2479 pro
2181 2410 2432 2465 onmibns
2461 2419 2512 2465 te
2539 2409 2782 2473 laudare,
2829 2408 2981 2478 cujus
3025 2424 3247 2463 munera
3288 2409 3400 2481 (87)

1828 2502 2041 2557 cunctis
2071 2501 2413 2556 homenibus.
2453 2500 2703 2568 imaginis
2729 2508 2879 2565 tuae,
2925 2500 3158 2569 dignitas
3205 2514 3403 2554 concc-

1831 2593 2006 2648 detnr.
2038 2592 2094 2647 in
2126 2601 2280 2646 natn-
2312 2594 2322 2658 |
2355 2606 2434 2645 ra.
2468 2590 2806 2646 aeternitatis
2852 2589 3084 2645 facultas
3130 2590 3419 2661 dignatur.

1831 2687 1888 2742 in
1922 2686 2097 2739 anima
2131 2683 2349 2738 libertas
2386 2682 2594 2737 arbitrii
2627 2691 2933 2752 praestatur
2961 2682 3013 2736 in
3049 2682 3161 2735 uita
3191 2681 3406 2738 illicitas

1833 2778 2088 2851 baptismi
2113 2776 2355 2832 oﬂcrtur.
2392 2776 2445 2830 in
2492 2776 2664 2847 gratia
2698 2777 2987 2832 hereditas.
3018 2775 3153 2831 caeli
3184 2776 3410 2846 promit-

1835 2880 1999 2927 tetnr.
2045 2871 2097 2924 in
2144 2868 2475 2923 innocentia.
2504 2867 2719 2922 ulelitas
2765 2867 2983 2923 remedii
3039 2875 3309 2922 seruatur.
3354 2867 3410 2921 in

1835 2962 2163 3034 paenitentia
2178 2959 2434 3015 bonitatis
2452 2960 2687 3014 ueniam.
2704 2958 2816 3031 (88)
2841 2959 3140 3030 iniquitatis
3159 2974 3408 3030 poenam.

1836 3068 2186 3127 proponetur.
2217 3067 2277 3112 ut
2307 3056 2711 3112 habundantius
2750 3056 2802 3111 in
2834 3070 3023 3111 omnes
3061 3055 3306 3112 homines
3327 3055 3413 3111 dei

152 3185 369 3232 centeni
396 3216 409 3239 ,
454 3185 731 3229 auctorem
776 3169 1174 3227 conditionibus
1215 3182 1346 3224 suae
1389 3165 1499 3238 (8|)
1543 3180 1608 3219 ac
1650 3179 1734 3220 re-

1844 3151 2033 3220 pietas,
2067 3165 2167 3205 nec
2189 3149 2242 3204 in
2272 3148 2460 3203 militia
2485 3148 2636 3204 uellit
2663 3148 2932 3219 degenere
2962 3147 3072 3220 (89)
3114 3164 3250 3219 quos
3275 3163 3412 3204 con-

132 3266 811 3337 ‘demptionesagnuscant
828 3270 1230 3317 resurrecturus
1251 3275 1328 3324 se,
1354 3274 1416 3313 ac
1440 3257 1735 3313 secundum

156 3376 259 3417 sua
280 3375 438 3430 opera
462 3356 596 3413 iudi-
626 3358 635 3429 ι
668 3358 869 3413 candus
890 3354 1217 3423 intellegant.
1245 3352 1436 3423 etquia
1452 3366 1515 3405 ex
1548 3349 1743 3405 niciate

152 3462 410 3517 naturae,
443 3459 694 3507 contacto
723 3457 943 3504 nostrae
964 3445 1256 3501 uoluntatis
1280 3443 1428 3499 habit
1450 3441 1737 3513 fragilitas,

160 3553 225 3599 nt
251 3544 493 3597 laedatur
521 3556 649 3597 suae
694 3538 1043 3610 benignitatis
1070 3537 1295 3606 praestit
1322 3533 1496 3604 pictas
1525 3539 1605 3587 ut'
1629 3530 1743 3602 pla-

164 3646 337 3694 cetur.
373 3651 425 3707 p.
458 3635 512 3690 d.
542 3622 655 3689 ιιῖἱῖ.

238 3732 383 3803 (ante
412 3726 667 3796 nomina.)
711 3726 849 3781 Deus
893 3724 1049 3780 cuius
1084 3733 1192 3777 tam
1234 3722 1480 3776 inmensa
1506 3726 1609 3774 est.
1648 3717 1745 3773 bo-

169 3828 334 3891 nitas,
359 3840 516 3895 qnam
547 3830 806 3893 potestas,
834 3828 1047 3889 praesta
1078 3817 1219 3888 quod
1251 3815 1408 3871 iustis
1449 3810 1744 3884 polliceris.

169 3918 418 3987 accepire
460 3913 605 3984 quod
638 3911 745 3967 reis
775 3909 1034 3974 minaris,
1085 3906 1337 3969 euadere,
1392 3904 1663 3958 ueraciter
1696 3908 1747 3954 te

158 4009 418 4073 credere,
443 4003 840 4061 rationabiliter
880 3999 1153 4064 couietiri,
1202 3996 1493 4053 salubriter
1517 4006 1748 4049 conuer-

167 4106 278 4163 sari
311 4102 446 4175 (82),
486 4101 560 4157 sit
586 4099 758 4170 quies.
792 4095 1021 4159 adridat,
1056 4093 1066 4165 |
1102 4102 1151 4147 te
1180 4091 1378 4156 colere,
1408 4089 1451 4145 si
1478 4085 1748 4157 timptatio

120 4240 123 4241 ν
164 4198 392 4270 ingruat
419 4209 525 4249 non
574 4206 789 4263 negare,
840 4185 1198 4259 temporariae
1224 4184 1387 4248 uitae,
1422 4177 1748 4237 necessariis

144 4288 473 4347 'abundare.
513 4283 748 4340 aeternis
778 4279 986 4353 gaudiis
1015 4291 1120 4332 non
1149 4288 1336 4331 carere
1358 4288 1411 4344 p.
1441 4270 1495 4325 d.

245 4427 360 4499 (68)
403 4424 593 4499 tuam.

243 4490 357 4568 (69)
405 4496 517 4568 Hoc
546 4501 631 4548 est
655 4490 774 4563 ipsi.

243 4569 360 4641 (τυ)
403 4567 541 4641 Qua:

244 4637 360 4712 (τι)
400 4637 650 4712 subitus-

268 4707 362 4768 72)
406 4707 662 4762 Pondere.

267 4777 362 4839 75)
402 4777 628 4832 Robore.

267 4837 363 4917 741)
404 4848 504 4904 Hic
531 4846 731 4917 aliquid
764 4844 950 4917 deesse
978 4837 1210 4917 videtur.

160 4964 165 4975 .
406 4897 1033 4997 ἧᾶοῖέιῆἆῆιὰεᾷξοηξξε
1051 4907 1213 4974 Mal»,
1232 4921 1285 4977 p.
1320 4901 1442 4968 192,
1474 4899 1598 4955 222.
1622 4897 1756 4956 Ηωο

168 4981 616 5071 ερεξᾞζρζωεερια
644 4981 1081 5071 subantes
1130 5047 1152 5071 ρ
1212 5047 1289 5071 ,ὦ
1344 5043 1590 5071 “mnum
1744 5028 1749 5041 ι

248 5047 374 5135 (76)
406 5047 549 5135 boco
587 5055 876 5135 accusativi
904 5047 1314 5135 sicuttinl'erins,
1340 5047 1611 5135 snngttizte.l

529 5113 617 5207 et
662 5128 713 5182 in
771 5124 1002 5207 liturgiis
1049 5113 1755 5207 prieut‘ali_ttmﬂ:_ad.hibetur

174 5188 445 5273 exiit—vim;
474 5188 998 5273 Spiritus‘saneti'nt
1022 5188 1283 5245 elementa
1313 5188 1577 5273 immittet;

253 5252 833 5351 (7.8)Ῠῖἰηῆἁλιῃιιιιιηι.
867 5274 1267 5351 nonnumquam
1322 5265 1379 5339 et
1416 5252 1755 5309 Mabillonius

177 5329 452 5416 ιιειῆεῖα).
486 5341 607 5407 190,
635 5339 784 5416 25d).
814 5337 871 5391 ln
899 5330 1159 5416 ejusmodi
1187 5329 1365 5416 missis
1386 5339 1757 5416 seqne‘nanra;

174 5393 607 5489 ὐἱὲὸί
642 5393 889 5489 dicitur:
920 5393 1157 5489 ᾟοιᾳιιιιιξ
1194 5412 1379 5489 porro.
1399 5393 1679 5489 n'ntnerut‘n

179 5465 511 5562 ίὶἆεῖ
530 5465 843 5562 orationem.
876 5473 1083 5558 haberi.
1118 5465 1268 5550 Unde
1297 5466 1612 5562 concludere
1640 5465 1766 5547 licet

537 5535 653 5626 post
687 5535 1017 5626 prophetiam
1050 5541 1252 5626 non‘in
1296 5537 1543 5626 omnibus
1585 5535 1766 5626 missis

183 5606 559 5687 ἱὰὲξὲἶῐάηῖ
581 5606 816 5691 alioquin
858 5614 1185 5687 oportuisset
1215 5625 1331 5665 eam
1354 5608 1422 5661 ad
1455 5606 1763 5677 praeceden-

184 5710 298 5759 tem
329 5699 532 5755 bricam
568 5693 817 5763 adjicere.
912 5714 939 5721 η
1003 5756 1016 5763 _
1077 5757 1090 5763 _
1182 5754 1195 5763 ,
1377 5758 1385 5763 _
1433 5752 1445 5763 ,
1627 5746 1639 5759 .

260 5752 382 5843 (79)
397 5752 477 5825 Ex
498 5768 602 5823 hoc
622 5752 846 5820 numero
866 5754 1289 5843 concludendum
1312 5758 1394 5833 est
1416 5752 1547 5843 t‘lluas
1574 5752 1765 5843 missas

191 5819 643 5903 esthoc—ordine
688 5836 893 5892 deesse.
936 5828 1083 5885 Alias
1125 5825 1282 5898 plane
1331 5822 1384 5877 in
1412 5819 1614 5874 ‘Missali
1658 5832 1762 5872 non

1842 3244 2010 3312 dedit,
2038 3258 2138 3299 nec
2169 3243 2238 3297 in'
2259 3242 2561 3313 ignorantia
2589 3240 2785 3311 perire.
2823 3254 2961 3310 quos
3006 3239 3208 3294 docuit.
3238 3255 3338 3295 nec
3358 3239 3412 3294 in

1843 3340 2106 3411 supplicio
2138 3353 2461 3410 permanere
2489 3351 2624 3408 quos
2672 3334 2878 3407 diliget.
2908 3350 3011 3391 nec
3037 3351 3066 3389 a
3112 3349 3278 3405 regno
3307 3334 3425 3389 dis-'

1843 3434 2037 3489 cedere
2066 3432 2076 3505 |
2109 3447 2244 3501 quos
2290 3432 2555 3496 redemit,
2588 3437 2715 3483 ante
2757 3425 2910 3496 cujus
2958 3434 3269 3497 conspectu.
3303 3422 3415 3498 (90)

1843 3539 2031 3581 omnes
2061 3522 2235 3593 angeli
2258 3536 2363 3576 non
2391 3527 2605 3576 cessant
2641 3519 2879 3575 clamare
2904 3518 3165 3573 dicentes.
3199 3515 3340 3573 SSS.
3426 3536 3427 3539 η

1916 3629 2046 3669 neu
2071 3626 2461 3669 con-resumo.
2503 3611 2732 3682 Dignum
2760 3617 2815 3663 et
2845 3609 3042 3663 iustum
3065 3616 3166 3662 est.
3193 3622 3293 3663 nos
3323 3606 3420 3663 tibi

1846 3718 2057 3776 semper
2100 3703 2302 3774 gratias
2343 3714 2532 3771 agere,
2564 3699 2777 3754 trinitas
2802 3698 2952 3753 deus.
2986 3697 3139 3765 cujus
3184 3712 3281 3751 nos
3322 3711 3420 3766 po-

1848 3805 2017 3853 testas
2042 3796 2209 3850 nerho
2233 3792 2460 3859 creauit,
2483 3805 2579 3861 per
2605 3790 2718 3861 (01)
2742 3797 2948 3844 mereto
2992 3797 3180 3842 nostro
3213 3786 3419 3843 offensa

1849 3888 2145 3952 damnauit,
2180 3902 2278 3958 per
2302 3886 2409 3941 lilio
2437 3885 2548 3956 (92)
2588 3884 2758 3955 pietas
2791 3881 3061 3961 liberauit.
3084 3894 3187 3950 per
3244 3882 3421 3951 baptio

1858 3998 2034 4039 smnm
2083 3990 2137 4037 et
2184 3978 2533 4051 paenitentia.
2588 3976 2655 4030 ad
2706 3973 2885 4030 caelos
2939 3973 3288 4028 uocanit.cni
3347 3989 3419 4027 ιιι.

1848 4090 2059 4132 omnes.
2090 4072 2188 4129 SS.

1920 4183 2051 4225 posr
2094 4180 2329 4224 SANCTUS
2384 4177 2557 4219 ntess.
2614 4161 2756 4216 Deus
2801 4157 2891 4229 qui
2942 4172 3053 4213 nos
3109 4156 3435 4213 caelestium

1852 4260 2113 4333 numquid
2160 4261 2418 4331 hymnum
2460 4256 2555 4312 tibi
2592 4255 2676 4310 uis
2718 4252 2897 4311 oﬁ‘erri
2939 4252 3033 4309 sed
3068 4260 3328 4306 merelum
3373 4259 3427 4304 et

1850 4398 2195 4472 prmcessjsse
2217 4395 2395 4472 minus
2415 4392 2634 4472 dextere
2649 4385 3059 4472 indecentelulsit
3079 4385 3147 4472 cl:
3172 4383 3344 4440 Mone.
3362 4382 3425 4437 D.

1925 4470 2038 4539 (80)
2076 4467 2200 4539 ﬂare
2224 4465 2398 4539 oratio
2427 4463 2621 4539 smpius
2649 4461 2702 4514 in
2746 4456 3210 4539 Mi‘ssaliﬁotbie‘o
3239 4470 3431 4539 oecur-

1774 4546 1829 4607 D
1856 4525 1958 4611 rit;
1979 4525 2074 4611 sed
2102 4537 2309 4611 absque
2333 4525 2515 4611 titulo;
2539 4531 2728 4611 utrum
2749 4529 2996 4611 prtefutio
3020 4542 3087 4581 an
3118 4526 3185 4581 ad
3208 4525 3429 4581 solitum

1858 4609 2092 4666 collectio
2123 4600 2344 4664 dicenda
2379 4605 2449 4659 sit
2471 4602 2687 4656 dubium
2712 4600 2943 4657 videtur.

1932 4678 2044 4751 (81)
2083 4674 2413 4751 conditienii.
2462 4671 2732 4751 Dialectns
2760 4666 3430 4751 amanuensisgcuitivum

1862 4736 2044 4807 casum
2076 4746 2246 4802 tertia:
2268 4741 2636 4801 declinationis
2666 4741 2718 4794 in
2750 4756 2803 4794 es
2828 4737 3074 4793 habebat.
3106 4736 3354 4794 Formam
3386 4736 3431 4789 is

1863 4833 2247 4887 nonnunquam
2276 4810 2823 4889 datirnmplnralent
2867 4823 2987 4889 esse
3029 4810 3281 4889 opinatus
3315 4815 3429 4889 est,

1863 4900 2024 4960 atque
2056 4878 2247 4960 in'ibtts
2274 4878 2596 4960 inun'utayit}
2625 4880 2990 4960 sicntjnhiine
3016 4878 3196 4960 missa:
3226 4878 3430 4960 hujus,

1867 4950 2235 5041 benedietionis
2297 4957 2415 5013 loco
2480 4953 2644 5010 dativi
2704 4951 3142 5017 benedictionibus
3185 4950 3431 5023 ιιιοείιιιιιι

1868 5040 2122 5089 οοριιιιιι.
2438 5048 2445 5055 ‘

1934 5101 2045 5171 (89)
2087 5098 2254 5163 Mab.,
2283 5097 2408 5163 219,
2444 5093 2722 5151 salubriter
2742 5092 3041 5147 conuersari

1954 5172 2043 5226 8'5)
2084 5186 2306 5226 umnam.

1954 5174 2020 5226 85
2119 5186 2306 5225 mnum.

1932 5174 2044 5315 (84)
2084 5189 2231 5315 ἴψαο
2258 5237 2498 5294 ablativi.

1938 5313 2049 5381 (85)
2085 5313 2272 5367 altare.

1936 5383 2050 5521 (86)
2086 5385 2213 5453 ipse.

1940 5454 2026 5521 (87
2088 5470 2213 5508 mun

1940 5454 2050 5525 (87)
2088 5468 2318 5508 munere.

1884 5548 1889 5551 ·
1941 5521 2053 5593 (88)
2092 5525 2235 5580 Loco
2258 5521 2586 5577 nominativi.

1941 5597 2054 5667 (89)
2097 5596 2220 5666 Leg.
2250 5594 2598 5664 degenerare.

1943 5668 2057 5737 (90)
2096 5667 2239 5721 Loco
2262 5677 2442 5719 aecus.

1942 5740 2053 5811 (‘91)
2091 5756 2202 5811 ΡΨ·

1942 5808 2052 5883 (92)
2092 5808 2279 5878 ﬁlium.
