3902 5334
545 227 645 290 871
1357 225 1648 286 APPEND.
1689 221 1782 282 Al)
1821 224 1993 282 SEC.
2034 221 2102 279 Χ.
2143 249 2215 263 -
2251 216 2677 277 MONUMENTA
2720 217 3000 277 LITURG.
3693 217 3776 278 ιιι

546 365 782 416 sacrum,
811 347 1122 420 angelorum
1143 353 1252 401 tam
1285 346 1294 418 Ι
1327 347 1443 402 loca
1470 356 1654 402 tenere
1678 361 1837 417 quam
1869 356 2122 400 carmena
2151 339 2204 399 Δ
2230 335 2444 391 labores
2466 334 3049 392 misel‘aluSllumanOS-
3074 349 3236 391 cruce
3255 334 3335 390 Sili
3355 335 3603 408 corporis
3622 338 3776 395 trium-

546 443 684 499 dona
732 443 821 514 qui
853 455 1208 512 supernarum
1254 440 1517 494 uirtutum
1563 447 1904 514 concentum.
1950 435 2003 490 in
2037 444 2126 490 tua

543 512 999 606 praedicationem
1028 531 1140 603 (9⁸5)
1167 546 1441 586 sumemus
1462 512 1958 600 etiamsuperiores
1980 528 2127 582 uitae

543 626 815 684 affectum.
855 642 921 681 ex
953 611 1319 682 correctione.
1353 641 1648 680 sumamus.
1675 625 1764 680 illa
1797 623 1997 679 domini
2024 638 2125 678 no-

544 721 640 776 stri
672 709 765 776 [hu
802 707 908 791 Χῖ
930 735 1034 792 que
1065 721 1115 775 in
1141 719 1400 776 memoria
1431 719 1540 791 (94)
1571 719 1838 790 passionis
1859 733 1990 774 suae
2017 726 2126 773 tra-

542 812 692 868 dedit
720 812 885 868 uerba
922 813 1115 868 dicturi
1143 829 1197 884 p.
1229 812 1284 868 d.
1317 813 1417 880 Qui
1445 813 1636 883 pridie.
1893 881 1896 886 ἰ

610 918 929 960 εοιιεετιο.
952 903 1095 960 Deus
1115 904 1410 961 Abraham.
1444 904 1577 958 deus
1598 902 1766 957 Isaac.
1807 902 1940 958 deus
1958 900 2124 958 Jacob

541 996 674 1054 deus
699 1006 754 1054 et
781 1006 937 1069 pater
960 999 1159 1054 domini
1187 999 1356 1055 nostri
1378 989 1478 1053 ΙΙιῦ
1503 985 1618 1069 Χῖ
1633 1006 1686 1052 ιιι
1709 997 1775 1053 de
1805 997 1970 1053 caelis
1996 997 2124 1052 tuis.

539 1089 806 1160 propitius
834 1088 1093 1146 aﬁ'auens.
1145 1091 1247 1146 hoc
1275 1090 1599 1147 sacriﬁcimn
1633 1099 1897 1145 nostrum.
1952 1089 2126 1144 indul-

537 1178 836 1237 lentissima
883 1181 1085 1253 pietate
1129 1197 1478 1253 prosequere.
1533 1181 1812 1236 discendat
1856 1181 1865 1252 |
1910 1180 2126 1235 domine

536 1273 836 1346 plenitudo.
869 1275 1190 1346 magistatis.
1225 1275 1548 1336 diuinitatis,
1603 1275 1843 1344 pietatis.
1878 1273 2122 1341 uirtutis,

536 1361 1009 1420 benedictionibus
1053 1364 1167 1436 (95)
1201 1370 1255 1420 et
1295 1363 1498 1436 gloriae
1529 1373 1672 1419 tuae.
1710 1379 1903 1434 super
1949 1364 2126 1421 hunc

534 1441 796 1528 panem.
846 1466 1153 1530 etsuper
1195 1458 1374 1513 hunc
1401 1457 1703 1513 calicem.
1737 1467 1803 1512 et
1834 1457 1971 1512 fiat
2019 1473 2128 1513 no-

533 1545 658 1604 bis.
703 1547 1025 1620 legitima
1061 1549 1519 1605 encharistia
1551 1550 1616 1604 in
1656 1549 2124 1606 transforma—

534 1637 730 1694 tione
775 1639 888 1712 (96)
938 1641 1379 1712 corporiset
1421 1640 1794 1712 sanguinis
1836 1641 2118 1696 domini.

2232 424 2386 492 fauit,
2418 427 2546 496 quid
2573 427 2766 498 loquar
2787 429 2853 482 ad
2888 437 3100 483 tuormn
3131 427 3343 483 cineres
3376 436 3668 498 martyrum
3699 438 3778 486 tor-

2231 518 2385 588 queri
2430 518 2782 589 incorporeas
2823 529 3150 590 potestates,
3196 519 3304 572 urit
3347 519 3443 573 hic
3486 517 3639 573 limus
3673 537 3780 589 quos

2228 607 2444 663 flamma
2498 624 2602 664 non
2649 611 2865 681 tangit,
2936 619 3152 680 torquet
3195 609 3381 664 fauilla
3431 623 3569 680 quos
3603 613 3778 683 ungula

2228 718 2400 774 poena
2424 720 2530 758 non
2557 703 2785 760 inuenit.
2805 705 3023 760 auditur
3036 703 3268 776 gemitus
3289 719 3529 775 quorum
3552 713 3780 760 tormenta

2227 810 2334 850 non
2367 795 2676 861 cernimus,
2723 805 2778 851 et
2821 795 2957 852 haec
2987 811 3147 865 quam
3189 811 3386 866 magna
3437 795 3590 866 parui
3619 794 3781 852 laboris

2226 904 2387 960 prae-
2419 892 2430 961 |
2462 889 2591 955 mia,
2625 889 2807 946 inﬁlex
2836 890 3085 960 uoluptas
3123 891 3264 960 quod
3291 891 3426 945 eicit
3452 890 3640 946 misera
3662 905 3778 947 caro.

2228 979 2357 1049 quid
2389 979 2490 1035 sibi
2528 981 2754 1036 inuidet.
2784 981 2852 1037 de
2879 982 3030 1038 caelo
3057 997 3115 1037 se
3137 989 3386 1048 reuocat,
3408 990 3466 1035 et
3487 981 3596 1036 luto
3621 983 3780 1037 reddit.

2228 1086 2330 1128 nec
2359 1073 2460 1128 hoc
2505 1073 2702 1128 mirum
2747 1075 2794 1129 si
2843 1085 2984 1130 terra
3015 1077 3438 1146 praeponderat.
3486 1076 3580 1130 sed
3608 1076 3780 1146 quiata

2229 1167 2446 1224 domine
2475 1168 2608 1226 deus
2639 1177 2796 1240 pater
2837 1171 3200 1241 oumipotens.
3251 1171 3305 1225 in
3339 1169 3420 1224 tui
3457 1169 3705 1239 unigeniti
3727 1169 3784 1224 le-

2228 1267 2390 1313 uatus
2431 1274 2662 1330 corpore
2707 1260 2918 1316 caelum
2961 1277 3065 1315 nos
3110 1274 3366 1330 separare
3415 1259 3565 1331 (104)
3596 1259 3778 1316 iussisti.

2227 1365 2298 1405 ne
2335 1365 2556 1421 quaeso.
2605 1353 2783 1422 patiar
2827 1353 2880 1407 ui
2928 1353 3138 1424 perire,
3187 1352 3343 1407 nobis
3389 1351 3781 1407 miscricordiam

2230 1449 2378 1496 tuam
2418 1442 2551 1496 satis
2579 1443 2652 1497 sit
2695 1445 2841 1514 quod
2876 1443 3080 1499 inclusa
3111 1459 3343 1514 corpore
3370 1443 3642 1510 animaiu
3669 1442 3780 1512 leges

2228 1532 2428 1588 misera
2461 1533 2658 1589 transit
2703 1535 2913 1591 alienas
2951 1537 3277 1608 generisque
3320 1551 3501 1606 poena
3547 1536 3780 1590 communi

2229 1638 2328 1694 pro
2376 1639 2564 1682 errore
2613 1627 2774 1683 unius
2802 1637 2884 1683 est
2932 1628 3204 1699 persoluta
3237 1628 3246 1699 |
3281 1628 3628 1684 amiserimus
3665 1637 3782 1684 certe

534 1736 595 1784 ut
637 1730 962 1802 quicumque
996 1740 1052 1787 et
1075 1733 1516 1802 eotienscumque
1563 1747 1629 1787 ex
1671 1732 1775 1786 hoc
1821 1747 2036 1802 panem.
2069 1743 2116 1788 et

2228 1718 2666 1788 procrogatiuam
2690 1727 2920 1774 naturae
2951 1735 3056 1775 non
3087 1721 3406 1775 amittamus
3438 1719 3780 1791 redemptionis

534 1833 598 1874 ex
632 1820 735 1876 hoc
766 1821 936 1878 calice
982 1821 1354 1878 libaberimus.
1406 1838 1683 1878 sumamus
1733 1822 1906 1876 nobis.
1949 1822 2124 1876 moni-

534 1922 799 1979 mentum,
829 1913 974 1970 ﬁdei.
1009 1915 1279 1971 sincerem
1316 1915 1653 1970 dilectiones.
1691 1914 1982 1984 tranquilla
2008 1913 2120 1985 (97)

532 2018 683 2075 spem
721 2008 1150 2063 resurrectionis.
1186 2008 1361 2078 adque
1392 2007 1799 2063 inmortalitatis
1821 2017 2040 2064 aeterne
2067 2007 2120 2061 in

533 2103 628 2164 tuo
650 2096 834 2171 ﬁlique
867 2098 962 2154 tui.
1003 2100 1200 2156 hac....
2035 2079 2044 2093 ’

1135 2212 1388 2285 (MISSA
1432 2213 1519 2283 ν.)
2108 2269 2110 2272 ,

601 2300 978 2376 (εοηιεδιαιὶο.)
1021 2319 1109 2360 res
1139 2303 1347 2376 gratiae
1379 2302 1676 2369 debitores,
1703 2301 1812 2372 iugi
1840 2299 2121 2357 continua-

529 2395 679 2454 tione
703 2397 838 2468 (98),
863 2411 1212 2464 ueneromur,
1239 2413 1334 2453 seu
1356 2412 1480 2453 cum
1507 2395 1717 2466 publica
1744 2410 1938 2464 praece
1960 2409 2118 2450 sacra

529 2490 809 2547 adolemus
837 2491 1049 2557 altaria,
1083 2491 1202 2548 siue
1231 2507 1354 2547 cum
1386 2489 1613 2546 secretis
1639 2487 1902 2543 mentium
1951 2502 2120 2559 pcne-

526 2578 754 2636 tralibus
783 2581 1074 2638 ineliabilia
1107 2582 1250 2637 dicta
1295 2596 1436 2652 quae
1478 2580 1675 2636 feceris
1701 2621 1716 2646 ,
1762 2580 2118 2636 aestimantes

527 2673 696 2729 tacito
726 2672 972 2729 fouemus
1019 2673 1254 2739 adfectu,
1296 2673 1476 2744 justae
1523 2672 1668 2727 enim
1715 2688 1819 2726 uox
1849 2670 1959 2743 (99)
1996 2682 2118 2726 tuae

525 2777 622 2819 rex
651 2763 914 2835 gentium.
951 2764 1073 2836 quis
1112 2779 1219 2819 non
1267 2764 1498 2820 timebit.
1529 2774 1582 2819 et
1628 2764 1993 2835 magniﬁcabit
2024 2781 2118 2820 no.

527 2873 650 2913 men
683 2867 854 2914 tuum.
887 2860 1064 2915 nullae
1093 2861 1312 2931 quidem
1356 2860 1512 2916 nobis
1542 2861 1719 2916 adhuc
1747 2861 1970 2930 cythare
1997 2876 2118 2931 per-

526 2959 742 3006 sonant.
781 2953 957 3008 sancti
1003 2952 1100 3007 tui.
1145 2954 1236 3022 qui
1264 2953 1498 3008 bestiam
1528 2952 1732 3008 saeculi
1777 2952 1958 3023 hujus.
1986 2968 2116 3006 con-

525 3043 708 3099 cordia
737 3045 998 3106 uirtutum
1026 3055 1406 3115 perseverante
1430 3046 1664 3101 uicerint
1687 3043 1834 3116 (100)
1868 3046 1877 3115 |
1911 3045 2113 3099 mullum

523 3135 597 3190 de
640 3136 797 3191 nobis
841 3135 1012 3210 Moysi
1045 3137 1337 3194 canticum.
1380 3140 1471 3209 qui
1515 3139 1656 3194 inter
1695 3136 1892 3193 ﬂuctus
1939 3137 2116 3192 adhuc

527 3225 687 3282 istius
719 3226 921 3284 saeculi
970 3228 1299 3284 uolutamur.
1333 3229 1477 3284 nulla
1518 3245 1623 3285 uox
1652 3229 1966 3301 angelorum
2011 3227 2116 3283 nisi

525 3320 670 3376 forte
697 3321 921 3377 laudare
945 3337 1044 3378 nos
1070 3333 1317 3394 possunt,
1343 3325 1436 3394 qui
1468 3323 1658 3378 adesse
1680 3324 1839 3378 nobis
1867 3331 2112 3393 possent,

523 3427 650 3493 cum
681 3411 789 3468 fili
819 3415 919 3469 tui
967 3415 1426 3472 dilectissimi
1467 3431 1722 3486 corpus
1757 3431 2116 3471 sacramus

526 3515 594 3560 et
642 3507 1053 3578 sanguinem
1074 3549 1088 3574 ,
1119 3509 1214 3565 sed
1244 3510 1331 3579 pia
1362 3525 1491 3564 cura
1520 3524 1620 3580 pro
1649 3507 1870 3580 populo.
1902 3517 1957 3564 et
1989 3523 2114 3563 san-

521 3609 610 3654 cta
648 3614 746 3669 pro
785 3599 958 3656 salute
1001 3601 1173 3672 plebis
1203 3602 1398 3658 oratio.
1431 3611 1486 3657 et
1517 3617 1670 3657 mens
1700 3602 1866 3658 cultui
1910 3602 2113 3656 intenta

523 3690 711 3748 diuino
737 3693 780 3748 si
816 3709 920 3749 non
959 3703 1138 3764 potest
1181 3696 1521 3751 maiestatem
1571 3695 1703 3750 tanti
1733 3695 1913 3766 operis
1939 3695 2116 3765 esple-

525 3799 685 3852 care,
732 3786 926 3842 nititur
977 3798 1154 3844 tamen
1187 3806 1341 3844 usum
1397 3790 1643 3845 concessi
1689 3789 1964 3852 uulneris,
2007 3788 2114 3843 fre-

524 3889 824 3950 quentare,
873 3882 996 3952 quis
1038 3883 1182 3938 enim
1217 3884 1226 3953 |
1259 3884 1432 3953 possit
1481 3883 1858 3955 perfuncturio
1910 3899 2108 3948 sensu,

524 3971 709 4026 diuina
742 3979 833 4026 tua
871 3975 1167 4042 praeterire
1194 3991 1416 4030 munera
1439 4014 1454 4039 ,
1486 3985 1539 4028 tu
1582 3974 1944 4045 corruptibili.
1981 3975 2111 4030 limo

524 4060 747 4132 lutoque
769 4062 984 4119 solubili
1012 4065 1203 4134 spiritu
1227 4066 1374 4137 (101)
1403 4066 1547 4129 uitae
1569 4064 1839 4121 insulilare
1862 4067 2112 4136 dignatus

523 4167 604 4220 cs,
637 4153 911 4208 hominem
942 4153 1118 4210 fecisti
1150 4171 1269 4211 esse
1298 4157 1439 4226 quod
1473 4157 1630 4211 limos
1674 4168 1775 4212 est.
1809 4160 1956 4228 (109.)
1996 4176 2114 4214 ma-

528 4245 830 4314 teriamque
856 4247 1164 4313 mortalem,
1199 4249 1264 4302 ad
1287 4249 1569 4320 imaginem
1593 4249 2110 4322 similitmlinemqne

524 4345 675 4392 tuam
709 4337 938 4408 spiritali
984 4341 1273 4396 uiuificasti
1305 4343 1491 4414 uigore
1536 4355 1783 4410 naturae,
1812 4354 1870 4398 ut
1899 4345 2107 4416 pigram

2230 1817 2352 1863 tuae
2374 1811 2626 1881 gratiam,
2656 1828 2890 1868 mercem
2915 1814 3080 1886 igitur
3103 1816 3319 1870 domine
3346 1824 3496 1869 tuam
3522 1815 3611 1870 tibi
3634 1831 3778 1879 sema,

2226 1919 2387 1975 quam
2440 1905 2514 1961 ﬁli
2565 1907 2641 1962 tui
2692 1909 3028 1965 dilectissimi
3078 1913 3172 1966 tibi
3217 1927 3451 1981 corpore
3492 1907 3776 1981 conparasti,

2225 2001 2360 2056 nihil
2385 2002 2511 2058 huic
2532 2005 2684 2060 carni
2707 2004 2967 2062 debemus
2987 2018 3042 2062 et
3064 2008 3310 2080 sanguini
3335 2008 3486 2077 (105)
3505 2006 3779 2078 jussuqu

2225 2093 2530 2150 dominicae
2556 2097 2964 2168 redemptionis.
2989 2109 3045 2154 ut
3072 2100 3537 2170 quemadmodum
3560 2097 3778 2168 scriptum

2223 2195 2328 2242 est.
2363 2187 2532 2244 simus
2583 2189 2702 2245 eius
2750 2191 2840 2261 qui
2886 2208 2916 2246 a
2960 2193 3188 2248 mortuis
3230 2191 3574 2257 resurrexit,
3620 2189 3777 2245 merito

2224 2277 2342 2336 tibi.

2294 2409 2414 2448 sua
2447 2407 2838 2450 comssu'no.
2872 2393 3100 2466 Dign‘Um
3133 2403 3188 2450 et
3218 2395 3421 2450 iustum
3457 2402 3554 2450 est.
3582 2407 3772 2464 aequum

2222 2493 2278 2540 et
2318 2484 2518 2540 iustum
2550 2495 2657 2552 est,
2687 2502 2786 2541 nos
2816 2486 2908 2542 tibi
2953 2488 3158 2558 gratias
3193 2503 3356 2558 agerc
3392 2488 3401 2557 |
3435 2494 3614 2542 sancte
3653 2494 3773 2554 pater

2219 2576 2568 2650 omnipotens
2619 2578 2753 2632 deus
2813 2579 2906 2651 qui
2959 2581 3210 2650 quamuis
3259 2577 3642 2651 magnitudinis
3675 2587 3772 2630 tuae

2219 2669 2475 2724 meritum
2530 2669 2695 2741 digno
2736 2685 2990 2726 sermone
3049 2687 3155 2726 non
3196 2671 3452 2728 ualemus
3510 2671 3772 2740 attingere,

2219 2761 2394 2818 laudis
2422 2773 2602 2831 tamen
2631 2763 2872 2819 debitum
2899 2764 3255 2821 libentissime
3286 2766 3630 2830 conﬁtemur,
3653 2760 3770 2830 cujus

2221 2870 2420 2910 nomen
2472 2855 2738 2911 inuictum
2779 2856 2918 2927 regit
2971 2857 3223 2922 caelum,
3279 2867 3489 2912 terram
3541 2857 3708 2920 maria,
3732 2861 3773 2909 et

2221 2960 2345 3001 cum
2373 2963 2438 3003 ex
2473 2957 2524 3002 te
2547 2950 2730 3004 omnia
2771 2959 2822 3004 tu
2872 2951 2924 3004 in
2955 2951 3209 3005 omnibus
3245 2951 3532 3017 inueniris,
3576 2965 3630 3006 es
3662 2948 3772 3003 cui!

2226 3047 2332 3094 tam
2359 3041 2650 3096 excellens.
2683 3052 2741 3097 ut
2776 3042 2919 3098 celsa
2943 3045 3236 3112 posscdcas
3255 3084 3268 3108 ,
3299 3052 3413 3098 tam
3444 3041 3706 3115 dignabilis
3726 3047 3769 3093 ut

2225 3143 2442 3192 terrena
2489 3154 2594 3192 non
2640 3138 2886 3207 deseras,
2919 3140 2998 3195 sic
3046 3141 3211 3196 etiam
3243 3141 3364 3210 pius
3398 3151 3460 3196 ut
3498 3156 3595 3196 nec
3621 3138 3770 3194 inferis

2221 3229 2385 3297 desis,
2421 3246 2655 3302 namque
2678 3249 2801 3287 cum
2827 3243 2971 3289 totus
3001 3250 3214 3303 semper
3241 3245 3297 3288 et
3337 3233 3539 3306 ubique
3575 3234 3664 3299 eis,
3683 3231 3768 3288 cic-

2220 3320 2424 3374 nientia
2471 3322 2776 3378 maiestatis
2815 3333 2971 3391 tuae,
3005 3325 3013 3395 |
3073 3335 3200 3379 nota
3235 3325 3516 3382 sideribus
3543 3323 3766 3397 patefacta

2219 3413 2454 3469 terrenis
2503 3416 2645 3485 apud
2694 3416 2898 3472 inferos
2931 3418 3274 3472 manifestata
3308 3419 3627 3489 perclaruit,
3667 3415 3765 3486 quia

2222 3504 2576 3560 miseratione
2605 3522 2710 3575 qua
2738 3507 2926 3578 polles.
2959 3509 3039 3564 sic
3067 3510 3226 3564 ﬁdem
3251 3511 3586 3566 credentium
3606 3507 3764 3581 pascis,

2217 3596 2402 3650 uthch
2430 3605 2539 3651 tam
2568 3599 2787 3668 copioso
2825 3600 3158 3668 profctarum
3202 3618 3489 3660 numerum
3530 3599 3766 3676 (106)ερὶι

2219 3689 2357 3743 ritus
2399 3700 2622 3744 sanctus
2650 3707 2862 3760 semper
2899 3700 3158 3761 operatus
3202 3695 3292 3760 sit,
3345 3711 3450 3750 nec
3475 3696 3760 3765 discrepans.

2218 3779 2450 3836 alterab
2498 3780 2604 3835 alio
2647 3783 2748 3837 sed
2796 3784 2981 3854 potius
3029 3785 3187 3839 dcmn
3237 3800 3400 3838 unum
3456 3784 3606 3841 etdei
3637 3784 3762 3838 dom.

2218 3871 2396 3926 omnis
2418 3871 2644 3942 profetia
2677 3890 2912 3929 consona
2945 3891 3079 3931 voce
3109 3884 3356 3942 testctur,
3387 3887 3446 3932 ut
3469 3893 3533 3933 eo
3556 3877 3619 3933 sit
3641 3873 3761 3931 nobis

2218 3964 2508 4018 manifesta
2535 3966 2683 4020 fides.
2711 3968 2801 4036 qui
2832 3969 3196 4023 abumlantius
3215 3970 3548 4038 profctarum
3576 3981 3758 4024 numero

2217 4070 2271 4113 et
2297 4061 2603 4116 testimonio
2635 4063 2970 4132 perhibetur.
3005 4064 3398 4119 incrementum
3436 4082 3520 4121 ma
3550 4065 3560 4135 |
3589 4065 3660 4120 ius
3688 4063 3760 4118 ln-

2213 4155 2394 4210 bitura
2422 4157 2762 4212 credulitatis
2793 4158 2942 4229 (107)
2989 4159 3216 4222 intentio
3242 4175 3366 4214 cum
3399 4160 3635 4225 conlatis,
3663 4157 3758 4212 hinc

2213 4258 2268 4303 et
2293 4248 2419 4304 inde
2448 4250 2571 4305 ﬁdei
2619 4251 2876 4306 membris
2923 4251 3204 4320 plenitudo
3232 4255 3479 4325 corporis
3506 4251 3754 4309 inuenitur.

2213 4358 2316 4396 nec
2338 4342 2542 4397 frustra
2569 4342 2621 4396 in
2645 4343 2802 4398 nobis
2823 4358 2920 4412 per
2947 4345 3162 4399 saecula
3189 4348 3525 4413 nuntiantur,
3553 4342 3756 4400 uidelicet

519 4428 750 4484 humum
765 4431 1322 4503 hebetemquelimum
1340 4435 1523 4506 igneus
1542 4437 1714 4506 uigor.
1742 4437 1888 4492 intus
1908 4439 2115 4492 anima-
2141 4437 2193 4498 D
2221 4451 2289 4488 uc
2330 4434 2735 4505 inopinantibus
2777 4435 3059 4490 accederet
3101 4436 3339 4493 caeleste
3381 4436 3691 4495 beneficium.
3714 4438 3756 4487 et

527 4528 630 4575 ret.
655 4521 916 4593 agilisque
937 4532 1084 4579 motu
1109 4539 1280 4581 uenae
1304 4529 1554 4597 tepentis.
1571 4542 1699 4582 caro
1723 4516 1905 4584 nostra
1931 4529 2112 4584 uiues-

525 4623 697 4681 cerct,
725 4616 854 4686 quid
878 4635 1086 4674 sumus.
1120 4628 1176 4674 et
1206 4630 1468 4690 quantum
1496 4636 1750 4677 cruentus
1783 4622 1794 4692 ξ
1826 4623 1953 4677 huic
1981 4622 2108 4678 limo

522 4708 695 4780 leges.
721 4710 848 4768 huic
872 4712 1000 4770 limo
1021 4714 1350 4785 profetarum
1379 4700 1596 4772 oracula
1617 4715 1764 4786 (105)
1797 4718 2110 4789 angelorum

522 4800 828 4859 ministeria
855 4804 1182 4874 militarunt,
1210 4807 1335 4863 huic
1355 4807 1485 4864 limo
1506 4809 1620 4879 ipse
1648 4809 1898 4866 dominus
1923 4809 2111 4866 lhesus

618 4964 707 5023 9'0.
746 4964 891 5022 Loco
936 4965 1103 5023 aolat.

619 5037 709 5093 94)
747 5041 1076 5093 memoriam.

598 5107 711 5178 195)
751 5109 1144 5165 benedictionis.

599 5177 714 5254 (es)
750 5178 867 5254 βεδε
895 5181 963 5237 de
989 5195 1124 5237 voce
1147 5181 1269 5238 vide
1297 5180 1687 5254 Prolegomcna
1712 5190 1916 5238 nostra.
1950 5184 2013 5239 D.

747 5249 890 5334 {ioco
917 5267 1098 5334 aecus.

603 5317 704 5334 [nni
749 5319 792 5334 ιν

2222 4526 2442 4583 diﬁicile
2488 4528 2796 4598 ignorantia
2843 4529 3092 4584 crederet
3138 4538 3280 4600 quod
3322 4531 3503 4586 statim
3544 4529 3750 4591 deberet,

2221 4619 2356 4674 ﬁdes
2416 4618 2739 4674 inluminata
2798 4621 3115 4691 suscipere,
3172 4622 3386 4678 traditis
3444 4625 3611 4694 itaque
3647 4616 3752 4690 legis

2218 4712 2500 4768 ordinibus
2529 4723 2585 4768 et
2629 4713 2907 4784 inspiratis
2954 4713 3289 4783 profetarum
3334 4715 3550 4772 uocibus
3592 4709 3746 4769 indicis

2218 4814 2598 4874 cucurrerunt,
2620 4815 2680 4861 ut
2703 4822 2826 4862 cum
2855 4807 3077 4863 caelesti
3099 4807 3365 4864 beneﬁcio
3385 4807 3744 4881 gratularentur.

2284 4970 2396 5042 (99)
2418 4967 2565 5042 ng.
2597 4968 2715 5042 vim.
2746 4968 3027 5042 MUELLER.

2285 5032 2433 5111 (100)
2475 5032 2785 5112 δῖιηειὶυιιιὶ
2833 5043 2896 5095 de
2921 5043 3339 5112 persecutoribus
3361 5045 3471 5100 suis
3496 5050 3540 5100 et
3575 5032 3741 5096 diabolo

2210 5110 2620 5189 triumpharunt.
2654 5110 2792 5164 Mab.
2829 5110 2964 5189 198.Δ
3043 5185 3070 5189 _
3284 5187 3334 5189 Η
3461 5186 3469 5189 _
3531 5185 3541 5189 Α
3610 5182 3620 5189 ,
3705 5177 3716 5189 ,

2284 5178 2432 5252 (101)
2484 5178 2629 5236 Loco
2670 5184 2986 5238 accusativi.
3041 5185 3205 5243 Deest
3252 5182 3647 5244 abbreviationis
3682 5178 3742 5234 Si.

2211 5269 2423 5334 WE“);
2511 5279 2545 5334 '.
