3924 6318
592 362 698 431 8⁵115
713 363 719 374 ’

1429 368 1698 426 APPEND
1737 365 1828 425 AD
1859 365 2032 427 SEC.
2072 369 2140 426 Χ.
2173 360 2264 411 ’Ῑ
2292 368 3036 429 ΜΟΝΠΜΕΝΤΔίΙΤυΒΟ.

3696 376 3776 432 8τῦ

592 486 730 544 biles
763 483 968 540 {armas
991 479 1305 547 elementis,
1358 477 1695 553 stupentibus
1733 484 2004 552 addidisti,
2039 480 2176 541 "cum

2293 485 2298 530 ἶ
2349 487 2481 557 (post
2529 488 2986 555 communionem.)
3036 483 3416 556 R‘ei'eetiiii‘l)
3455 493 3772 546 eaeaeaelesti.

593 577 726 634 solis
750 577 963 648 ignibus
987 584 1138 631 tener
1171 576 1410 631 mundus
1446 575 1594 647 (125)
1620 577 1854 633 erubuit.
1881 585 1936 632 et
1984 577 2180 633 lunare

593 667 982 724 commercium
1029 667 1176 720 rudis
1207 674 1348 721 terra
1389 667 1582 722 mirata
1629 678 1734 734 est,
1789 669 1892 724 hac
1932 681 2001 725 ne
2039 671 2173 727 haec

591 758 775 813 omnia
801 756 978 810 nullus
1012 756 1282 810 habitator
1322 766 1564 824 ornaret,
1595 758 1832 828 solisque
1873 761 2036 830 rebus
2071 771 2174 814 ua-‘

591 850 708 906 cuis
733 848 882 904 orbis
909 848 1232 914 intenderet,
1263 847 1404 903 facta
1427 857 1512 903 cst
1537 851 1604 904 de
1625 850 1755 905 limo
1786 854 2034 908 manibus
2065 853 2170 907 tuis

592 938 785 1004 ﬁgura.
813 938 1197 1008 praestantior.
1252 952 1412 1007 quam
1459 953 1614 994 sacer
1643 941 1782 1011 ignis
1813 941 1824 1010 1
1858 942 2004 996 intus
2049 944 2168 996 ani-

589 1039 789 1094 meret,
820 1030 1107 1100 pigrasque
1156 1044 1253 1099 per
1297 1039 1478 1098 partes
1508 1031 1663 1101 agilis
1716 1032 1898 1086 anima
1928 1034 2172 1088 uiuesce-

591 1131 699 1186 ret,
729 1121 961 1178 scrutari
990 1134 1095 1175 non
1121 1120 1247 1176 licet
1269 1131 1425 1191 pater
1460 1122 1717 1177 interiora
1761 1123 2036 1193 mysteria,
2075 1124 2168 1179 tibi

590 1213 689 1269 soli
715 1213 896 1282 operis
942 1211 1016 1266 tui
1057 1222 1184 1266 nota
1220 1213 1496 1277 maiestas,
1524 1214 1651 1283 quid
1700 1213 1827 1268 illud
1856 1215 1910 1268 in
1953 1215 2173 1271 homine

587 1301 730 1372 quod
761 1300 991 1372 pauidus
1017 1309 1190 1355 artus.
1243 1309 1496 1370 terraque
1543 1302 1837 1370 uiuentem,
1879 1303 2093 1359 clausus
2116 1305 2174 1360 in‘

586 1393 743 1459 uenis
790 1392 1029 1462 sanguis.
1097 1391 1344 1446 interluit
1387 1393 1531 1462 quod
1594 1393 1804 1451 solutae
1855 1411 2165 1465 corporum.

587 1483 800 1554 species
847 1483 1034 1537 neruis
1088 1482 1388 1553 rigentibus
1437 1484 1778 1556 colliguntur,
1807 1498 1862 1542 et
1913 1488 1965 1542 in
2007 1489 2170 1560 tetris

588 1576 700 1631 sola
728 1576 1053 1631 uisceribus.
1081 1590 1204 1630 ossa
1237 1577 1627 1641 redolescunt,«'
1647 1578 1741 1632 sed
1767 1579 1910 1633 unde
1959 1587 2171 1636 tantum

585 1667 804 1722 miseris
825 1668 1047 1732 bonum,
1079 1678 1140 1722 ut
1183 1666 1292 1722 ﬁlio
1324 1677 1414 1723 tuo
1437 1669 1640 1738 tibique
1667 1670 1741 1723 si-
1772 1670 1780 1738 |
1815 1669 1971 1725 miles
1998 1670 2167 1742 ﬁnge-

585 1771 788 1822 remur,
823 1763 878 1812 et
920 1757 1125 1827 aliquid
1156 1757 1222 1810 dc
1253 1766 1398 1812 terra
1447 1772 1570 1812 esse
1615 1768 1921 1814 aeternum.
1977 1762 2169 1817 beatae

585 1847 904 1903 maiestates
933 1857 1056 1901 tuae
1075 1857 1359 1918 praecepta
1415 1850 1767 1919 perdidimus,
1812 1853 2173 1923 mortalesque

583 1949 804 1989 rursum
845 1935 898 1989 in
951 1943 1149 1989 terram
1178 1951 1242 1989 ex
1273 1953 1378 2005 qua
1407 1953 1729 1992 ueneramus
1756 1938 1975 1994 inmersi
2008 1940 2173 1996 delle-

583 2025 797 2087 bamus,
854 2033 1074 2079 aeterna
1130 2026 1255 2079 doni
1321 2026 1395 2080 tui
1446 2027 1643 2081 amissa
1684 2027 1906 2093 solacia,
1957 2031 2050 2084 sed
2084 2038 2171 2084 tua

585 2114 872 2185 multiplex
901 2114 1132 2168 bonitas.
1166 2114 1615 2186 inaestimataque
1637 2117 1915 2181 maiestas,
1940 2119 2174 2174 salutare

585 2207 817 2262 uerbum
847 2206 994 2262 misit
1019 2220 1049 2260 e
1071 2205 1239 2269 caelo,
1271 2207 1416 2276 quod
1466 2207 1686 2262 humani
1712 2209 1957 2277 corporis
1985 2210 2176 2264 inmix~

584 2300 739 2354 tione
763 2304 1099 2353 concretum.
1134 2298 1373 2366 perditas
1394 2297 1595 2353 saeculi
1633 2307 1834 2368 partes.
1860 2308 1914 2354 et
1945 2300 2171 2355 uulnera

583 2387 806 2456 antiqua
849 2393 1092 2451 curaret,
1150 2387 1325 2455 ipsum
1386 2387 1552 2456 igitur
1599 2403 1791 2452 omnes
1831 2389 2010 2458 angeli
2049 2404 2171 2444 eum

582 2477 891 2549 multiplici.
940 2478 1095 2532 turba
1145 2486 1481 2533 sanctorum.
1539 2479 1848 2535 incessabili
1875 2495 2010 2535 uoce
2040 2495 2171 2536 cono

584 2565 815 2623 laudant
843 2568 1106 2624 dicentes.
1135 2559 1284 2626 SSS.

655 2686 790 2758 (post
820 2686 1079 2757 sanctus.)
1107 2685 1259 2742 lianc
1311 2688 1366 2742 in
1415 2686 1643 2743 excelsis
1671 2684 1876 2759 gloriae
1906 2699 2030 2742 tuae
2060 2686 2170 2740 laus

585 2777 710 2832 dem
745 2791 1100 2845 supernarum
1129 2767 1676 2834 creaturaruin‘uoce
1727 2781 2040 2844 resonante,
2073 2795 2172 2834 no-

581 2869 671 2924 bis
697 2871 910 2939 quoque
939 2867 1152 2923 iamuiis
1185 2871 1292 2924 tuis
1316 2869 1589 2941 cognitam
1617 2870 1732 2924 ﬁeri
1761 2871 1935 2940 pietas
1964 2877 2049 2922 tua
2075 2885 2172 2922 uo-

574 2959 702 3026 luit,
743 2970 798 3016 et
834 2961 973 3015 haec
1001 2965 1292 3030 praeconia
1323 2963 1552 3020 sedebus
1590 2961 1884 3017 celebrata.
1917 2962 2166 3016 sidereis.

579 3049 1018 3121 magnificentiae
1043 3057 1166 3106 tuae
1209 3051 1428 3106 donum.
1465 3069 1572 3108 non
1623 3052 1794 3108 solum
1837 3053 2168 3107 nascendum

578 3147 801 3202 famulis
829 3146 957 3200 tuis.
986 3144 1079 3200 sed
1101 3145 1267 3201 etiam
1293 3129 1655 3202 himctandam
1680 3145 1828 3218 (124)
1856 3153 2164 3217 patuerunt,
2197 3161 2243 3224 ο

581 3231 683 3304 Qui
718 3236 911 3306 pridie.
1009 3241 1012 3244 ’

685 3351 698 3420 1
731 3349 867 3420 (post
887 3323 1138 3419 secreta.)
1183 3350 1412 3420 Respice
1443 3347 1605 3417 igitur
1635 3344 2052 3401 clementissime
2077 3360 2172 3415 pa-

577 3416 696 3494 ter;
730 3416 804 3493 iiii
830 3439 1077 3526 instituta
1099 3416 1373 3495 'ecc‘lesiae
1405 3416 1648 3507 mt'stiria
1679 3429 2026 3488 credentibus
2055 3448 2172 3506 mu-

574 3546 729 3595 nera,
763 3545 794 3584 a
821 3523 1250 3601 supplicantibus
1297 3527 1478 3583 oblata
1530 3537 1586 3580 et
1629 3523 1903 3594 eroganda
1955 3523 2171 3594 supple-

569 3621 830 3677 cantibus
859 3637 912 3691 p.
941 3615 1003 3674 'd.
1034 3609 1147 3674 ill—ll.
1305 3619 1312 3626 ’

583 3717 588 3722 ’
644 3733 796 3799 (ante
842 3733 1131 3787 orationem
1179 3729 1541 3798 dominicam.)
1586 3727 1786 3798 indigni
1813 3725 2032 3797 quidem
2067 3740 2161 3780 su-

573 3839 700 3879 mus
728 3823 950 3878 nomina
996 3823 1231 3876 liliorum
1264 3819 1610 3888 omnipotens
1655 3817 1787 3871 deus
1824 3815 1916 3870 sed
1951 3801 2166 3869 iouente

572 3915 731 3991 (125)
767 3928 817 3974 te
855 3916 1003 3990 (I26)
1061 3916 1281 3972 domino
1325 3921 1512 3967 nostro
1572 3909 1737 3965 Jhesu
1797 3907 2015 3963 Christo
2055 3906 2165 3962 lilio

573 4021 690 4067 tuo.
749 4011 876 4066 licet
921 4007 1244 4079 tripidantes
1293 4014 1472 4059 tamen
1545 4000 1917 4063 oboedientes,
1973 3996 2162 4052 humili

572 4111 756 4159 mente
784 4117 1005 4158 oramus
1035 4109 1091 4156 et
1123 4097 1392 4153 dicemus.
2141 4173 2144 4180 Ι

649 4213 784 4282 (post
839 4209 1127 4265 orationem
1159 4203 1523 4282 dominicam.)
1559 4203 1756 4258 Libera
1791 4217 1894 4256 nus
1940 4216 1971 4254 a
2020 4200 2162 4258 malo

576 4319 706 4358 uos-
738 4304 748 4372 1
783 4310 864 4356 tra
903 4300 1148 4365 libertas,
1203 4297 1329 4370 quia
1361 4297 1455 4352 tibi
1488 4294 1610 4351 suli.
1646 4294 1776 4349 licet
1822 4307 2021 4364 augere
2048 4308 2159 4360 mea

572 4397 700 4451 rita.
726 4404 784 4451 et
821 4392 1302 4462 demittipeccata.
1330 4403 1535 4444 euacua
1585 4401 1684 4442 nos
1713 4385 1883 4439 uitiis.
1918 4394 1972 4437 et
2011 4384 2159 4453 reple

2279 577 2470 647 poculo
2503 577 2704 631 domini
2735 576 2962 630 recreati
2988 574 3092 630 deo
3122 574 3260 644 patri
3281 575 3616 643 omnipotenti
3637 576 3776 636 laudes

2277 677 2331 723 et
2360 670 2561 738 gratias
2587 667 2885 722 referamus
2905 682 2956 735 p.
2998 667 3050 721 d.

2347 761 2701 832 (benedictim)
2726 759 2932 814 Exaudi
2973 773 3072 814 nos
3094 758 3311 813 domine
3357 766 3415 813 et
3452 768 3645 828 praesta
3678 774 3779 828 quae

2276 863 2328 908 te
2379 853 2627 922 petimus,
2674 865 2864 922 pacem
2909 860 3054 908 tuam
3087 851 3097 919 1
3129 849 3421 920 perfectam
3450 849 3514 905 de
3555 849 3780 904 caelis.da

2274 946 2431 998 nobis
2453 943 2923 1013 hodtepaciiicum
2961 955 3176 1011 quoque
3209 944 3352 995 hunc
3387 940 3544 994 diem.
3563 948 3613 996 et
3633 940 3782 996 citeros

2274 1036 2389 1088 dies
2412 1035 2556 1089 uitae
2587 1043 2804 1089 nostrae
2842 1042 3058 1102 praesta
3088 1047 3278 1102 pacem
3309 1047 3362 1101 p.
3395 1031 3450 1086 d.
3477 1017 3583 1084 ἦε.

2270 1108 2357 1201 ﬁ,
2400 1124 2547 1192 (128)
2621 1137 2626 1142 -
2829 1121 3072 1193 (mssa
3118 1119 3275 1191 vn.)

2342 1211 2665 1283 (prae/otio.)
2698 1210 3092 1282 Supplicantes.
3113 1211 3302 1272 humili
3320 1225 3532 1282 praeco.
3548 1208 3623 1264 dei
3641 1212 3783 1281 patris,

2272 1313 2326 1357 et
2351 1303 2552 1358 domini
2582 1302 2754 1357 nostri
2785 1302 2948 1357 Jhesu
2999 1301 3222 1357 Christi.
3272 1302 3600 1355 maiestatem
3640 1301 3786 1371 ubique

2273 1394 2656 1449 dominantem.
2693 1393 2881 1448 humili
2929 1408 3125 1462 praece
3169 1394 3571 1467 depraecemur,
3600 1407 3785 1447 conme-

2272 1489 2631 1543 morat‘onem
2661 1487 2943 1551 facientes,
2969 1503 3068 1558 pro
3090 1487 3345 1542 omnibus
3366 1486 3650 1556 epyscopis,
3672 1499 3786 1555 prae-

2272 1578 2489 1632 shiteris
2517 1578 2835 1633 diaconibus
2879 1576 3301 1632 subdiaconibus
3344 1577 3678 1644 omnibusque
3708 1591 3787 1629 me-

2273 1669 2464 1724 nistris
2489 1669 2620 1724 suis.
2649 1671 2724 1724 uti
2753 1683 2847 1725 eos
2895 1677 3084 1724 sancto
3129 1669 3322 1738 spiritu
3377 1677 3545 1737 regat.
3595 1669 3786 1724 deuotum

2277 1761 2379 1816 sibi
2403 1778 2464 1815 ac
2487 1760 2720 1815 dicatum
2753 1759 2764 1831 1
2799 1760 3068 1831 uirginum
3089 1759 3371 1831 podorem.
3395 1769 3450 1814 et
3464 1759 3788 1814 mutinentiu

2276 1850 2606 1920 propositum
2651 1851 2917 1919 integrum
2964 1851 3017 1903 in
3051 1849 3318 1904 omnibus
3370 1849 3789 1919 intemeratuqu

2276 1940 2538 1994 concedat
2564 1940 2848 1994 uiduarum
2877 1940 3226 1995 laboriosam.
3252 1939 3594 1994 tolerantiam
3620 1955 3700 1994 sua
3719 1941 3788 1993 mi-

2274 2030 2548 2086 seratione
2577 2030 2882 2094 confoueat,
2934 2030 3141 2085 orianis
3169 2045 3390 2099 quoque
3421 2045 3572 2100 open.
3607 2038 3788 2097 paterna

2272 2119 2493 2188 pietatis
2538 2118 2812 2186 indulgeat
2847 2119 3017 2190 (129),
3069 2119 3512 2186 misericordibns
3541 2120 3787 2173 misericor-

2274 2207 2417 2262 diam
2449 2207 2733 2278 largiatur,
2770 2208 3007 2278 aegrotis
3034 2207 3320 2262 medellam
3365 2207 3584 2272 tribuat,
3625 2206 3787 2260 uberta-

2274 2304 2382 2351 tem
2413 2311 2628 2367 quoque
2657 2305 2834 2351 terrae
2866 2306 2921 2350 et
2951 2296 3166 2366 frugum
3195 2297 3412 2366 copiam
3443 2295 3788 2360 sumministret,

2273 2384 2521 2441 adﬂictos
2549 2387 2758 2454 poenis.
2807 2402 2872 2443 ac
2898 2387 3296 2442 uexationibtts.
3348 2386 3567 2456 piasque
3607 2385 3789 2440 ninnium

2270 2491 2494 2546 praeces
2518 2477 2776 2532 exaudire
2804 2477 3056 2547 dignetur
3080 2492 3114 2547 p
3167 2477 3220 2531 d.
3255 2478 3273 2545 (
3283 2477 3410 2546 150)

2277 2611 2284 2620 .
2344 2566 2656 2637 (σοιιεειὶο.)
2693 2566 2898 2621 Exaudi
2936 2582 3033 2621 nos
3056 2567 3188 2622 deus
3232 2575 3394 2637 pater
3417 2575 3720 2636 omnipotens
3751 2572 3789 2617 et

2271 2667 2488 2728 praesta
2513 2674 2619 2728 que
2649 2659 2882 2730 petimus
2922 2675 3020 2729 per
3065 2660 3405 2728 unigenitum
3453 2667 3506 2714 et
3533 2654 3788 2729 primogeni-

2274 2759 2384 2803 tom
2403 2749 2626 2805 Jhesum
2647 2750 2920 2806 Christum
2945 2750 3110 2804 tilium
3138 2760 3287 2804 tuum
3317 2750 3590 2805 dominum
3609 2757 3654 2802 et
3671 2747 3786 2800 deum

2273 2847 2519 2892 nostrum
2543 2839 2816 2894 uiuentem
2845 2834 3262 2907 manantemque
3283 2846 3485 2892 tecum.
3510 2851 3623 2891 cum
3645 2833 3787 2904 spiritu

2271 2937 2463 2988 sancto
2489 2927 2544 2982 in
2576 2937 2798 2988 aeterna
2824 2927 3427 2987 saeculasaeculorum.
3458 2941 3604 2982 amen

2350 3018 2494 3088 (ante
2539 3019 2795 3089 nomina.)
2854 3019 3084 3075 Oremus
3132 3019 3402 3074 carissimi
3453 3033 3548 3089 pro
3589 3013 3786 3084 fratribus

2275 3107 2496 3162 nostris.
2532 3108 2622 3176 qui
2655 3107 2888 3164 oil'erunt
2925 3110 3025 3164 deo
3060 3118 3245 3168 nostro
3282 3108 3549 3178 Spil‘ilalia
3599 3117 3784 3164 munera,

2273 3205 2520 3264 petentes
2552 3206 2611 3252 ut
2634 3197 2918 3262 oblationis
2963 3197 3196 3262 illorum.
3246 3208 3473 3269 accepto
3498 3196 3626 3252 ferre
3647 3194 3783 3262 digne-

2269 3295 2379 3354 tur.
2413 3289 2663 3343 restituat
2690 3289 2811 3343 illis.
2833 3305 2936 3359 pro
2972 3289 3242 3361 modicisi

2820 3420 3068 3490 (MISSA
3119 3419 3308 3492 rm.)

2900 3531 3228 3602 (praefulio.)

2267 3619 2495 3679 Siderea
2528 3621 2594 3676 de
2622 3620 2749 3675 sede
2781 3621 2958 3674 nitens
2992 3619 3133 3675 bone
3160 3622 3417 3676 conditur
3446 3620 3603 3683 orbis,

2271 3722 2325 3769 te
2349 3714 2550 3783 pietate
2565 3711 2799 3782 probans
2815 3711 2920 3766 non
2937 3721 3121 3766 nostra
3137 3712 3224 3766 hic
3240 3713 3469 3766 crimina
3483 3709 3675 3782 pinsas(
3684 3704 3768 3772 1511

2269 3797 2547 3877 espositas
2575 3805 2798 3859 admitte
2825 3817 3031 3874 preces,
3063 3811 3119 3857 et
3147 3801 3326 3858 iudice
3357 3803 3494 3857 libra

2268 3901 2455 3954 mitior
2479 3898 2688 3968 aequali
2722 3914 2826 3951 non
2857 3896 3087 3952 reddens
3114 3896 3356 3965 pondere
3384 3909 3622 3966 poenam,

2265 4005 2478 4047 errores
2509 3990 2726 4062 ignosce
2757 3990 2934 4060 gregis
2955 3996 3247 4060 pastorque
3274 3986 3438 4042 lidilis

2265 4083 2464 4154 ereptis
2485 4081 2678 4137 obibus
2701 4081 2847 4153 (152)
2877 4079 3140 4150 paradissi
3162 4078 3356 4150 pabola
3391 4076 3595 4134 reddas.
3621 4091 3666 4146 p.
3685 4071 3724 4128 (1.
3743 4085 3777 4122 n-

2903 4193 3204 4265 (collectio.)

2263 4288 2488 4345 Summe
2540 4297 2690 4365 satur
2741 4301 2960 4352 rerum,
3015 4285 3107 4358 qui
3147 4284 3324 4356 .spinis
3363 4283 3536 4353 cultor
3571 4277 3778 4346 ad-tim-

2645 4425 2648 4430 .
3329 4425 3349 4435 .,
3480 4366 3731 4435 1111181153)

3329 4425 3349 4438 ,,
3407 4441 3410 4444 1
3480 4373 3599 4447 [ptis
3617 4369 3686 4442 (15

571 4501 674 4542 nos
709 4481 1026 4546 uirtutibus,
1050 4491 1108 4537 ut
1147 4479 1485 4536 sanctificata
1515 4486 1678 4546 atque
1707 4484 1889 4550 auxia.
1921 4473 2157 4552 sanctifi-
2182 4507 2236 4568 υ
2262 4469 2564 4526 catholicae
2591 4468 2852 4546 ecclesiae
2877 4467 3143 4538 plantaria
3171 4465 3276 4522 ﬁda
3308 4467 3524 4530 locasti,
3618 4539 3624 4548 _
3671 4523 3674 4526 ,

569 4589 662 4632 cet
683 4574 848 4632 corda
884 4575 1009 4629 dum
1041 4571 1305 4627 creditur.
1346 4567 1521 4623 deleat
1549 4572 1775 4636 peccata
1813 4564 1938 4618 dum
1971 4575 2154 4617 sume-
2182 4558 2228 4592 ’⁷
2266 4561 2439 4631 plecte
2461 4558 2610 4632 (154)
2642 4559 2825 4614 oculos
2852 4558 2919 4612 ad
2950 4566 3072 4612 uota
3095 4558 3234 4628 pius.
3263 4574 3361 4630 age
3385 4567 3560 4612 tuente
3587 4565 3754 4612 serena,

573 4679 683 4734 tur,
718 4666 886 4721 uthic
929 4673 984 4718 et
1010 4664 1063 4718 in
1090 4671 1372 4718 aeternum
1429 4657 1566 4713 salui
1597 4669 1716 4712 esse
1769 4669 2076 4709 mereamur
2100 4669 2155 4723 p.

572 4759 626 4814 d.
661 4764 775 4813 nm'.

640 4917 792 4989 (l25)
828 4915 1004 4972 Proba
1050 4914 1324 4980 Falconia,
1376 4926 1521 4967 vers.
1571 4909 1677 4966 150
1723 4927 1735 4963 :
1784 4918 1930 4963 tener
1971 4907 2157 4964 mundi

568 4989 731 5045 orbis.

572 5087 576 5092 -
640 5059 790 5128 (tat)

667 5127 790 5202 135)
820 5127 1053 5202 jubeute.

571 5231 576 5238 -
639 5189 857 5272 (126ἰέ
893 5196 1150 5252 abundat.
1189 5194 1360 5248 MONE.
1397 5193 1596 5247 Forsan
1648 5189 1928 5260 legendum
1974 5199 2056 5243 est
2105 5199 2154 5242 te

566 5271 738 5327 ιω).

637 5340 788 5412 (197)
827 5339 1027 5412 referti
1202 5405 1216 5412 _
1381 5402 1426 5412 .-
1573 5401 1586 5412 .
1921 5393 1928 5401 ι

637 5397 786 5480 (128)
828 5397 981 5462 Mone
1011 5415 1163 5480 putat
1185 5405 1318 5460 duas
1347 5402 1513 5480 eifrgs
1555 5401 1765 5464 deesse,
1815 5397 2006 5470 nempe

567 5467 658 5536 ita‘
677 5491 737 5536 ut
762 5467 928 5534 inissa
953 5467 1144 5532 or'dine
1165 5489 1303 5529 nona
1332 5474 1418 5528 sit.
1454 5471 1511 5526 Si
1541 5481 1717 5526 tamen
1739 5486 1769 5524 a
1801 5467 2026 5524 numero
2055 5467 2145 5523 VII

567 5551 751 5606 missae
785 5549 844 5604 S.
872 5546 1124 5601 Germani
1149 5538 1508 5614 'regrediendo
1537 5555 1807 5614 numeres,
1848 5539 2146 5614 concordat

565 5634 829 5677 numerus
876 5617 940 5670 111
967 5631 1085 5672 cum
1103 5615 1191 5670 illo
1209 5609 1320 5679 ῩΙΙ,
1360 5615 1433 5668 ita
1458 5622 1516 5666 ut
1537 5611 1674 5666 alius
1699 5612 1984 5665 missarum
2011 5609 2143 5663 ordo

545 5703 693 5748 .esse
715 5690 984 5750 videatur,
1017 5702 1080 5738 ex
1109 5700 1218 5755 quo
1247 5686 1425 5740 missa:
1451 5682 1696 5755 quaedam
1725 5681 1919 5755 desint.
1946 5679 2014 5755 _D.

639 5759 788 5833 (129)
827 5758 992 5826 Mal»,
1017 5750 1143 5826 255,
1176 5755 1412 5813 devotum
1441 5750 1501 5810 ac
1529 5753 1757 5808 dicatum
1787 5750 1883 5806 sibi
1911 5750 2140 5820 virgina-

829 5055 1161 5110 imitandam.

2264 4653 2400 4706 haec
2426 4661 2483 4704 ut
2509 4649 2817 4719 apostoleco
2845 4648 3091 4703 fodeatur
3115 4649 3272 4703 uinea
3314 4658 3515 4714 rastro,

2262 4744 2513 4800 adridens
2544 4741 2716 4806 foliis,
2748 4741 2920 4795 uiuaci
2952 4739 3172 4810 palmite
3198 4756 3452 4803 uernans,

2259 4901 2376 4956 Iem'
2393 4899 2644 4964 pudorem
2665 4906 2711 4952 et
2742 4893 3424 4964 continentimtpropositum
3446 4891 3694 4964 gloriosum
3712 4892 3770 4964 ql-

2261 4989 2359 5042 que
2389 4957 2591 5042 beatum
2619 4971 2682 5042 1ηΔ
2695 4967 2933 5022 omnibus
2958 4957 3220 5042 custodiat
3244 4982 3264 5029 ;
3305 4957 3578 5042 viduarum
3599 4957 3772 5042 Inferio-

2258 5024 2372 5094 s'am
2401 5039 2774 5093 continentiam
2803 5053 2901 5090 sua
2944 5024 3279 5106 miseratione
3316 5033 3606 5106 confoveat;
3630 5024 3769 5094 Orpha-

2258 5113 2340 5164 nis
2372 5126 2517 5174 opem
2549 5111 2755 5177 pietatis
2785 5117 3017 5175 paterme
3040 5105 3324 5177 impertiat.

2328 5170 2476 5251 (150)
2511 5170 2594 5232 Ci.
2625 5170 2927 5232 orationem
2966 5170 3511 5245 apud'Mabili.,-294.

2329 5251 2476 5321 (151)
2511 5265 2719 5318 pensas;
3125 5260 3127 5262 ·
3283 5291 3287 5296 .

2326 5321 2473 5389 (152)
2505 5321 2703 5372 ovibus.
2870 5386 2888 5389 Α
2936 5351 2940 5356 -
3009 5368 3014 5372 .
3068 5338 3108 5389 χ
3284 5384 3340 5389 __
3439 5345 3442 5348 ~

2495 5389 2660 5462 Mal_).,
2854 5386 3003 5462 Deus
3021 5387 3130 5454 qui,
3170 5384 3366 5462 evulsis
3408 5373 3764 5462 superstitioan

2249 5446 2434 5533 spinis,
2453 5446 2466 5462 ’
2483 5462 2538 5512 in
2570 5446 2812 5533 Ecl-(esid
2835 5468 2926 5533 tua
2952 5446 3364 5533 ριαξηςάτεαῃάεί
3392 5446 3496 5533 alii
3534 5446 3763 5533 ταέίςερς

2248 5517 2433 5596 abisti,
2457 5529 2648 5597 respice
2677 5529 2744 5581 de
2767 5527 2894 5581 caelo
2922 5517 2968 5580 et
2998 5528 3149 5581 visita
3185 5517 3384 5597 vineam
3414 5525 3575 5597 istam,
3601 5524 3642 5568 et
3663 5517 3760 5597 pur:

2247 5615 2327 5658 sta
2364 5591 2442 5665 ut,
2469 5610 2516 5652 te
2537 5591 2806 5672 irrigante,
2829 5599 3059 5666 fructum
3093 5597 3314 5672 accipiat
3339 5595 3400 5646 in
3424 5593 3646 5672 κρςηπιεν
3675 5591 3761 5649 ii"

2249 5684 2296 5728 te
2323 5672 2590 5740 plantante
2614 5666 2987 5740 incrementum
3019 5669 3212 5736 accepit
3240 5666 3293 5718 in
3316 5666 3549 5734 germine.

2320 5739 2467 5814 (154)
2504 5739 2664 5809 plecte
2691 5754 2789 5810 pro
2818 5739 2987 5806 ﬂecte.
3405 5753 3436 5767 -ο
