3902 5334
464 255 579 323 θῖθ

1267 247 1557 304 APPEND.
1591 246 1689 333 an
1725 246 1898 303 SEC.
1940 246 2009 304 Χ.
2050 277 2122 286 -
2158 246 2594 307 ΜΟΝΗΜΕΝΤΑ
2655 244 2940 305 LITUBG.

3619 246 3711 306 880

475 369 591 433 lux,
632 364 739 431 uia,
776 346 911 428 uita,
965 361 1148 427 decus,
1199 360 1348 432 Spis,
1391 361 1557 426 lens,
1595 366 1775 423 sator,
1828 357 2052 424 arbiter,

2177 358 2566 431 tropiciandam.
2590 358 2828 431 diuinam
2852 356 3173 428 potentiam.
3201 356 3382 414 stabat
3403 357 3728 418 ﬁdelissimus

1798 458 1989 505 auctor

475 545 673 616 gratia,
701 542 934 608 dulcido,
954 506 1253 619 sapientia,
1284 538 1454 609 gloria
1480 553 1729 611 regnum,
1773 447 1796 520 [

474 600 569 707 (viui
619 600 751 693 sine.
787 600 984 703 prinll
1016 600 1157 702 cipio
1185 600 1430 702 praestas
1476 600 1624 702 (165)
1655 600 1773 685 sine
1814 627 1922 683 line
1963 600 2095 699 per.

1003 783 1007 788 .
1641 716 1786 789 [eum
1816 715 1989 788 (166).

474 816 631 888 cujus
659 818 833 870 trtnus
857 826 992 884 apex
1022 818 1336 875 statutttrta
1362 808 1601 866 maxime
1628 807 1775 880 (-167)
1800 822 2002 863 rerum.

474 907 575 970 sol,
602 905 750 972 luna,
774 913 944 969 astra,
970 888 1129 975 polus
1154 902 1435 957 radiarunt
1461 900 1663 965 lumine
1683 900 1967 964 mundum,

472 997 619 1057 funs.
663 1010 849 1068 pecus,
874 995 1069 1059 herba,
1100 992 1273 1047 frutex
1306 1000 1481 1051 terras
1512 990 1747 1063 uariauit
1773 991 2002 1057 honore,

468 1090 659 1162 piscis,
713 1089 946 1150 concha.
995 1086 1155 1157 lapis,
1205 1083 1309 1153 sal,
1376 1097 1569 1152 murex
1615 1097 1855 1152 aequora
1911 1095 2065 1136 com-

756 1240 761 1249 .
936 1238 940 1243 .
1219 1210 1222 1215 ~
1632 1232 1635 1233 κ
1676 1171 1814 1245 [plet
1843 1170 1990 1244 (ws)

471 1270 553 1328 sic
573 1269 850 1326 hominem
878 1267 1090 1339 genitor
1114 1266 1318 1322 tinxisti
1345 1265 1548 1322 ductile
1577 1265 1724 1336 (169)
1756 1265 1883 1320 limo

478 1369 644 1431 atque
679 1358 984 1414 rcformasti
1011 1367 1132 1429 post
1157 1356 1387 1412 crimina
1407 1358 1554 1431 fonte
1583 1355 1806 1422 lauacri.

470 1450 619 1506 unde
647 1449 742 1506 tibi
765 1449 960 1504 merito
980 1463 1160 1503 rerum
1188 1448 1320 1503 deus
1343 1462 1448 1502 una
1477 1447 1679 1502 triades
1706 1445 1856 1519 (170)

471 1538 698 1595 uocibus
738 1537 996 1611 angelicis
1038 1538 1174 1593 haec
1223 1537 1469 1592 carmine
1517 1545 1707 1594 sancta
1765 1534 2032 1605 resultatl

1289 1648 1292 1651 ν
1776 1626 1892 1699 [θυι
1917 1642 1995 1681 ιιι.

644 1773 650 1779 .
1060 1720 1196 1791 (post
1219 1718 1478 1791 sanctus.)

472 1811 620 1868 Uere
645 1810 923 1878 terribilis,
953 1820 1194 1878 sanctus,
1231 1811 1569 1875 metuendus,
1603 1811 1886 1875 amandus,

473 1904 752 1973 conditur,
785 1902 1106 1968 instructor,
1138 1886 1458 1977 modiratur,
1486 1910 1650 1967 tutor,
1674 1914 1953 1972 operatur,
2073 1971 2077 1981 ι

475 1984 873 2066 quiproprium
924 1993 1184 2064 genitum,
1239 2007 1336 2064 per
1382 2008 1543 2048 ouem
1577 1993 1835 2047 uirtutem
1883 1999 2068 2062 pater-

838 2124 841 2127 ν
1022 2108 1027 2114 ‘
1424 2102 1427 2107 ‘
1665 2082 1814 2155 [nam
1843 2083 1992 2154 (171)

478 2184 609 2233 tunc
630 2172 988 2245 adoliscentes
1019 2171 1166 2244 (I72)
1198 2171 1441 2228 formasti
1471 2183 1685 2228 exorna
1717 2172 1898 2228 mundi
1920 2211 1937 2240 ,

477 2268 700 2343 mittere
723 2267 853 2321 sede
883 2265 990 2327 poli
1020 2266 1233 2320 demum
1256 2266 1504 2334 dignatus
1539 2280 1599 2321 es
1621 2265 1763 2331 orbi,

477 2359 576 2430 qui
600 2368 887 2431 reparatur
910 2357 1057 2430 (175)
1081 2356 1234 2412 adest
1259 2364 1565 2413 nostrarum
1595 2355 1920 2410 animarum.

872 2512 873 2515 η
936 2474 939 2481 -
1348 2436 1351 2443 ἴ
1428 2461 1484 2516 p.
1513 2445 1567 2500 d.
1598 2462 1654 2500 n.
1684 2445 1774 2516 qui
1798 2445 1994 2516 pridie.

552 2541 688 2613 (post
726 2536 970 2613 secreta.)
1018 2537 1265 2593 Misircre
1303 2535 1521 2593 domine
1571 2537 1914 2607 supplecibus
1937 2536 2063 2592 tuis.

478 2640 539 2687 et
588 2630 874 2703 peticionis
920 2629 1243 2700 humiliatet
1276 2628 1369 2683 tibi
1410 2618 1581 2700 plebis
1613 2630 1859 2699 placatus
1904 2628 2066 2683 intel-

480 2725 621 2796 lege,
661 2730 881 2778 moueat
909 2730 963 2793 tc
984 2721 1050 2777 ad
1079 2720 1472 2786 misericordia,
1503 2720 1785 2775 inmenens
1808 2720 1964 2775 nobis
1989 2731 2087 2785 te,

482 2819 770 2873 deserente
823 2814 1139 2880 discrimen,
1192 2813 1376 2884 aSpice
1424 2827 1768 2884 quaesumus.
1812 2812 2070 2868 lacrimas

480 2915 720 2964 nostras.
746 2908 995 2973 ubertate
1020 2903 1264 2959 ﬂetuum.
1293 2905 1382 2958 uix
1410 2904 1654 2958 cadentis
1680 2902 1828 2957 audi.
1865 2901 2069 2971 singul-

2161 465 2373 505 sernns.
2423 450 2758 506 redundabat
2809 449 3053 520 cupiens.
3094 464 3227 521 gens
3279 450 3643 514 ceruicatam,
3679 461 3731 508 et

2160 542 2302 607 inter
2330 541 2572 611 dapsilis.
2603 542 2768 612 dapes
2814 542 3046 612 patriam
3067 541 3389 613 neglixerat.
3422 539 3547 610 iura
3586 542 3729 599 unius

2162 631 2417 687 mulieres
2452 630 2736 701 inpudice,
2792 640 3182 705 portentuosae
3236 631 3383 702 (175)
3432 631 3731 687 colebantur

2163 706 2441 792 ﬁgmenta:
2471 729 2524 776 et
2555 720 2623 775 ad
2652 735 2933 800 sacrorum
2972 720 3347 777 uolumenum.
3398 719 3593 790 legalia
3622 734 3737 774 rna-

2163 813 2544 868 tenmebantur
2572 820 2882 883 praecepta.
2923 811 3220 884 conﬂagrat
3249 822 3307 867 at
3327 810 3533 878 Helias,
3565 827 3733 883 super-

2161 922 2293 963 num
2339 905 2513 961 zelum
2569 919 2831 961 accensus
2857 945 2872 967 ,
2905 904 2916 977 |
2946 905 3209 961 aduersus
3258 904 3553 959 indometa
3589 904 3732 973 (176)

2158 1000 2392 1071 plebem,
2418 1011 2541 1053 mox
2574 997 2807 1067 imperat
2830 996 3167 1062 aclementis,
3195 995 3375 1051 caelos
3405 995 3659 1065 praecepit
3680 1009 3735 1052 ac

2163 1088 2428 1161 nuhehus.
2448 1102 2513 1142 ne
2528 1074 2618 1142 ros
2639 1087 2832 1142 darent
2855 1101 2922 1142 ne
2935 1085 3166 1156 pluuias,
3186 1085 3403 1158 lugebat
3424 1084 3586 1140 tellus
3598 1086 3739 1141 steti.

2088 1210 2094 1225 ς
2163 1177 2258 1232 les.
2283 1177 2516 1232 uednata
2544 1176 2763 1233 rosccda
2786 1185 2963 1247 prata.
3005 1187 3061 1231 et
3093 1186 3309 1232 terrena
3346 1176 3556 1232 sacries
3586 1175 3734 1246 palle-

2163 1267 2256 1322 bat
2284 1283 2379 1322 ora
2413 1267 2589 1321 ieiuna
2616 1266 2785 1339 (177).
2838 1265 3133 1337 placabiles
3156 1274 3348 1321 exorat
3373 1265 3566 1331 diuuo,
3588 1274 3641 1320 et
3663 1264 3735 1319 in-

2166 1358 2343 1412 lzrinm
2392 1365 2718 1419 cataractae.
2767 1364 3099 1411 reserantur.
3131 1365 3188 1411 et
3231 1356 3480 1411 aetherio
3528 1371 3559 1410 a
3604 1370 3741 1412 sacra

2161 1448 2313 1520 jobct
2355 1448 2677 1503 discendere
2725 1448 2923 1517 ignem.
2976 1457 3037 1502 ut
3093 1447 3336 1518 inpuluta
3369 1446 3521 1519 (178)
3563 1447 3734 1502 hosda.

2166 1538 2373 1597 siderea
2398 1548 2578 1596 nectat
2597 1542 2664 1596 ad
2691 1540 2807 1596 side
2829 1540 2842 1562 '
2865 1540 2879 1563 '
2901 1541 2916 1562 ’
2941 1540 3089 1612 (179)
3112 1539 3239 1610 quid
3270 1538 3371 1594 fuit
3396 1539 3583 1610 inquid
3608 1539 3736 1595 illum

2092 1668 2097 1675 -
2168 1631 2316 1703 (180)
2344 1632 2657 1688 miriﬁcum.
2706 1647 3008 1688 summnm-
3036 1633 3048 1703 ι
3079 1648 3185 1702 que
3235 1632 3483 1705 prodigio
3527 1630 3739 1703 utquod

2089 1708 2135 1769 Β
2165 1722 2314 1793 prius
2339 1720 2668 1792 pulsauerat.
2693 1720 2986 1776 infernum.
3018 1728 3075 1774 et
3102 1719 3478 1775 mortcfernm.
3522 1719 3635 1789 jam
3654 1736 3745 1776 an-

2169 1823 2310 1869 trum
2338 1813 2672 1879 del'unctum,
2716 1813 2933 1868 unicum
2977 1812 3147 1868 tilium
3186 1828 3427 1884 suaeque
3451 1814 3610 1869 matri
3635 1814 3749 1869 redv
3850 1866 3851 1871 η

2093 1944 2096 1951 .
2168 1904 2316 1975 dedit
2350 1904 2558 1958 uiuum.
2599 1903 2685 1959 his
2723 1902 3029 1958 uirtutebus
3058 1915 3265 1972 septus,
3318 1903 3388 1958 ad
3445 1903 3737 1974 angelorum

2166 1995 2279 2049 uita
2305 1995 2481 2065 pergit
2515 2010 2690 2051 serus.
2744 2003 2992 2065 raptatur
3033 2010 3260 2051 carruca
3306 1995 3669 2067 ﬂammegera.
3693 2005 3749 2051 et
3850 2058 3851 2061 η

2167 2084 2327 2156 igniis
2350 2083 2563 2139 uallatis
2584 2083 2758 2155 equis.
2809 2083 2956 2138 uolat
2983 2098 3081 2154 per
3104 2097 3272 2138 aStra.
3307 2085 3555 2139 ascendit
3594 2099 3740 2155 ange-

2090 2222 2095 2227 .
2167 2174 2342 2231 lorum
2394 2174 2571 2231 cuniis
2616 2175 3014 2237 circumdatus,
3065 2173 3126 2243 jn
3175 2174 3354 2247 cuijus
3402 2174 3741 2231 translatione

2168 2282 2308 2350 unus
2345 2267 2497 2322 testis
2525 2274 2626 2322 est.
2660 2265 2942 2321 Helisaeus
2977 2250 3294 2336 glbriosnm.
3330 2267 3341 2336 ι
3375 2282 3519 2322 nunc
3549 2266 3739 2322 fruetur

2167 2361 2415 2416 chorum.
2441 2357 2588 2431 (181)
2608 2358 2895 2437 conlaudat
2919 2372 3103 2431 regem
3124 2360 3403 2415 sedentem
3434 2375 3491 2416 tn
3521 2368 3735 2426 tronnm,

2088 2486 2095 2495 ι
2168 2452 2389 2508 merito.

2237 2559 2631 2621 courssnrto.
2681 2543 2914 2616 Dignum
2965 2552 3021 2600 et
3066 2544 3269 2601 iustum
3307 2553 3385 2601 et.
3434 2558 3657 2615 aequum
3691 2553 3739 2601 et

2170 2635 2371 2691 iustum
2401 2644 2506 2690 est.
2535 2651 2636 2691 nos
2669 2636 2764 2691 tibi
2814 2651 3028 2706 semper
3071 2636 3276 2707 gratias
3301 2650 3490 2707 agere,
3543 2634 3739 2691 domine

2170 2732 2357 2780 sancte
2385 2732 2539 2794 pater
2572 2725 2913 2794 omnipotens
2936 2732 3157 2780 aeterne
3185 2724 3339 2789 deus,
3387 2732 3440 2778 tu
3478 2724 3530 2778 in
3557 2724 3739 2778 sanctis

2168 2812 2418 2869 laudibus
2447 2813 2717 2883 gloriaris,
2769 2822 2823 2869 tu
2874 2814 2927 2868 in
2969 2813 3137 2869 caelis
3188 2813 3454 2884 regnaris,
3507 2821 3741 2884 tuagnns

2170 2905 2550 2961 immaculatus
2582 2914 2635 2960 tu
2660 2915 2816 2976 pater
2843 2905 2989 2976 (189.)
3026 2917 3402 2975 scmpeternus
3428 2920 3488 2960 es
3514 2906 3666 2969 ﬁlius,
3690 2914 3737 2959 tu

483 2985 669 3055 tebns.
714 2986 1054 3065 interpellata
1100 2993 1332 3064 suspiria
1358 3033 1375 3058 ,
1418 3002 1474 3048 et
1501 3003 1719 3062 praesta
1772 2993 1826 3047 in
1864 2993 2067 3048 iudicio
2109 3062 2140 3067 _
2171 2995 2426 3065 splendor
2448 3010 2686 3061 sacrum,
2739 3003 2796 3051 tu
2849 3006 3149 3067 martyrum
3182 3006 3476 3061 coronatur
3518 2996 3745 3051 omnium

482 3090 687 3160 liberos
702 3102 843 3159 quos
863 3085 1017 3142 uides
1036 3085 1090 3140 in
1113 3083 1456 3140 confessione
1476 3092 1831 3155 conpunctus.
1855 3094 1910 3138 et
1933 3100 2070 3155 quos
2096 3062 2142 3126 (ἶ
2172 3086 2475 3140 animarum
2499 3094 2791 3156 protectur.
2817 3062 3153 3152 orfanorum,
3188 3087 3197 3157 |
3227 3096 3433 3156 pastor.
3458 3087 3732 3143 viduarum.

483 3185 698 3256 aspices
724 3180 944 3237 humilis
968 3194 1065 3250 per
1090 3188 1320 3234 reatum.
1347 3178 1551 3235 erictus
1575 3192 1861 3234 munerare
1886 3178 2069 3249 dig-ne-

483 3276 571 3349 ris,
591 3275 645 3330 in
672 3271 917 3344 praemio,
949 3269 1202 3340 mitigans
1231 3268 1242 3341 |
1276 3308 1292 3323 .
1327 3309 1342 3324 .
1370 3308 1387 3326 .

1054 3359 1323 3434 ,(MISSA
1351 3358 1482 3430 ιχ.)

552 3456 648 3530 (ad
683 3453 910 3527 pacem.)
937 3491 953 3508 .
985 3491 1003 3505 .
1034 3491 1049 3506 .
1079 3451 1272 3523 spiritu
1292 3461 1481 3507 saneto
1504 3451 1740 3517 nomine,
1772 3452 1827 3507 in
1851 3465 2076 3509 conmu-

479 3551 667 3615 nione,
716 3548 980 3605 omnium.
1027 3553 1339 3601 sanctorum
1378 3543 1773 3600 remissionem.
1807 3544 2081 3607 omnium.

484 3649 819 3698 nostrorum.
868 3634 1178 3699 criminum.
1218 3632 1506 3689 credemus
1536 3632 1755 3696 domine
1786 3632 1931 3702 quod
1960 3631 2076 3687 haec

487 3735 645 3792 nobis
684 3731 824 3789 fessa
848 3727 995 3805 (174)
1032 3727 1354 3785 credulitate
1398 3726 1746 3795 noscentibus
1772 3725 2078 3796 praestabis

487 3825 627 3896 p.d.
726 3858 727 3861 η
1172 3886 1179 3889 _

558 3927 948 3983 conrsstrt'rto.
979 3909 1233 3983 Dignum.
1290 3919 1348 3965 et
1390 3907 1615 3974 iustum,
1659 3915 1715 3962 et
1767 3920 1995 3976 aequum
2025 3912 2082 3961 et

491 4007 717 4062 iustum.
744 4013 850 4061 est.
894 3988 994 4057 nos
1020 3997 1118 4055 tibi
1162 4011 1376 4068 semper
1399 3996 1606 4067 gratias
1651 4008 1829 4066 agere.
1864 3994 2080 4050 domine

496 4104 683 4157 sancte
712 4103 869 4166 pater
893 4090 1237 4160 omnipotens
1264 4095 1487 4143 aeterne
1515 4086 1646 4141 deus
1665 4125 1682 4151 ,
1731 4084 1823 4154 qui
1866 4082 1920 4137 in
1949 4097 2079 4137 san-

498 4198 702 4246 ttnrum
738 4195 956 4240 tuorum
995 4180 1394 4252 patriarcarum
1438 4176 1645 4233 Heliam
1694 4175 2078 4231 famosisstmo.

499 4280 625 4334 dare
652 4274 905 4347 dignatus
927 4285 988 4327 es
1034 4279 1215 4325 uatem
1250 4268 1587 4323 discurrebat
1628 4265 1773 4321 inter
1795 4265 1953 4321 deum
1986 4264 1996 4336 |
2027 4274 2083 4320 et

501 4369 747 4426 homines
786 4364 937 4421 uirus
973 4362 1201 4435 legatus,
1255 4360 1525 4417 castitatis
1553 4358 1732 4417 balteo
1757 4358 1987 4427 cinctus,
2014 4358 2080 4415 ad

566 4522 721 4592 (165)
750 4529 976 4646 neruos.
1196 4576 1201 4581 .

569 4593 715 4664 (I66)
797 4599 989 4664 ocest
1019 4604 1187 4643 mrum
1230 4586 1430 4664 Foyna
1476 4585 1593 4664 haec
1621 4600 1740 4664 eum
1774 4599 1871 4655 pro
1918 4600 2084 4664 genus

498 4652 933 4745 ail‘nte'stecule'
972 4675 1046 4715 vn
1087 4667 1257 4730 poeta:
1311 4656 1504 4712 Franci
1556 4652 1865 4710 utebantur.
1924 4652 2085 4711 Verbi

540 4753 564 4787 l'
603 4742 708 4788 tia:
1535 4762 1539 4765 -

502 4753 534 4806 ὅ
567 4751 597 4789 a
626 4823 941 4887 lrradietque
964 4822 1160 4872 domum
1185 4833 1280 4871 non
1320 4818 1654 4882 restinguenda
1676 4831 1766 4882 per
1798 4831 1929 4869 eum.

972 4905 1240 4967 (Ilia-rm.,
1272 4902 1413 4953 Thes.
1438 4905 1624 4952 Anerd.
1650 4901 1740 4964 Ill,
1767 4901 1931 4965 1655.)

2107 4410 2161 4472 D

2173 3178 2520 3248 gubernatur.
2595 3193 2883 3235 caecorum
2960 3178 3337 3236 inluminatur.
3414 3187 3736 3249 peccatorum

2170 3269 2390 3325 ueniam
2435 3270 2740 3341 promissor
2789 3272 3130 3341 captiuorum
3168 3271 3428 3329 liberatur
3453 3273 3612 3344 (185).
3637 3271 3739 3327 lan-

2174 3348 2451 3433 guentium
2479 3362 2746 3428 saluatur,
2774 3373 3112 3420 mortuorum
3138 3363 3454 3431 suscitatur.
3481 3362 3739 3435 paradyss't

2174 3454 2465 3526 plantatnr,
2515 3456 2680 3510 maris
2710 3455 3004 3511 stabilitur.
3047 3456 3181 3511 caeli
3231 3468 3285 3512 et
3316 3466 3494 3512 terrae
3519 3456 3733 3511 fabrica-

2174 3553 2285 3610 tur,
2338 3546 2589 3614 genti'.us
2635 3545 2990 3614 intellectum,
3036 3548 3412 3604 catecnminus
3462 3548 3529 3603 ad
3574 3546 3731 3617 bapti—

2181 3654 2357 3695 smum
2381 3648 2729 3710 prouucatur,
2746 3640 3062 3711 presbiteris
3079 3641 3466 3706 sacerdotium,
3496 3640 3733 3710 episcopis

2178 3730 2536 3802 apostolatum
2589 3731 2775 3786 datum
2800 3770 2816 3795 .
2848 3739 2906 3785 tu
2954 3729 3170 3786 domine
3204 3729 3457 3787 caelestia
3487 3731 3729 3802 possedes,

2078 3880 2082 3884 Α
2181 3821 2457 3902 terrestria
2498 3820 2725 3883 iudicas,
2773 3819 2988 3877 inferna
3024 3822 3254 3877 suscitas
3279 3862 3294 3888 ,
3348 3830 3567 3878 aeterna
3596 3821 3609 3892 ι
3635 3835 3735 3877 ωο-

2180 3914 2407 3987 deraris,
2464 3914 2658 3971 merito
2688 3915 2784 3971 tibi
2837 3913 3056 3971 domine
3100 3930 3294 3971 omnes
3334 3914 3534 3986 angeli.
3559 3912 3618 3968 N.
3644 3912 3724 3968 SS.

2181 4006 2283 4064 SS.
2314 4005 2416 4063 SS.

2810 4095 3034 4153 MISSA
3067 4096 3137 4152 Χ.

2784 4096 3034 4167 (MISSA
3067 4096 3163 4168 Χ.)
3511 4124 3523 4141 .

2254 4187 2383 4244 Post
2409 4204 2719 4261 prorutam
2762 4186 2906 4243 Deus
2947 4194 3133 4243 sancte
3169 4183 3387 4241 eclisiae
3417 4184 3728 4242 constitutar.

2183 4280 2274 4351 qui
2304 4287 2456 4334 stans
2484 4279 2538 4333 in
2567 4277 2746 4333 medio
2785 4276 3166 4348 discipulorum
3191 4285 3428 4339 tuorum,
3461 4271 3732 4329 ueneratio-

2185 4370 2271 4425 nis
2316 4367 2477 4424 huius
2544 4368 2884 4424 sacramenta
2945 4366 3197 4431 docuisti,
3247 4374 3462 4435 praesta
3505 4365 3587 4420 ori
3637 4376 3734 4417 meo

2280 4518 2399 4591 175)
2439 4531 2727 4590 reparator.

2281 4592 2404 4657 tu)
2435 4591 2565 4661 ﬁxa.

2284 4661 2405 4731 175)
2438 4670 2767 4731 portentosa.

2286 4732 2407 4800 176)
2435 4732 2580 4785 Loco
2604 4744 2787 4786 aecus.

2263 4796 2411 4874 (177)
2451 4800 2713 4874 Haeevix
2745 4815 2849 4856 non
2903 4815 3093 4855 versus
3138 4811 3263 4856 sunt
3292 4820 3305 4855 :
3334 4800 3567 4874 Lugebat
3608 4796 3735 4852 tellit

2192 4869 2404 4928 viduata
2434 4871 2639 4941 roscida
2667 4881 2820 4941 prata
2845 4910 2861 4934 ,
2899 4883 2945 4924 et
2974 4882 3177 4924 terrena
3204 4872 3369 4925 sacris
3396 4869 3643 4941 pallebant
3661 4882 3736 4919 om

2196 4943 2396 4994 ieiuna.
2429 4940 2603 4994 Mons.
2637 4969 2708 4980 -——
2732 4939 2935 4994 Forsan
2978 4941 3255 4994 legendum
3283 4939 3477 4994 ieiunia
3500 4981 3515 4994 .
3555 4941 3648 4994 hoc
3671 4945 3735 4989 est
