3902 5334
105 321 185 378 881

103 427 356 488 divinitatis
369 424 594 497 gratiam
618 433 676 481 ut
697 441 835 496 quae
867 427 1221 498 acccptabilia
1245 437 1372 481 sunt
1401 427 1452 480 in
1478 425 1633 480 laude
1665 430 1707 486 Λ

104 532 172 576 tua
224 518 371 572 verba
423 515 688 571 labiorum
718 530 958 571 meorum
1019 517 1317 578 inuenient,
1373 517 1632 570 inlumina

101 614 258 667 faciem
289 616 425 662 tuam
457 622 620 677 super
642 623 862 663 seruum
907 618 1056 663 tuum
1087 619 1145 663 ut
1184 609 1252 662 de
1287 609 1422 663 meis
1448 607 1635 661 oneri-

103 701 180 754 bus
201 696 476 758 absolutus,
512 703 658 751 recte
685 697 847 752 etiam
875 697 968 751 tibi
996 692 1093 765 pro
1115 697 1313 768 pepulo
1343 705 1434 752 tuo
1474 709 1635 766 roga-

103 799 224 842 turus
246 786 516 849 adsistam,
545 802 598 854 p.
629 777 778 851 dimi,
826 776 939 842 ιῖἷίι.
969 778 1105 840 lli—in.

155 873 402 943 (collectio)
444 874 454 945 |
497 874 806 931 Misericors
845 885 902 932 et
945 877 1235 930 miserater
1264 875 1504 939 domine,
1541 873 1633 943 qui

101 968 134 1021 ti
158 965 294 1020 nobis
313 966 451 1034 quod
494 981 765 1022 meremur
792 968 1124 1038 rependeris.
1166 966 1369 1021 nullum
1411 966 1525 1021 tuis
1555 966 1636 1020 di-

99 1071 228 1128 gnum
256 1056 657 1113 remissionibus
692 1058 985 1125 inveneris,
1011 1058 1304 1128 multiplica
1348 1072 1510 1127 super
1538 1072 1636 1113 nos

100 1147 440 1217 indulgentiam
501 1158 670 1215 tuam,
737 1160 796 1205 ut
856 1151 944 1206 ubi
992 1151 1284 1206 abundavit
1331 1160 1631 1219 peccatum.

99 1239 236 1311 gratia
260 1240 589 1298 remissionis
610 1244 890 1299 exuberet.
924 1244 1071 1314 (184)
1093 1258 1146 1314 p.
1175 1246 1226 1297 d.
1257 1243 1406 1315 (185)

101 1380 202 1438 .vn.
236 1380 371 1452 (I86)
657 1382 901 1455 (mssa
939 1381 1070 1455 at.)

157 1509 242 1579 (De
265 1528 308 1566 ε.
355 1508 616 1570 Germano
645 1516 886 1586 ερίεοορο
913 1517 1359 1573 Autissiodorensi
1385 1519 1556 1589 (I87).

147 1601 440 1677 (Collectio.)
469 1605 788 1665 Unianimes
814 1609 982 1680 (I88).
1014 1610 1215 1667 fratres
1239 1611 1512 1667 karissimi
1539 1612 1635 1666 do-

97 1695 210 1750 mino
227 1694 614 1766 depraecemur
643 1708 702 1754 ut
732 1701 869 1756 haec
896 1701 1053 1758 nobis
1077 1702 1413 1776 sollemnitas
1441 1703 1636 1758 beatis-

94 1785 186 1839 simi
203 1787 359 1854 patris
379 1789 557 1843 nostri
582 1789 837 1845 Germani
869 1773 1128 1863 episcopi.
1165 1794 1388 1850 meretis
1416 1795 1634 1848 incltoa-
1663 1772 1711 1833 Β

97 1887 135 1932 ta
172 1879 275 1950 ipso
329 1881 754 1950 interueniente,
814 1885 954 1954 plebi
1001 1901 1133 1943 suae
1187 1901 1374 1957 pacem
1416 1889 1638 1954 tribuat,

95 1969 219 2024 ﬁdem
241 1981 447 2043 augeat,
473 1972 641 2029 corda
661 1990 822 2046 pure-
856 1976 866 2049 Ι
901 1977 1032 2043 ficit,
1058 1976 1272 2033 lumbus
1298 1978 1561 2046 aecingat,
1587 1983 1643 2031 et

96 2057 276 2117 ianuam
303 2062 520 2119 salutis.
545 2067 773 2136 aperiat.
799 2083 852 2138 p.
891 2070 948 2124 d.

147 2147 268 2216 (ante
285 2153 550 2225 nomina.)
603 2155 813 2212 Exaudi
849 2173 952 2213 nus
1005 2158 1223 2213 domine
1264 2167 1448 2214 sancte
1482 2167 1642 2228 pater

93 2239 382 2311 omnipotens
403 2252 632 2301 aeterne
657 2247 809 2314 deus,
831 2259 886 2305 et
913 2250 1139 2313 meritis,
1168 2251 1285 2305 siue
1307 2250 1646 2306 intercessio-

97 2331 220 2388 nibus
257 2337 424 2391 sancti
447 2339 729 2396 antestitis
771 2341 866 2405 tni,
908 2341 1165 2397 Germani
1214 2342 1454 2412 episcopi
1501 2342 1642 2398 hanc

94 2424 258 2492 plebem
306 2439 452 2484 tuam
508 2439 632 2487 tuae
673 2433 1041 2490 miserationis
1100 2435 1328 2490 costudi.
1392 2435 1640 2506 benigni-

97 2524 178 2569 tate
202 2533 468 2595 conserua,
509 2523 712 2592 pietate
742 2524 1005 2580 saluiﬁca.
1035 2543 1089 2596 p.
1119 2526 1173 2580 d.

144 2625 255 2666 ceu.
287 2627 416 2668 ros'r
443 2614 733 2686 (nomium)
765 2615 1017 2683 Oremus,
1042 2616 1236 2673 fratres
1263 2616 1559 2672 karissimi.
1585 2624 1645 2671 ut

96 2699 202 2757 hanc
218 2703 408 2760 oblatio
446 2714 662 2761 nostra.
692 2717 915 2778 accepta
941 2708 1013 2763 sit
1051 2709 1291 2764 domino.
1342 2717 1400 2762 ut
1423 2724 1561 2778 quos
1590 2709 1644 2763 in

99 2791 311 2850 bonorem
359 2797 565 2852 summi
623 2799 932 2855 sacerdotis
967 2799 1050 2854 sui
1094 2799 1354 2855 Germani
1402 2799 1642 2869 episcopi

95 2887 209 2943 uidet
228 2903 338 2946 esse
365 2891 622 2946 deuotus.
654 2892 732 2946 ita
777 2892 882 2946 sibi
913 2891 1254 2962 beneplacito
1296 2903 1419 2946 esse
1450 2904 1644 2945 conce-

95 2978 162 3031 dat
179 2989 228 3033 ut
261 2981 477 3037 defunc-
510 2987 519 3050 |
557 2991 736 3038 torum
772 2973 1052 3053 spiritibus
1073 2992 1127 3038 et
1150 2983 1394 3054 requiem
1417 2982 1640 3040 tribuat.

95 3080 133 3124 et
155 3071 516 3130 beatitudinem
554 3075 832 3145 largiatur.
869 3075 996 3146 p.d.
1463 3099 1474 3106 ι
1609 3095 1615 3102 ·

145 3160 235 3229 (ad
279 3165 516 3233 pacem.)
563 3165 789 3221 Praesta
861 3166 1083 3223 domine
1134 3174 1194 3222 ut
1268 3167 1643 3223 intercedente

92 3263 241 3310 sancto
269 3258 527 3312 antestite
573 3266 664 3312 tuo
691 3255 985 3323 Germano,
1027 3258 1178 3325 cuius
1217 3257 1380 3314 hodie
1424 3257 1476 3312 in
1508 3272 1641 3312 con-

92 3353 239 3412 specto
277 3348 590 3405 maiestatis
621 3356 744 3404 tuae
797 3350 1155 3406 beatitudinis
1197 3350 1426 3422 gloriam
1465 3350 1644 3419 dignis

93 3432 291 3491 laudibus
316 3440 653 3505 exultamus,
685 3449 746 3495 ut
776 3442 1016 3505 omissis,
1056 3441 1197 3497 odiis
1229 3441 1282 3495 in
1324 3455 1479 3509 pace,
1517 3441 1644 3502 quia

92 3523 211 3580 nobis
258 3527 433 3583 daturi
462 3544 680 3596 sumus,
735 3547 869 3602 pura
920 3532 1016 3586 tibi
1073 3546 1137 3586 ac
1193 3531 1422 3601 paciﬁca
1482 3531 1643 3586 corda
1725 3547 1728 3551 '

90 3624 236 3670 nostra
258 3619 586 3686 pandamus.
618 3635 673 3689 p.
712 3620 768 3676 d.
807 3636 912 3690 pax
946 3620 1151 3676 domini
1184 3621 1276 3676 sit.

141 3710 468 3763 coarsstatio.
498 3709 761 3780 .Dignum
807 3719 866 3764 et
908 3712 1110 3766 iustum
1145 3721 1229 3768 est
1265 3713 1397 3768 deus
1432 3721 1644 3776 noster,

92 3805 192 3849 uere
233 3797 448 3868 dignum
503 3811 619 3867 est,
668 3801 940 3872 majestati
1000 3812 1120 3860 tuae
1177 3819 1392 3874 semper
1440 3807 1646 3876 gratias

93 3895 218 3950 agere
233 3895 425 3957 atquae
459 3889 514 3944 in
539 3889 813 3957 laudibus,
849 3891 858 3962 Ι
892 3893 998 3948 tuis
1027 3907 1149 3948 cum
1174 3893 1380 3948 laetitia
1413 3902 1464 3949 et
1488 3894 1646 3949 exul-

96 3975 260 4034 tatione
289 3990 610 4036 sanctorum
645 3991 860 4038 tuorum
901 3985 1190 4053 praeconia
1231 3983 1647 4050 dicere;laudes

93 4063 306 4124 adtollere
347 4085 656 4142 eorumque
694 4072 896 4144 jugiter
947 4074 1193 4130 exultare
1231 4075 1380 4146 (189)
1405 4077 1644 4142 uirtutis,

95 4157 521 4228 nambeatissimi,
546 4164 721 4234 patris
747 4163 942 4230 nostri,
973 4165 1248 4219 antestitis
1281 4166 1355 4219 tui
1387 4164 1647 4221 Germani

94 4246 308 4319 t‘l’iscopi.
335 4255 496 4310 cuius
546 4255 710 4311 hodie
738 4271 942 4322 annua,
977 4271 1040 4312 ac
1077 4257 1366 4327 praecipua
1415 4257 1651 4325 disposi-

96 4336 224 4397 tionis
249 4342 393 4418 (I90)
435 4345 583 4402 festa
631 4345 998 4414 celebramus,
1025 4348 1180 4404 cuius
1219 4358 1402 4404 tantus
1443 4363 1569 4419 erga
1597 4357 1651 4404 te

150 4515 472 4600 (Ιβῆὶίθὺη
501 4489 1084 4600 258,_ybi__abnirdavit
1115 4534 1403 4600 peccatum,
1434 4542 1644 4596 supera-

98 4581 298 4660 buttffgoit
321 4601 368 4644 et
397 4581 602 4660 gratia.
624 4581 711 4650 Cf.
747 4595 871 4650 5'70.
900 4595 1057 4650 Rom.
1084 4581 1136 4659 ν’,
1162 4597 1254 4651 20.

151 4654 275 4736 (135)
313 4654 458 4736 “ac
499 4663 670 4736 missa
721 4667 986 4736 completa
1043 4654 1146 4721 non
1206 4676 1322 4730 est,
1378 4667 1510 4722 nihil
1565 4677 1646 4722 ta-
1735 4663 1738 4668 ’

98 4728 302 4854 Erulum
340 4734 532 4791 codice
588 4734 762 4801 deest,
840 4728 934 4792 sed
987 4737 1266 4793 undecima
1303 4728 1644 4794 "immediate

143 4809 269 4930 (1186)
302 4871 398 4928 Hic
443 4888 722 4930 numerus
787 4875 934 4930 citra:
979 4893 1039 4930 ιιι
1093 4877 1146 4930 in
1195 4877 1349 4930 initio
1397 4879 1576 4930 missa:
1616 4880 1644 4930 7

169 4867 269 4939 l86)
302 4871 398 4928 llic
443 4888 722 4932 numerus
787 4875 934 4933 citra:
979 4893 1039 4932 Ill
1093 4877 1146 4932 in
1195 4877 1349 4934 initio
1397 4879 1576 4933 missa:
1616 4880 1646 4932 7

167 4940 557 5116 ἓὲῗῖἒίῖεξεεξλ
585 5015 1034 5116 senuisse
1063 5017 1287 5116 eum
1317 5020 1423 5075 πθ

103 5070 272 5116 ὶαὶψὶηιί
290 5093 361 5116 nol

94 4945 114 4983 Υ

413 5089 557 5116 ιιιιιδη
588 5098 641 5116 Α·

1162 313 1386 370 mssa;
1427 309 1842 370 GALLICANA-I
1883 301 2211 372 UNDECIMJ

3196 311 3311 368 832

1737 426 1840 482 fuit
1867 443 2021 484 amor
2055 429 2291 494 domine,
2333 435 2481 483 tanta
2527 426 2731 481 dilictio
2770 433 2829 481 ut
2871 435 2980 481 tam
3022 439 3318 495 praesentes

1738 521 1938 576 saeculi
1965 521 2282 576 seductione
2312 520 2540 586 calcata,
2569 521 2636 576 ad
2662 519 2896 575 futuram
2918 520 3310 577 beatitudinem

1737 613 1982 670 mirabile
2009 613 2211 669 uirtute
2241 613 2529 669 tetenderit
2561 625 2662 667 nec
2691 613 2926 684 potuerit
2969 622 3320 684 peccatorum

1737 703 1954 758 funibus
1984 703 2212 774 inligari.
2263 711 2358 758 aut
2379 703 2586 775 gladiis,
2617 703 2702 758 uel
2751 703 2982 773 sagittis,
3020 703 3248 772 antiqui,
3283 711 3293 773 ι

1737 794 1909 848 hostis
1935 793 2147 864 attingi,
2178 808 2337 862 quem
2364 808 2462 862 per
2497 792 2726 848 luricam
2761 792 3006 862 jnstitiae
3032 800 3087 846 et
3112 800 3321 846 scutum

1737 884 1881 948 ﬁdei,
1916 884 2182 953 protectio
2206 892 2316 949 tua,
2361 883 2555 939 ouibus
2577 884 2692 938 suis
2722 883 2952 939 liberum
2982 898 3046 937 ac
3073 897 3322 936 securum

1736 975 1956 1030 fecerat.
1986 989 2105 1030 esse
2129 983 2424 1044 pastorem,
2460 989 2558 1046 pro
2581 974 2797 1044 quibus,
2831 973 3016 1044 utique
3049 971 3242 1026 obibus
3271 969 3324 1024 in

1735 1069 2049 1141 elymos'inis
2098 1069 2150 1123 in
2200 1068 2438 1133 ieiuniis,
2493 1066 2546 1122 in
2585 1067 2802 1138 uigiliis,
2851 1066 2998 1121 omni
3060 1074 3323 1134 tempore.

1735 1163 2085 1228 constitutus,
2130 1171 2318 1233 pastor
2356 1162 2628 1234 egregius,
2655 1161 2791 1216 mori
2821 1161 3002 1232 potius
3045 1158 3328 1214 desidera-

1773 1256 1837 1310 it.
1865 1271 2028 1326 quam
2071 1255 2180 1326 lupi
2214 1254 2424 1325 rapacis
2469 1255 2704 1328 potuerit
2745 1254 2797 1308 in
2833 1253 3012 1323 aliquo
3060 1250 3328 1306 morsibus

1734 1347 1985 1418 superari
2036 1345 2140 1402 fuit
2179 1347 2344 1400 etiam
2376 1345 2595 1400 eclisiae
2652 1344 2984 1400 iustissimus
3013 1342 3199 1413 judex,
3233 1357 3330 1396 vsa.

1733 1438 1952 1510 pientize
1992 1438 2219 1508 primus.
2277 1436 2507 1508 spiritali
2565 1435 2922 1491 instrnctione
2968 1434 3319 1504 praecipuus,

1734 1532 2037 1588 humilitate
2052 1546 2302 1601 magnus,
2321 1528 2656 1593 affabilitate,
2677 1529 2879 1584 suauis.
2897 1525 3156 1598 patientia
3174 1523 3329 1579 fortis

1733 1626 1992 1682 distrione
2006 1639 2255 1681 necessa—
2282 1623 2294 1695 1
2327 1625 2443 1680 rius
2457 1624 2753 1679 doctrinae.
2771 1621 3049 1693 religionis
3061 1629 3234 1691 pater,
3251 1619 3334 1674 di-

1735 1719 1967 1775 lectione
1983 1717 2170 1784 frater,
2195 1717 2315 1772 ﬁdei
2341 1716 2564 1783 amicus,
2591 1714 2998 1770 misericordiae
3024 1711 3325 1784 proximus,

1742 1823 2113 1880 coepyscopus
2144 1822 2294 1874 suos,
2318 1807 2564 1862 oratione
2587 1805 2744 1870 iuuit,
2777 1803 3006 1859 consilio
3032 1801 3326 1872 suppleuit.

1743 1899 2067 1955 auctoritate
2085 1898 2311 1953 monuit.
2327 1897 2693 1967 praesbiteros
2720 1894 2978 1951 diaconos
3008 1905 3334 1958 omnemque

1741 1993 1947 2050 clerum
1985 2001 2204 2061 totaque
2243 1990 2426 2064 (191)
2459 1989 2670 2060 plebem
2719 1998 2864 2042 tuam
2917 1984 3134 2040 domine
3184 1982 3336 2036 uelut

1742 2099 1839 2139 sua
1884 2081 2126 2137 membra
2173 2081 2381 2145 dilexit,
2430 2079 2604 2134 erexit
2635 2076 2973 2148 'obpressos,
3035 2071 3336 2129 indefessos

1741 2174 1881 2231 fouit
1905 2175 2227 2231 dissidentes
2249 2172 2377 2228 fecit
2396 2186 2515 2228 esse
2535 2169 2816 2241 paciﬁcus.
2847 2166 3122 2223 discordes
3150 2162 3338 2219 docuit

1743 2283 1966 2324 seruare
2013 2266 2384 2332 concordiam,
2423 2263 2668 2320 reddedit
2697 2261 2879 2319 caecis
2929 2260 3126 2324 uisum,
3166 2254 3338 2312 clodis

1744 2374 2010 2431 gressum,
2056 2356 2493 2414 febricitantibus
2543 2355 2891 2411 medicinam.
2930 2360 2984 2408 et
3022 2349 3334 2413 occubatas,

1746 2452 1816 2506 ab
1851 2449 2281 2506 inmundissimis
2307 2447 2590 2518 spiritibus
2633 2446 2843 2500 animas
2875 2444 2884 2515 |
2918 2432 3178 2496 uelociter
3203 2439 3339 2495 libe-

1745 2543 1909 2608 rauit,
1940 2557 2048 2611 quo
2090 2541 2258 2610 igitur
2309 2537 2730 2594 interueniente.
2789 2534 3049 2606 supplicis
3080 2531 3227 2602 (I92)
3261 2533 3339 2584 tui

1744 2634 1976 2706 pietates
2011 2632 2160 2704 (I93)
2203 2640 2324 2686 tuae
2355 2629 2786 2685 misericordiam
2837 2626 3189 2697 postulamus.
3223 2637 3340 2678 om«

1745 2727 1996 2795 nipoteus
2038 2723 2276 2788 domino,
2330 2731 2390 2776 ut
2437 2721 2528 2791 qui
2557 2720 2676 2775 eius
2707 2720 2917 2774 meritis
2964 2717 3186 2788 aequari
3231 2730 3340 2769 non

1743 2831 2056 2889 possumus,
2112 2816 2328 2887 psaltim
2385 2813 2554 2885 (191)
2617 2823 2966 2884 peccatorum
3030 2820 3339 2866 nostrorum

1746 2908 1964 2964 ueniam
2009 2908 2267 2978 consequi
2303 2921 2631 2972 mereamur,
2671 2905 2913 2976 angelica
2969 2912 3020 2959 te
3053 2902 3342 2957 exultatio-

1728 3010 1815 3055 ‘ne
1867 2999 2170 3067 laudantes,
2220 2997 2308 3054 cui
2365 2997 2559 3053 merito
2602 2996 2777 3068 angeli
2836 3004 2892 3050 et
2953 2993 3192 3049 clamant
3255 2989 3340 3046 di-

1669 3123 1718 3190 c
1748 3101 1955 3190 0611183.

1822 3183 1943 3237 1....
1975 3182 2238 3239 io.........
2283 3189 2467 3237 erat...
2495 3197 2592 3238 nes

1744 3274 2057 3344 peccamina
2115 3288 2174 3328 se
2242 3273 2544 3344 imparibus
2604 3271 2827 3326 nostris.
2859 3270 3056 3325 iniuste
3119 3283 3342 3339 egemus

1749 3365 2090 3436 iniquitatem
2148 3363 2377 3418 fecimus
2421 3363 2603 3418 omnia
2651 3361 2982 3417 hereditates
3035 3370 3157 3414 tuae
3202 3359 3340 3413 dona

1745 3459 2128 3527 perdedemus.
2153 3454 2413 3511 Confusio
2437 3464 2746 3510 nostrorum
2778 3453 2899 3508 labe
2919 3451 3296 3524 peccaminum
3326 3467 3338 3503 :

1750 3551 1944 3605 domus
2001 3557 2188 3604 nostra
2241 3547 2598 3618 aliginigenus
2653 3545 2830 3618 (I95)
2883 3545 3056 3601 hostis
3118 3542 3338 3597 inuasit.

1747 3638 1973 3695 subiecti
2001 3637 2129 3692 facti
2155 3652 2342 3692 sumus
2367 3638 2509 3692 serui
2537 3636 2941 3691 dominantibus
2971 3634 3146 3689 nobis.
3175 3633 3333 3686 addi-

1748 3731 1821 3785 cti
1853 3728 2071 3784 uinculo
2097 3728 2417 3784 dilectorum
2449 3727 2632 3798 (I96):
2679 3727 2948 3782 Conuerte
2978 3741 3080 3779 nus
3123 3723 3343 3778 domine

1749 3824 1816 3878 ad
1860 3823 2211 3881 seruiendum
2256 3821 2374 3877 tibi.
2424 3835 2655 3876 renovas
2705 3819 2782 3874 tui
2829 3817 3143 3888 operatione
3193 3814 3339 3886 (I97)

1725 3914 2015 3969 'mandati.
2043 3929 2098 3986 p.
2130 3913 2182 3969 d.
2211 3929 2264 3967 n.

1818 4007 1874 4061 2.
1918 4007 2125 4062 Exaudi
2176 4006 2393 4062 domine
2440 4019 2662 4075 quaeso.
2695 4007 2955 4076 gemitum
2983 3999 3163 4071 populi
3215 3999 3338 4053 tui:

1750 4117 1818 4156 ne
1843 4099 1963 4169 plus
1989 4109 2120 4170 aput
2146 4107 2198 4154 te
2226 4099 2408 4155 ualeat
2432 4097 2664 4153 offensio
2695 4094 3152 4166 delinquentium.
3178 4105 3342 4160 quam

1751 4191 2072 4246 miseratio:
2108 4204 2323 4261 semper
2371 4187 2582 4245 indultu
2611 4186 2837 4243 ﬁetebus
2885 4182 3338 4256 supplccantium.

1752 4279 1814 4334 P.
1848 4280 1901 4335 d.
1932 4296 2020 4335 no.

1672 4475 1724 4538 Β
1751 4519 1860 4575 246
1889 4520 2139 4574 habetur.

1828 4592 1975 4658 (189)
2015 4592 2269 4644 exaltare.

1824 4660 1970 4731 (l90)
2017 4659 2383 4731 erosiiionis.

1825 4729 1970 4801 (191)
2019 4729 2324 4801 Totamque.

1855 4803 1976 4870 192)
2019 4800 2315 4870 Supplices.

1856 4873 1975 4942 193)
2021 4870 2260 4942 pietatis.

1828 4940 1976 5016 (19o
2018 4940 2234 5016 Saltem-

1826 5011 1975 5086 (195)
2016 5011 2368 5086 ᾼΙὲςηὶθεηιιδ.

1829 5091 1844 5116 Ι
1857 5088 1872 5116 Ι
1887 5085 1976 5116 01%|

2023 5082 2304 5116 nolis-Inv...
