  <div class='ocr_page' id='page_1' title='image "/cluster/home/n/w/nwhite01/storage/ocr_20150623/138/hvd.32044015471774/449.png"; bbox 0 0 3902 5334; ppageno 0'>
   <div class='ocr_carea' id='block_1_1' title="bbox 528 337 631 396">
    <p class='ocr_par' dir='ltr' id='par_1_1' title="bbox 528 337 631 396">
     <span class='ocr_line' id='line_1_1' title="bbox 528 337 631 396; baseline -0.049 0"><span class='ocrx_word' id='word_1_1' title='bbox 528 337 631 396; x_wconf 76' lang='grc'>887</span> 
     </span>
    </p>
   </div>
   <div class='ocr_carea' id='block_1_2' title="bbox 527 445 834 509">
    <p class='ocr_par' dir='ltr' id='par_1_2' title="bbox 527 445 834 509">
     <span class='ocr_line' id='line_1_2' title="bbox 527 445 834 509; baseline -0.026 -4"><span class='ocrx_word' id='word_1_2' title='bbox 527 451 587 505; x_wconf 88' lang='lat' dir='ltr'><strong>S.</strong></span> <span class='ocrx_word' id='word_1_3' title='bbox 627 445 785 502; x_wconf 87' lang='lat' dir='ltr'><strong>Tecla</strong></span> <span class='ocrx_word' id='word_1_4' title='bbox 803 447 834 509; x_wconf 83' lang='lat'><strong>,&#39;</strong></span> 
     </span>
    </p>
   </div>
   <div class='ocr_carea' id='block_1_3' title="bbox 527 516 862 576">
    <p class='ocr_par' dir='ltr' id='par_1_3' title="bbox 527 516 862 576">
     <span class='ocr_line' id='line_1_3' title="bbox 527 516 862 576; baseline -0.024 -1"><span class='ocrx_word' id='word_1_5' title='bbox 527 520 588 575; x_wconf 84' lang='lat' dir='ltr'><strong>S.</strong></span> <span class='ocrx_word' id='word_1_6' title='bbox 614 516 862 576; x_wconf 84' lang='lat' dir='ltr'><strong>Euﬁmia,</strong></span> 
     </span>
    </p>
   </div>
   <div class='ocr_carea' id='block_1_4' title="bbox 526 585 891 650">
    <p class='ocr_par' dir='ltr' id='par_1_4' title="bbox 526 585 891 650">
     <span class='ocr_line' id='line_1_4' title="bbox 526 585 891 650; baseline -0.025 -6"><span class='ocrx_word' id='word_1_7' title='bbox 526 589 587 650; x_wconf 88' lang='grc'><strong>8.</strong></span> <span class='ocrx_word' id='word_1_8' title='bbox 618 585 891 647; x_wconf 79' lang='lat' dir='ltr'><strong>Eufraxia,</strong></span> 
     </span>
    </p>
   </div>
   <div class='ocr_carea' id='block_1_5' title="bbox 528 656 862 734">
    <p class='ocr_par' dir='ltr' id='par_1_5' title="bbox 528 656 862 734">
     <span class='ocr_line' id='line_1_5' title="bbox 528 656 862 734; baseline -0.021 -21"><span class='ocrx_word' id='word_1_9' title='bbox 528 659 588 734; x_wconf 75' lang='grc'><strong>8.</strong></span> <span class='ocrx_word' id='word_1_10' title='bbox 623 656 862 734; x_wconf 58' lang='lat' dir='ltr'><strong>Brigida,</strong></span> 
     </span>
    </p>
   </div>
   <div class='ocr_carea' id='block_1_6' title="bbox 528 725 920 786">
    <p class='ocr_par' dir='ltr' id='par_1_6' title="bbox 528 725 920 786">
     <span class='ocr_line' id='line_1_6' title="bbox 528 725 920 786; baseline -0.02 -4"><span class='ocrx_word' id='word_1_11' title='bbox 528 725 585 782; x_wconf 89' lang='grc'><strong>8.</strong></span> <span class='ocrx_word' id='word_1_12' title='bbox 612 725 920 786; x_wconf 85' lang='lat' dir='ltr'><strong>Anastasia,</strong></span> 
     </span>
    </p>
   </div>
   <div class='ocr_carea' id='block_1_7' title="bbox 529 791 910 854">
    <p class='ocr_par' dir='ltr' id='par_1_7' title="bbox 529 791 910 854">
     <span class='ocr_line' id='line_1_7' title="bbox 529 791 910 854; baseline -0.021 -3"><span class='ocrx_word' id='word_1_13' title='bbox 529 797 588 851; x_wconf 96' lang='grc'><strong>8.</strong></span> <span class='ocrx_word' id='word_1_14' title='bbox 619 791 910 854; x_wconf 84' lang='lat' dir='ltr'><strong>Genovel‘a,</strong></span> 
     </span>
    </p>
   </div>
   <div class='ocr_carea' id='block_1_8' title="bbox 528 854 911 932">
    <p class='ocr_par' dir='ltr' id='par_1_8' title="bbox 528 854 911 932">
     <span class='ocr_line' id='line_1_8' title="bbox 528 854 911 932; baseline -0.018 -12"><span class='ocrx_word' id='word_1_15' title='bbox 528 856 586 921; x_wconf 88' lang='lat' dir='ltr'><strong>S.</strong></span> <span class='ocrx_word' id='word_1_16' title='bbox 619 854 911 932; x_wconf 80' lang='lat' dir='ltr'><strong>Reparata,</strong></span> 
     </span>
    </p>
   </div>
   <div class='ocr_carea' id='block_1_9' title="bbox 528 933 912 999">
    <p class='ocr_par' dir='ltr' id='par_1_9' title="bbox 528 933 912 999">
     <span class='ocr_line' id='line_1_9' title="bbox 528 933 912 999; baseline -0.021 -10"><span class='ocrx_word' id='word_1_17' title='bbox 528 937 587 989; x_wconf 92' lang='lat' dir='ltr'><strong>S.</strong></span> <span class='ocrx_word' id='word_1_18' title='bbox 630 933 912 999; x_wconf 85' lang='lat' dir='ltr'><strong>Perpetua,</strong></span> 
     </span>
    </p>
   </div>
   <div class='ocr_carea' id='block_1_10' title="bbox 527 1002 893 1065">
    <p class='ocr_par' dir='ltr' id='par_1_10' title="bbox 527 1002 893 1065">
     <span class='ocr_line' id='line_1_10' title="bbox 527 1002 893 1065; baseline -0.016 -7"><span class='ocrx_word' id='word_1_19' title='bbox 527 1005 585 1059; x_wconf 85' lang='lat' dir='ltr'><strong>S.</strong></span> <span class='ocrx_word' id='word_1_20' title='bbox 620 1002 893 1065; x_wconf 74' lang='lat' dir='ltr'><strong>Felicitas,</strong></span> 
     </span>
    </p>
   </div>
   <div class='ocr_carea' id='block_1_11' title="bbox 527 1070 934 1133">
    <p class='ocr_par' dir='ltr' id='par_1_11' title="bbox 527 1070 934 1133">
     <span class='ocr_line' id='line_1_11' title="bbox 527 1070 934 1133; baseline -0.007 -5"><span class='ocrx_word' id='word_1_21' title='bbox 527 1076 586 1128; x_wconf 80' lang='lat' dir='ltr'><strong>S.</strong></span> <span class='ocrx_word' id='word_1_22' title='bbox 618 1070 934 1133; x_wconf 86' lang='lat' dir='ltr'><strong>Scolastica,</strong></span> 
     </span>
    </p>
   </div>
   <div class='ocr_carea' id='block_1_12' title="bbox 528 1143 882 1204">
    <p class='ocr_par' dir='ltr' id='par_1_12' title="bbox 528 1143 882 1204">
     <span class='ocr_line' id='line_1_12' title="bbox 528 1143 882 1204; baseline -0.02 -6"><span class='ocrx_word' id='word_1_23' title='bbox 528 1144 588 1198; x_wconf 91' lang='lat' dir='ltr'><strong>S.</strong></span> <span class='ocrx_word' id='word_1_24' title='bbox 617 1143 882 1204; x_wconf 79' lang='lat' dir='ltr'><strong>Susanna,</strong></span> 
     </span>
    </p>
   </div>
   <div class='ocr_carea' id='block_1_13' title="bbox 530 1212 772 1270">
    <p class='ocr_par' dir='ltr' id='par_1_13' title="bbox 530 1212 772 1270">
     <span class='ocr_line' id='line_1_13' title="bbox 530 1212 772 1270; baseline 0.008 -2"><span class='ocrx_word' id='word_1_25' title='bbox 530 1212 588 1268; x_wconf 87' lang='lat' dir='ltr'><strong>S.</strong></span> <span class='ocrx_word' id='word_1_26' title='bbox 619 1212 772 1270; x_wconf 80' lang='lat' dir='ltr'><strong>Spes.</strong></span> 
     </span>
    </p>
   </div>
   <div class='ocr_carea' id='block_1_14' title="bbox 529 1283 812 1346">
    <p class='ocr_par' dir='ltr' id='par_1_14' title="bbox 529 1283 812 1346">
     <span class='ocr_line' id='line_1_14' title="bbox 529 1283 812 1346; baseline -0.004 -9"><span class='ocrx_word' id='word_1_27' title='bbox 529 1283 589 1337; x_wconf 87' lang='lat' dir='ltr'><strong>S.</strong></span> <span class='ocrx_word' id='word_1_28' title='bbox 628 1283 812 1346; x_wconf 82' lang='lat' dir='ltr'><strong>Fides,</strong></span> 
     </span>
    </p>
   </div>
   <div class='ocr_carea' id='block_1_15' title="bbox 531 1343 859 1421">
    <p class='ocr_par' dir='ltr' id='par_1_15' title="bbox 531 1343 859 1421">
     <span class='ocr_line' id='line_1_15' title="bbox 531 1343 859 1421; baseline -0.006 -15"><span class='ocrx_word' id='word_1_29' title='bbox 531 1353 589 1421; x_wconf 62' lang='grc'>8,.</span> <span class='ocrx_word' id='word_1_30' title='bbox 619 1343 691 1414; x_wconf 80' lang='lat' dir='ltr'><strong>Ca</strong></span> <span class='ocrx_word' id='word_1_31' title='bbox 699 1343 859 1421; x_wconf 49' lang='lat' dir='ltr'><strong>rita—&#39;3,</strong></span> 
     </span>
    </p>
   </div>
   <div class='ocr_carea' id='block_1_16' title="bbox 531 1419 930 1483">
    <p class='ocr_par' dir='ltr' id='par_1_16' title="bbox 531 1419 930 1483">
     <span class='ocr_line' id='line_1_16' title="bbox 531 1419 930 1483; baseline -0.015 -6"><span class='ocrx_word' id='word_1_32' title='bbox 531 1419 590 1483; x_wconf 66' lang='lat' dir='ltr'><strong>S.</strong></span> <span class='ocrx_word' id='word_1_33' title='bbox 617 1419 930 1483; x_wconf 82' lang='lat' dir='ltr'><strong>Petronilla,</strong></span> 
     </span>
    </p>
   </div>
   <div class='ocr_carea' id='block_1_17' title="bbox 531 1491 932 1553">
    <p class='ocr_par' dir='ltr' id='par_1_17' title="bbox 531 1491 932 1553">
     <span class='ocr_line' id='line_1_17' title="bbox 531 1491 932 1553; baseline -0.01 -7"><span class='ocrx_word' id='word_1_34' title='bbox 531 1492 590 1546; x_wconf 89' lang='grc'><strong>8.</strong></span> <span class='ocrx_word' id='word_1_35' title='bbox 620 1491 932 1553; x_wconf 84' lang='lat' dir='ltr'><strong>Medrisma,</strong></span> 
     </span>
    </p>
   </div>
   <div class='ocr_carea' id='block_1_18' title="bbox 531 1558 956 1628">
    <p class='ocr_par' dir='ltr' id='par_1_18' title="bbox 531 1558 956 1628">
     <span class='ocr_line' id='line_1_18' title="bbox 531 1558 956 1628; baseline -0.012 -12"><span class='ocrx_word' id='word_1_36' title='bbox 531 1561 590 1616; x_wconf 91' lang='lat' dir='ltr'><strong>S.</strong></span> <span class='ocrx_word' id='word_1_37' title='bbox 624 1558 956 1628; x_wconf 88' lang='lat' dir='ltr'><strong>Solempnia,</strong></span> 
     </span>
    </p>
   </div>
   <div class='ocr_carea' id='block_1_19' title="bbox 531 1630 867 1717">
    <p class='ocr_par' dir='ltr' id='par_1_19' title="bbox 531 1630 867 1717">
     <span class='ocr_line' id='line_1_19' title="bbox 531 1630 867 1717; baseline 0 0"><span class='ocrx_word' id='word_1_38' title='bbox 617 1630 867 1717; x_wconf 55' lang='lat'><strong>3}“!9‘9‘33</strong></span> 
     </span>
    </p>
   </div>
   <div class='ocr_carea' id='block_1_20' title="bbox 532 1699 931 1768">
    <p class='ocr_par' dir='ltr' id='par_1_20' title="bbox 532 1699 931 1768">
     <span class='ocr_line' id='line_1_20' title="bbox 532 1699 931 1768; baseline -0.01 -14"><span class='ocrx_word' id='word_1_39' title='bbox 532 1699 592 1768; x_wconf 78' lang='lat' dir='ltr'><strong>S.</strong></span> <span class='ocrx_word' id='word_1_40' title='bbox 615 1699 931 1768; x_wconf 78' lang='lat' dir='ltr'><strong>Eugamina,</strong></span> 
     </span>
    </p>
   </div>
   <div class='ocr_carea' id='block_1_21' title="bbox 531 1763 957 1836">
    <p class='ocr_par' dir='ltr' id='par_1_21' title="bbox 531 1763 957 1836">
     <span class='ocr_line' id='line_1_21' title="bbox 531 1763 957 1836; baseline -0.005 -13"><span class='ocrx_word' id='word_1_41' title='bbox 531 1763 588 1836; x_wconf 82' lang='grc'><strong>8.</strong></span> <span class='ocrx_word' id='word_1_42' title='bbox 619 1763 957 1836; x_wconf 65' lang='lat' dir='ltr'><strong>Potentiana,</strong></span> 
     </span>
    </p>
   </div>
   <div class='ocr_carea' id='block_1_22' title="bbox 531 1831 846 1912">
    <p class='ocr_par' dir='ltr' id='par_1_22' title="bbox 531 1831 846 1912">
     <span class='ocr_line' id='line_1_22' title="bbox 531 1831 846 1912; baseline -0.01 -17"><span class='ocrx_word' id='word_1_43' title='bbox 619 1838 846 1911; x_wconf 79' lang='lat' dir='ltr'><strong>Romola</strong></span> 
     </span>
    </p>
   </div>
   <div class='ocr_carea' id='block_1_23' title="bbox 537 2014 945 2086">
    <p class='ocr_par' dir='ltr' id='par_1_23' title="bbox 537 2014 945 2086">
     <span class='ocr_line' id='line_1_23' title="bbox 537 2014 945 2086; baseline -0.01 -15"><span class='ocrx_word' id='word_1_44' title='bbox 537 2016 719 2071; x_wconf 81' lang='lat' dir='ltr'><strong>Sancti</strong></span> <span class='ocrx_word' id='word_1_45' title='bbox 751 2014 945 2086; x_wconf 81' lang='lat' dir='ltr'><strong>angeli,</strong></span> 
     </span>
    </p>
   </div>
   <div class='ocr_carea' id='block_1_24' title="bbox 537 2102 1086 2177">
    <p class='ocr_par' dir='ltr' id='par_1_24' title="bbox 537 2102 1086 2177">
     <span class='ocr_line' id='line_1_24' title="bbox 537 2102 1086 2177; baseline -0.004 -17"><span class='ocrx_word' id='word_1_46' title='bbox 537 2106 725 2177; x_wconf 82' lang='lat' dir='ltr'><strong>Sancti</strong></span> <span class='ocrx_word' id='word_1_47' title='bbox 755 2102 1086 2175; x_wconf 78' lang='lat' dir='ltr'><strong>archangeli,</strong></span> 
     </span>
    </p>
   </div>
   <div class='ocr_carea' id='block_1_25' title="bbox 537 2193 956 2258">
    <p class='ocr_par' dir='ltr' id='par_1_25' title="bbox 537 2193 956 2258">
     <span class='ocr_line' id='line_1_25' title="bbox 537 2193 956 2258; baseline 0 -11"><span class='ocrx_word' id='word_1_48' title='bbox 537 2195 724 2250; x_wconf 85' lang='lat' dir='ltr'><strong>Sancti</strong></span> <span class='ocrx_word' id='word_1_49' title='bbox 755 2193 956 2258; x_wconf 78' lang='lat' dir='ltr'><strong>throni,</strong></span> 
     </span>
    </p>
   </div>
   <div class='ocr_carea' id='block_1_26' title="bbox 537 2283 1198 2350">
    <p class='ocr_par' dir='ltr' id='par_1_26' title="bbox 537 2283 1198 2350">
     <span class='ocr_line' id='line_1_26' title="bbox 537 2283 1198 2350; baseline 0.002 -11"><span class='ocrx_word' id='word_1_50' title='bbox 537 2284 750 2340; x_wconf 76' lang='lat' dir='ltr'><strong>Sancta:</strong></span> <span class='ocrx_word' id='word_1_51' title='bbox 785 2283 1198 2350; x_wconf 68' lang='lat' dir='ltr'><strong>domitu-itiones,</strong></span> 
     </span>
    </p>
   </div>
   <div class='ocr_carea' id='block_1_27' title="bbox 537 2376 1118 2450">
    <p class='ocr_par' dir='ltr' id='par_1_27' title="bbox 537 2376 1118 2450">
     <span class='ocr_line' id='line_1_27' title="bbox 537 2376 1118 2450; baseline 0 -19"><span class='ocrx_word' id='word_1_52' title='bbox 537 2376 723 2450; x_wconf 83' lang='lat' dir='ltr'><strong>Sancti</strong></span> <span class='ocrx_word' id='word_1_53' title='bbox 761 2377 1118 2450; x_wconf 81' lang='lat' dir='ltr'><strong>principatus,</strong></span> 
     </span>
    </p>
   </div>
   <div class='ocr_carea' id='block_1_28' title="bbox 538 2467 1105 2537">
    <p class='ocr_par' dir='ltr' id='par_1_28' title="bbox 538 2467 1105 2537">
     <span class='ocr_line' id='line_1_28' title="bbox 538 2467 1105 2537; baseline 0.004 -16"><span class='ocrx_word' id='word_1_54' title='bbox 538 2467 607 2522; x_wconf 86' lang='lat' dir='ltr'><strong>Sa</strong></span> <span class='ocrx_word' id='word_1_55' title='bbox 617 2475 751 2522; x_wconf 65' lang='lat' dir='ltr'><strong>nctre</strong></span> <span class='ocrx_word' id='word_1_56' title='bbox 787 2474 1105 2537; x_wconf 86' lang='lat' dir='ltr'><strong>potestates,</strong></span> 
     </span>
    </p>
   </div>
   <div class='ocr_carea' id='block_1_29' title="bbox 539 2550 1036 2627">
    <p class='ocr_par' dir='ltr' id='par_1_29' title="bbox 539 2550 1036 2627">
     <span class='ocr_line' id='line_1_29' title="bbox 539 2550 1036 2627; baseline 0.004 -13"><span class='ocrx_word' id='word_1_57' title='bbox 539 2561 751 2617; x_wconf 67' lang='lat' dir='ltr'><strong>Sanctre</strong></span> <span class='ocrx_word' id='word_1_58' title='bbox 786 2550 1036 2627; x_wconf 77' lang='lat' dir='ltr'><strong>virtutes,</strong></span> 
     </span>
    </p>
   </div>
   <div class='ocr_carea' id='block_1_30' title="bbox 543 2649 1080 2725">
    <p class='ocr_par' dir='ltr' id='par_1_30' title="bbox 543 2649 1080 2725">
     <span class='ocr_line' id='line_1_30' title="bbox 543 2649 1080 2725; baseline 0.006 -22"><span class='ocrx_word' id='word_1_59' title='bbox 543 2649 755 2725; x_wconf 71' lang='lat' dir='ltr'><strong>Sancta:</strong></span> <span class='ocrx_word' id='word_1_60' title='bbox 780 2653 1080 2722; x_wconf 72' lang='lat' dir='ltr'><strong>cherubin),</strong></span> 
     </span>
    </p>
   </div>
   <div class='ocr_carea' id='block_1_31' title="bbox 541 2739 1078 2818">
    <p class='ocr_par' dir='ltr' id='par_1_31' title="bbox 541 2739 1078 2818">
     <span class='ocr_line' id='line_1_31' title="bbox 541 2739 1078 2818; baseline 0.004 -25"><span class='ocrx_word' id='word_1_61' title='bbox 541 2739 753 2795; x_wconf 76' lang='lat' dir='ltr'><strong>Sancta:</strong></span> <span class='ocrx_word' id='word_1_62' title='bbox 786 2742 1078 2818; x_wconf 85' lang='lat' dir='ltr'><strong>seraphim,</strong></span> 
     </span>
    </p>
   </div>
   <div class='ocr_carea' id='block_1_32' title="bbox 543 2829 1118 2902">
    <p class='ocr_par' dir='ltr' id='par_1_32' title="bbox 543 2829 1118 2902">
     <span class='ocr_line' id='line_1_32' title="bbox 543 2829 1118 2902; baseline 0.005 -18"><span class='ocrx_word' id='word_1_63' title='bbox 543 2829 741 2885; x_wconf 84' lang='lat' dir='ltr'><strong>Omnes</strong></span> <span class='ocrx_word' id='word_1_64' title='bbox 778 2833 1118 2902; x_wconf 63' lang='lat' dir='ltr'><strong>patriarchas,</strong></span> 
     </span>
    </p>
   </div>
   <div class='ocr_carea' id='block_1_33' title="bbox 543 2919 1072 2992">
    <p class='ocr_par' dir='ltr' id='par_1_33' title="bbox 543 2919 1072 2992">
     <span class='ocr_line' id='line_1_33' title="bbox 543 2919 1072 2992; baseline 0.006 -19"><span class='ocrx_word' id='word_1_65' title='bbox 543 2919 744 2975; x_wconf 86' lang='lat' dir='ltr'><strong>Omnes</strong></span> <span class='ocrx_word' id='word_1_66' title='bbox 781 2925 1072 2992; x_wconf 66' lang='lat' dir='ltr'><strong>prophetae,</strong></span> 
     </span>
    </p>
   </div>
   <div class='ocr_carea' id='block_1_34' title="bbox 543 3009 1112 3084">
    <p class='ocr_par' dir='ltr' id='par_1_34' title="bbox 543 3009 1112 3084">
     <span class='ocr_line' id='line_1_34' title="bbox 543 3009 1112 3084; baseline 0.007 -20"><span class='ocrx_word' id='word_1_67' title='bbox 543 3009 741 3066; x_wconf 86' lang='lat' dir='ltr'><strong>Omnes</strong></span> <span class='ocrx_word' id='word_1_68' title='bbox 769 3014 1112 3084; x_wconf 70' lang='lat' dir='ltr'><strong>evangelista;</strong></span> 
     </span>
    </p>
   </div>
   <div class='ocr_carea' id='block_1_35' title="bbox 546 3102 1029 3174">
    <p class='ocr_par' dir='ltr' id='par_1_35' title="bbox 546 3102 1029 3174">
     <span class='ocr_line' id='line_1_35' title="bbox 546 3102 1029 3174; baseline -0.002 -16"><span class='ocrx_word' id='word_1_69' title='bbox 546 3102 746 3169; x_wconf 87' lang='lat' dir='ltr'><strong>Omnes</strong></span> <span class='ocrx_word' id='word_1_70' title='bbox 782 3106 1029 3174; x_wconf 89' lang='lat' dir='ltr'><strong>apostoli,</strong></span> 
     </span>
    </p>
   </div>
   <div class='ocr_carea' id='block_1_36' title="bbox 549 3196 1072 3268">
    <p class='ocr_par' dir='ltr' id='par_1_36' title="bbox 549 3196 1072 3268">
     <span class='ocr_line' id='line_1_36' title="bbox 549 3196 1072 3268; baseline -0.002 -15"><span class='ocrx_word' id='word_1_71' title='bbox 549 3196 750 3263; x_wconf 85' lang='lat' dir='ltr'><strong>Omnes</strong></span> <span class='ocrx_word' id='word_1_72' title='bbox 786 3207 1072 3268; x_wconf 81' lang='lat' dir='ltr'><strong>martyres,</strong></span> 
     </span>
    </p>
   </div>
   <div class='ocr_carea' id='block_1_37' title="bbox 549 3287 1131 3357">
    <p class='ocr_par' dir='ltr' id='par_1_37' title="bbox 549 3287 1131 3357">
     <span class='ocr_line' id='line_1_37' title="bbox 549 3287 1131 3357; baseline 0.002 -15"><span class='ocrx_word' id='word_1_73' title='bbox 549 3288 749 3357; x_wconf 82' lang='lat' dir='ltr'><strong>Omnes</strong></span> <span class='ocrx_word' id='word_1_74' title='bbox 773 3287 1131 3354; x_wconf 78' lang='lat' dir='ltr'><strong>confessorcs,</strong></span> 
     </span>
    </p>
   </div>
   <div class='ocr_carea' id='block_1_38' title="bbox 552 3381 1108 3446">
    <p class='ocr_par' dir='ltr' id='par_1_38' title="bbox 552 3381 1108 3446">
     <span class='ocr_line' id='line_1_38' title="bbox 552 3381 1108 3446; baseline -0.011 -7"><span class='ocrx_word' id='word_1_75' title='bbox 552 3381 750 3439; x_wconf 81' lang='lat' dir='ltr'><strong>Omnes</strong></span> <span class='ocrx_word' id='word_1_76' title='bbox 777 3388 1108 3446; x_wconf 74' lang='lat' dir='ltr'><strong>sanctorum,</strong></span> 
     </span>
    </p>
   </div>
   <div class='ocr_carea' id='block_1_39' title="bbox 548 3473 980 3542">
    <p class='ocr_par' dir='ltr' id='par_1_39' title="bbox 548 3473 980 3542">
     <span class='ocr_line' id='line_1_39' title="bbox 548 3473 980 3542; baseline 0.005 -16"><span class='ocrx_word' id='word_1_77' title='bbox 548 3473 820 3542; x_wconf 79' lang='lat' dir='ltr'><strong>Propitius</strong></span> <span class='ocrx_word' id='word_1_78' title='bbox 842 3485 980 3536; x_wconf 86' lang='lat' dir='ltr'><strong>esto,</strong></span> 
     </span>
    </p>
   </div>
   <div class='ocr_carea' id='block_1_40' title="bbox 551 3563 977 3642">
    <p class='ocr_par' dir='ltr' id='par_1_40' title="bbox 551 3563 977 3642">
     <span class='ocr_line' id='line_1_40' title="bbox 551 3563 977 3642; baseline -0.002 -25"><span class='ocrx_word' id='word_1_79' title='bbox 551 3563 821 3642; x_wconf 81' lang='lat' dir='ltr'><strong>Propitius</strong></span> <span class='ocrx_word' id='word_1_80' title='bbox 841 3574 977 3628; x_wconf 90' lang='lat' dir='ltr'><strong>esto,</strong></span> 
     </span>
    </p>
   </div>
   <div class='ocr_carea' id='block_1_41' title="bbox 551 3654 988 3725">
    <p class='ocr_par' dir='ltr' id='par_1_41' title="bbox 551 3654 988 3725">
     <span class='ocr_line' id='line_1_41' title="bbox 551 3654 988 3725; baseline -0.005 -15"><span class='ocrx_word' id='word_1_81' title='bbox 551 3655 634 3721; x_wconf 65' lang='lat' dir='ltr'><strong>Ah</strong></span> <span class='ocrx_word' id='word_1_82' title='bbox 656 3655 800 3709; x_wconf 93' lang='lat' dir='ltr'><strong>omni</strong></span> <span class='ocrx_word' id='word_1_83' title='bbox 828 3654 988 3725; x_wconf 78' lang='lat' dir='ltr'><strong>malo,</strong></span> 
     </span>
    </p>
   </div>
   <div class='ocr_carea' id='block_1_42' title="bbox 553 3744 895 3812">
    <p class='ocr_par' dir='ltr' id='par_1_42' title="bbox 553 3744 895 3812">
     <span class='ocr_line' id='line_1_42' title="bbox 553 3744 895 3812; baseline -0.003 -10"><span class='ocrx_word' id='word_1_84' title='bbox 553 3744 895 3812; x_wconf 84' lang='lat' dir='ltr'><strong>Peccatores,</strong></span> 
     </span>
    </p>
   </div>
   <div class='ocr_carea' id='block_1_43' title="bbox 556 3835 1066 3914">
    <p class='ocr_par' dir='ltr' id='par_1_43' title="bbox 556 3835 1066 3914">
     <span class='ocr_line' id='line_1_43' title="bbox 556 3835 1066 3914; baseline 0.002 -23"><span class='ocrx_word' id='word_1_85' title='bbox 556 3835 628 3891; x_wconf 87' lang='lat' dir='ltr'><strong>Ut</strong></span> <span class='ocrx_word' id='word_1_86' title='bbox 657 3852 842 3907; x_wconf 89' lang='lat' dir='ltr'><strong>pacem</strong></span> <span class='ocrx_word' id='word_1_87' title='bbox 877 3837 1066 3914; x_wconf 73' lang='lat' dir='ltr'><strong>dones,</strong></span> 
     </span>
    </p>
   </div>
   <div class='ocr_carea' id='block_1_44' title="bbox 1163 449 1281 502">
    <p class='ocr_par' dir='ltr' id='par_1_44' title="bbox 1163 449 1281 502">
     <span class='ocr_line' id='line_1_44' title="bbox 1163 449 1281 502; baseline -0.017 -13"><span class='ocrx_word' id='word_1_88' title='bbox 1163 449 1281 502; x_wconf 75' lang='lat' dir='ltr'><strong>ora.</strong></span> 
     </span>
    </p>
   </div>
   <div class='ocr_carea' id='block_1_45' title="bbox 1341 295 2957 387">
    <p class='ocr_par' dir='ltr' id='par_1_45' title="bbox 1341 295 2957 387">
     <span class='ocr_line' id='line_1_45' title="bbox 1341 295 2957 387; baseline -0.015 -13"><span class='ocrx_word' id='word_1_89' title='bbox 1341 317 1631 381; x_wconf 78' lang='lat' dir='ltr'><strong>APPEND.</strong></span> <span class='ocrx_word' id='word_1_90' title='bbox 1671 315 1762 387; x_wconf 57' lang='lat' dir='ltr'><strong>AD</strong></span> <span class='ocrx_word' id='word_1_91' title='bbox 1801 309 1974 378; x_wconf 56' lang='lat' dir='ltr'><strong>SEC.</strong></span> <span class='ocrx_word' id='word_1_92' title='bbox 2121 336 2190 346; x_wconf 91' lang='lat'><strong><em>—</em></strong></span> <span class='ocrx_word' id='word_1_93' title='bbox 2225 299 2658 370; x_wconf 77' lang='lat' dir='ltr'><strong>MONUMENTA</strong></span> <span class='ocrx_word' id='word_1_94' title='bbox 2681 295 2957 353; x_wconf 78' lang='lat' dir='ltr'><strong>LlTURG.</strong></span> 
     </span>
    </p>
   </div>
   <div class='ocr_carea' id='block_1_46' title="bbox 1343 395 3751 491">
    <p class='ocr_par' dir='ltr' id='par_1_46' title="bbox 1343 395 3751 491">
     <span class='ocr_line' id='line_1_46' title="bbox 1343 395 3751 491; baseline -0.016 -5"><span class='ocrx_word' id='word_1_95' title='bbox 1343 433 1399 486; x_wconf 86' lang='lat' dir='ltr'><strong>S.</strong></span> <span class='ocrx_word' id='word_1_96' title='bbox 1431 429 1682 491; x_wconf 87' lang='lat' dir='ltr'><strong>Poslnna,</strong></span> <span class='ocrx_word' id='word_1_97' title='bbox 1990 432 2102 472; x_wconf 84' lang='lat' dir='ltr'><strong>ara.</strong></span> <span class='ocrx_word' id='word_1_98' title='bbox 2135 421 2178 477; x_wconf 80' lang='grc' dir='ltr'>Α</span> <span class='ocrx_word' id='word_1_99' title='bbox 2208 415 2451 480; x_wconf 56' lang='lat' dir='ltr'><strong>Anniane</strong></span> <span class='ocrx_word' id='word_1_100' title='bbox 2481 424 2690 473; x_wconf 87' lang='lat' dir='ltr'><strong>summo</strong></span> <span class='ocrx_word' id='word_1_101' title='bbox 2725 405 2978 477; x_wconf 80' lang='lat' dir='ltr'><strong>pontiﬁce</strong></span> <span class='ocrx_word' id='word_1_102' title='bbox 3000 410 3055 458; x_wconf 92' lang='lat' dir='ltr'><strong>et</strong></span> <span class='ocrx_word' id='word_1_103' title='bbox 3085 397 3392 456; x_wconf 80' lang='lat' dir='ltr'><strong>universale</strong></span> <span class='ocrx_word' id='word_1_104' title='bbox 3439 410 3593 467; x_wconf 68' lang='lat' dir='ltr'><strong>papae</strong></span> <span class='ocrx_word' id='word_1_105' title='bbox 3629 395 3751 449; x_wconf 85' lang='lat' dir='ltr'><strong>vita.</strong></span> 
     </span>
    </p>
   </div>
   <div class='ocr_carea' id='block_1_47' title="bbox 1343 495 1629 569">
    <p class='ocr_par' dir='ltr' id='par_1_47' title="bbox 1343 495 1629 569">
     <span class='ocr_line' id='line_1_47' title="bbox 1343 495 1629 569; baseline -0.017 -14"><span class='ocrx_word' id='word_1_106' title='bbox 1343 495 1401 556; x_wconf 79' lang='lat' dir='ltr'><strong>S.</strong></span> <span class='ocrx_word' id='word_1_107' title='bbox 1433 501 1629 569; x_wconf 80' lang='lat' dir='ltr'><strong>Magra,</strong></span> 
     </span>
    </p>
   </div>
   <div class='ocr_carea' id='block_1_48' title="bbox 1434 569 2008 630">
    <p class='ocr_par' dir='ltr' id='par_1_48' title="bbox 1434 569 2008 630">
     <span class='ocr_line' id='line_1_48' title="bbox 1434 569 2008 630; baseline -0.023 -7"><span class='ocrx_word' id='word_1_108' title='bbox 1434 569 1665 624; x_wconf 79' lang='lat' dir='ltr'><strong>Nomina</strong></span> <span class='ocrx_word' id='word_1_109' title='bbox 1691 572 2008 630; x_wconf 78' lang='lat' dir='ltr'><strong>sanctorum.</strong></span> 
     </span>
    </p>
   </div>
   <div class='ocr_carea' id='block_1_49' title="bbox 1347 638 2099 704">
    <p class='ocr_par' dir='ltr' id='par_1_49' title="bbox 1347 638 2099 704">
     <span class='ocr_line' id='line_1_49' title="bbox 1347 638 2099 704; baseline -0.021 -9"><span class='ocrx_word' id='word_1_110' title='bbox 1347 643 1545 704; x_wconf 86' lang='lat' dir='ltr'><strong>Sancta</strong></span> <span class='ocrx_word' id='word_1_111' title='bbox 1576 638 1754 704; x_wconf 83' lang='lat' dir='ltr'><strong>Anna,</strong></span> <span class='ocrx_word' id='word_1_112' title='bbox 1981 641 2099 682; x_wconf 90' lang='lat' dir='ltr'><strong>ora.</strong></span> 
     </span>
    </p>
   </div>
   <div class='ocr_carea' id='block_1_50' title="bbox 1348 702 1772 767">
    <p class='ocr_par' dir='ltr' id='par_1_50' title="bbox 1348 702 1772 767">
     <span class='ocr_line' id='line_1_50' title="bbox 1348 702 1772 767; baseline -0.019 -2"><span class='ocrx_word' id='word_1_113' title='bbox 1348 702 1406 766; x_wconf 87' lang='lat' dir='ltr'><strong>S.</strong></span> <span class='ocrx_word' id='word_1_114' title='bbox 1441 702 1772 767; x_wconf 86' lang='lat' dir='ltr'><strong>llelisaheth,</strong></span> 
     </span>
    </p>
   </div>
   <div class='ocr_carea' id='block_1_51' title="bbox 1349 779 1653 839">
    <p class='ocr_par' dir='ltr' id='par_1_51' title="bbox 1349 779 1653 839">
     <span class='ocr_line' id='line_1_51' title="bbox 1349 779 1653 839; baseline -0.02 -5"><span class='ocrx_word' id='word_1_115' title='bbox 1349 782 1406 834; x_wconf 90' lang='grc'><strong>8.</strong></span> <span class='ocrx_word' id='word_1_116' title='bbox 1434 779 1653 839; x_wconf 86' lang='lat' dir='ltr'><strong>lleleua,</strong></span> 
     </span>
    </p>
   </div>
   <div class='ocr_carea' id='block_1_52' title="bbox 1349 846 1624 912">
    <p class='ocr_par' dir='ltr' id='par_1_52' title="bbox 1349 846 1624 912">
     <span class='ocr_line' id='line_1_52' title="bbox 1349 846 1624 912; baseline -0.011 -11"><span class='ocrx_word' id='word_1_117' title='bbox 1349 851 1407 912; x_wconf 79' lang='lat' dir='ltr'><strong>S.</strong></span> <span class='ocrx_word' id='word_1_118' title='bbox 1443 846 1624 910; x_wconf 74' lang='lat' dir='ltr'><strong>llaula,</strong></span> 
     </span>
    </p>
   </div>
   <div class='ocr_carea' id='block_1_53' title="bbox 1350 913 1806 984">
    <p class='ocr_par' dir='ltr' id='par_1_53' title="bbox 1350 913 1806 984">
     <span class='ocr_line' id='line_1_53' title="bbox 1350 913 1806 984; baseline -0.02 -10"><span class='ocrx_word' id='word_1_119' title='bbox 1350 921 1408 974; x_wconf 88' lang='lat' dir='ltr'><strong>S.</strong></span> <span class='ocrx_word' id='word_1_120' title='bbox 1443 913 1806 984; x_wconf 80' lang='lat' dir='ltr'><strong>Radegundis,</strong></span> 
     </span>
    </p>
   </div>
   <div class='ocr_carea' id='block_1_54' title="bbox 1351 988 1689 1048">
    <p class='ocr_par' dir='ltr' id='par_1_54' title="bbox 1351 988 1689 1048">
     <span class='ocr_line' id='line_1_54' title="bbox 1351 988 1689 1048; baseline -0.015 -6"><span class='ocrx_word' id='word_1_121' title='bbox 1351 991 1409 1042; x_wconf 87' lang='lat' dir='ltr'><strong>S.</strong></span> <span class='ocrx_word' id='word_1_122' title='bbox 1451 988 1689 1048; x_wconf 87' lang='lat' dir='ltr'><strong>Nadalia,</strong></span> 
     </span>
    </p>
   </div>
   <div class='ocr_carea' id='block_1_55' title="bbox 1351 1057 1620 1119">
    <p class='ocr_par' dir='ltr' id='par_1_55' title="bbox 1351 1057 1620 1119">
     <span class='ocr_line' id='line_1_55' title="bbox 1351 1057 1620 1119; baseline -0.022 -6"><span class='ocrx_word' id='word_1_123' title='bbox 1351 1059 1409 1112; x_wconf 91' lang='lat' dir='ltr'><strong>S.</strong></span> <span class='ocrx_word' id='word_1_124' title='bbox 1442 1057 1620 1119; x_wconf 85' lang='lat' dir='ltr'><strong>Abrit,</strong></span> 
     </span>
    </p>
   </div>
   <div class='ocr_carea' id='block_1_56' title="bbox 1353 1126 1628 1192">
    <p class='ocr_par' dir='ltr' id='par_1_56' title="bbox 1353 1126 1628 1192">
     <span class='ocr_line' id='line_1_56' title="bbox 1353 1126 1628 1192; baseline -0.018 -9"><span class='ocrx_word' id='word_1_125' title='bbox 1353 1128 1410 1192; x_wconf 84' lang='lat' dir='ltr'><strong>S.</strong></span> <span class='ocrx_word' id='word_1_126' title='bbox 1445 1126 1628 1192; x_wconf 74' lang='lat' dir='ltr'><strong>Sollia,</strong></span> 
     </span>
    </p>
   </div>
   <div class='ocr_carea' id='block_1_57' title="bbox 1351 1195 1659 1259">
    <p class='ocr_par' dir='ltr' id='par_1_57' title="bbox 1351 1195 1659 1259">
     <span class='ocr_line' id='line_1_57' title="bbox 1351 1195 1659 1259; baseline -0.01 -8"><span class='ocrx_word' id='word_1_127' title='bbox 1351 1199 1410 1259; x_wconf 88' lang='lat' dir='ltr'><strong>S.</strong></span> <span class='ocrx_word' id='word_1_128' title='bbox 1437 1195 1659 1250; x_wconf 71' lang='grc' dir='ltr'><strong>Μειτίοηὶ</strong></span> 
     </span>
    </p>
   </div>
   <div class='ocr_carea' id='block_1_58' title="bbox 1669 1193 1755 1258">
    <p class='ocr_par' dir='ltr' id='par_1_58' title="bbox 1669 1193 1755 1258">
     <span class='ocr_line' id='line_1_58' title="bbox 1669 1193 1755 1258; baseline 0 -12"><span class='ocrx_word' id='word_1_129' title='bbox 1669 1193 1755 1258; x_wconf 88' lang='lat' dir='ltr'><strong>lla,</strong></span> 
     </span>
    </p>
   </div>
   <div class='ocr_carea' id='block_1_59' title="bbox 1352 1265 1761 1330">
    <p class='ocr_par' dir='ltr' id='par_1_59' title="bbox 1352 1265 1761 1330">
     <span class='ocr_line' id='line_1_59' title="bbox 1352 1265 1761 1330; baseline -0.012 -9"><span class='ocrx_word' id='word_1_130' title='bbox 1352 1268 1411 1329; x_wconf 81' lang='grc'><strong>8.</strong></span> <span class='ocrx_word' id='word_1_131' title='bbox 1440 1265 1761 1330; x_wconf 78' lang='lat' dir='ltr'><strong>Concordia,</strong></span> 
     </span>
    </p>
   </div>
   <div class='ocr_carea' id='block_1_60' title="bbox 1353 1336 1714 1398">
    <p class='ocr_par' dir='ltr' id='par_1_60' title="bbox 1353 1336 1714 1398">
     <span class='ocr_line' id='line_1_60' title="bbox 1353 1336 1714 1398; baseline -0.019 -6"><span class='ocrx_word' id='word_1_132' title='bbox 1353 1337 1413 1392; x_wconf 88' lang='lat' dir='ltr'><strong>S.</strong></span> <span class='ocrx_word' id='word_1_133' title='bbox 1445 1336 1714 1398; x_wconf 87' lang='lat' dir='ltr'><strong>Susanna,</strong></span> 
     </span>
    </p>
   </div>
   <div class='ocr_carea' id='block_1_61' title="bbox 1350 1407 1700 1476">
    <p class='ocr_par' dir='ltr' id='par_1_61' title="bbox 1350 1407 1700 1476">
     <span class='ocr_line' id='line_1_61' title="bbox 1350 1407 1700 1476; baseline -0.02 -14"><span class='ocrx_word' id='word_1_134' title='bbox 1350 1407 1408 1462; x_wconf 91' lang='lat' dir='ltr'><strong>S.</strong></span> <span class='ocrx_word' id='word_1_135' title='bbox 1438 1407 1700 1476; x_wconf 65' lang='lat' dir='ltr'><strong>Augusta,</strong></span> 
     </span>
    </p>
   </div>
   <div class='ocr_carea' id='block_1_62' title="bbox 1350 1473 1694 1534">
    <p class='ocr_par' dir='ltr' id='par_1_62' title="bbox 1350 1473 1694 1534">
     <span class='ocr_line' id='line_1_62' title="bbox 1350 1473 1694 1534; baseline -0.015 -4"><span class='ocrx_word' id='word_1_136' title='bbox 1350 1477 1409 1531; x_wconf 90' lang='lat' dir='ltr'><strong>S.</strong></span> <span class='ocrx_word' id='word_1_137' title='bbox 1438 1473 1694 1534; x_wconf 77' lang='lat' dir='ltr'><strong>Leonilla,</strong></span> 
     </span>
    </p>
   </div>
   <div class='ocr_carea' id='block_1_63' title="bbox 1351 1545 1660 1608">
    <p class='ocr_par' dir='ltr' id='par_1_63' title="bbox 1351 1545 1660 1608">
     <span class='ocr_line' id='line_1_63' title="bbox 1351 1545 1660 1608; baseline -0.01 -7"><span class='ocrx_word' id='word_1_138' title='bbox 1351 1547 1410 1602; x_wconf 90' lang='lat' dir='ltr'><strong>S.</strong></span> <span class='ocrx_word' id='word_1_139' title='bbox 1440 1545 1660 1608; x_wconf 81' lang='lat' dir='ltr'><strong>Junilla,</strong></span> 
     </span>
    </p>
   </div>
   <div class='ocr_carea' id='block_1_64' title="bbox 1351 1614 1660 1678">
    <p class='ocr_par' dir='ltr' id='par_1_64' title="bbox 1351 1614 1660 1678">
     <span class='ocr_line' id='line_1_64' title="bbox 1351 1614 1660 1678; baseline -0.016 -8"><span class='ocrx_word' id='word_1_140' title='bbox 1351 1617 1410 1678; x_wconf 84' lang='lat' dir='ltr'><strong>S.</strong></span> <span class='ocrx_word' id='word_1_141' title='bbox 1440 1614 1660 1670; x_wconf 87' lang='lat' dir='ltr'><strong>Claudia</strong></span> 
     </span>
    </p>
   </div>
   <div class='ocr_carea' id='block_1_65' title="bbox 1350 1683 1678 1754">
    <p class='ocr_par' dir='ltr' id='par_1_65' title="bbox 1350 1683 1678 1754">
     <span class='ocr_line' id='line_1_65' title="bbox 1350 1683 1678 1754; baseline -0.018 -12"><span class='ocrx_word' id='word_1_142' title='bbox 1350 1686 1409 1742; x_wconf 88' lang='lat' dir='ltr'><strong>S.</strong></span> <span class='ocrx_word' id='word_1_143' title='bbox 1441 1683 1678 1754; x_wconf 74' lang='lat' dir='ltr'><strong>Pelagia,</strong></span> 
     </span>
    </p>
   </div>
   <div class='ocr_carea' id='block_1_66' title="bbox 1351 1755 1751 1825">
    <p class='ocr_par' dir='ltr' id='par_1_66' title="bbox 1351 1755 1751 1825">
     <span class='ocr_line' id='line_1_66' title="bbox 1351 1755 1751 1825; baseline -0.003 -17"><span class='ocrx_word' id='word_1_144' title='bbox 1351 1757 1409 1825; x_wconf 70' lang='grc' dir='ltr'>δ.</span> <span class='ocrx_word' id='word_1_145' title='bbox 1444 1755 1751 1824; x_wconf 86' lang='lat' dir='ltr'><strong>Theospita,</strong></span> 
     </span>
    </p>
   </div>
   <div class='ocr_carea' id='block_1_67' title="bbox 559 3925 1378 3995">
    <p class='ocr_par' dir='ltr' id='par_1_67' title="bbox 559 3925 1378 3995">
     <span class='ocr_line' id='line_1_67' title="bbox 559 3925 1378 3995; baseline 0.004 -17"><span class='ocrx_word' id='word_1_146' title='bbox 559 3925 633 3980; x_wconf 88' lang='lat' dir='ltr'><strong>Te</strong></span> <span class='ocrx_word' id='word_1_147' title='bbox 655 3940 961 3995; x_wconf 85' lang='lat' dir='ltr'><strong>precamur,</strong></span> <span class='ocrx_word' id='word_1_148' title='bbox 986 3926 1144 3980; x_wconf 87' lang='lat' dir='ltr'><strong>Pater</strong></span> <span class='ocrx_word' id='word_1_149' title='bbox 1171 3937 1378 3992; x_wconf 82' lang='lat' dir='ltr'><strong>sancte,</strong></span> 
     </span>
    </p>
   </div>
   <div class='ocr_carea' id='block_1_68' title="bbox 557 4015 1247 4084">
    <p class='ocr_par' dir='ltr' id='par_1_68' title="bbox 557 4015 1247 4084">
     <span class='ocr_line' id='line_1_68' title="bbox 557 4015 1247 4084; baseline -0.001 -13"><span class='ocrx_word' id='word_1_150' title='bbox 557 4015 830 4081; x_wconf 77' lang='lat' dir='ltr'><strong>Miserere,</strong></span> <span class='ocrx_word' id='word_1_151' title='bbox 855 4017 1014 4071; x_wconf 85' lang='lat' dir='ltr'><strong>Pater</strong></span> <span class='ocrx_word' id='word_1_152' title='bbox 1041 4027 1247 4084; x_wconf 82' lang='lat' dir='ltr'><strong>sancte,</strong></span> 
     </span>
    </p>
   </div>
   <div class='ocr_carea' id='block_1_69' title="bbox 559 4106 1088 4174">
    <p class='ocr_par' dir='ltr' id='par_1_69' title="bbox 559 4106 1088 4174">
     <span class='ocr_line' id='line_1_69' title="bbox 559 4106 1088 4174; baseline 0.002 -11"><span class='ocrx_word' id='word_1_153' title='bbox 559 4106 664 4174; x_wconf 76' lang='lat' dir='ltr'><strong>Pro</strong></span> <span class='ocrx_word' id='word_1_154' title='bbox 689 4109 1056 4164; x_wconf 86' lang='lat' dir='ltr'><strong>sacerdotibus</strong></span> <span class='ocrx_word' id='word_1_155' title='bbox 1073 4151 1088 4174; x_wconf 87' lang='lat'><strong>,</strong></span> 
     </span>
    </p>
   </div>
   <div class='ocr_carea' id='block_1_70' title="bbox 561 4289 1003 4361">
    <p class='ocr_par' dir='ltr' id='par_1_70' title="bbox 561 4289 1003 4361">
     <span class='ocr_line' id='line_1_70' title="bbox 561 4289 1003 4361; baseline 0 -15"><span class='ocrx_word' id='word_1_156' title='bbox 561 4289 767 4361; x_wconf 80' lang='lat' dir='ltr'><strong>lndigni</strong></span> <span class='ocrx_word' id='word_1_157' title='bbox 798 4306 1003 4360; x_wconf 83' lang='lat' dir='ltr'><strong>sumus,</strong></span> 
     </span>
    </p>
   </div>
   <div class='ocr_carea' id='block_1_71' title="bbox 553 4469 876 4544">
    <p class='ocr_par' dir='ltr' id='par_1_71' title="bbox 553 4469 876 4544">
     <span class='ocr_line' id='line_1_71' title="bbox 553 4469 876 4544; baseline 0.006 -22"><span class='ocrx_word' id='word_1_158' title='bbox 553 4469 732 4544; x_wconf 67' lang='lat' dir='ltr'><strong>.Eilius</strong></span> <span class='ocrx_word' id='word_1_159' title='bbox 761 4470 876 4539; x_wconf 89' lang='lat' dir='ltr'><strong>Dei,</strong></span> 
     </span>
    </p>
   </div>
   <div class='ocr_carea' id='block_1_72' title="bbox 634 4663 751 4703">
    <p class='ocr_par' dir='ltr' id='par_1_72' title="bbox 634 4663 751 4703">
     <span class='ocr_line' id='line_1_72' title="bbox 634 4663 751 4703; baseline 0.009 -2"><span class='ocrx_word' id='word_1_160' title='bbox 634 4663 751 4703; x_wconf 77' lang='grc'>1108.</span> 
     </span>
    </p>
   </div>
   <div class='ocr_carea' id='block_1_73' title="bbox 564 4738 1093 4810">
    <p class='ocr_par' dir='ltr' id='par_1_73' title="bbox 564 4738 1093 4810">
     <span class='ocr_line' id='line_1_73' title="bbox 564 4738 1093 4810; baseline 0.008 -16"><span class='ocrx_word' id='word_1_161' title='bbox 564 4738 728 4810; x_wconf 78' lang='lat' dir='ltr'><strong>Kyric</strong></span> <span class='ocrx_word' id='word_1_162' title='bbox 746 4740 968 4810; x_wconf 86' lang='lat' dir='ltr'><strong>eleison,</strong></span> <span class='ocrx_word' id='word_1_163' title='bbox 997 4754 1093 4798; x_wconf 79' lang='lat' dir='ltr'><strong>ter.</strong></span> 
     </span>
    </p>
   </div>
   <div class='ocr_carea' id='block_1_74' title="bbox 565 4828 2136 4916">
    <p class='ocr_par' dir='ltr' id='par_1_74' title="bbox 565 4828 2136 4916">
     <span class='ocr_line' id='line_1_74' title="bbox 565 4828 2136 4916; baseline 0.006 -33"><span class='ocrx_word' id='word_1_164' title='bbox 565 4828 812 4886; x_wconf 87' lang='lat' dir='ltr'><strong>Christus</strong></span> <span class='ocrx_word' id='word_1_165' title='bbox 869 4832 1051 4906; x_wconf 78' lang='lat' dir='ltr'><strong>vincit,</strong></span> <span class='ocrx_word' id='word_1_166' title='bbox 1095 4833 1341 4892; x_wconf 84' lang='lat' dir='ltr'><strong>Christus</strong></span> <span class='ocrx_word' id='word_1_167' title='bbox 1384 4845 1606 4916; x_wconf 71' lang='lat' dir='ltr'><strong>regnat,</strong></span> <span class='ocrx_word' id='word_1_168' title='bbox 1667 4836 1914 4891; x_wconf 85' lang='lat' dir='ltr'><strong>Christus</strong></span> <span class='ocrx_word' id='word_1_169' title='bbox 1965 4837 2136 4907; x_wconf 60' lang='lat' dir='ltr'><strong>impea,</strong></span> 
     </span>
    </p>
   </div>
   <div class='ocr_carea' id='block_1_75' title="bbox 640 4930 864 4998">
    <p class='ocr_par' dir='ltr' id='par_1_75' title="bbox 640 4930 864 4998">
     <span class='ocr_line' id='line_1_75' title="bbox 640 4930 864 4998; baseline -0.004 -22"><span class='ocrx_word' id='word_1_170' title='bbox 640 4930 745 4998; x_wconf 82' lang='lat' dir='ltr'><strong>rat,</strong></span> <span class='ocrx_word' id='word_1_171' title='bbox 769 4931 864 4997; x_wconf 73' lang='lat' dir='ltr'><strong>ter.</strong></span> 
     </span>
    </p>
   </div>
   <div class='ocr_carea' id='block_1_76' title="bbox 1671 2011 2104 2072">
    <p class='ocr_par' dir='ltr' id='par_1_76' title="bbox 1671 2011 2104 2072">
     <span class='ocr_line' id='line_1_76' title="bbox 1671 2011 2104 2072; baseline -0.023 -11"><span class='ocrx_word' id='word_1_172' title='bbox 1671 2012 1824 2063; x_wconf 87' lang='lat' dir='ltr'><strong>orate</strong></span> <span class='ocrx_word' id='word_1_173' title='bbox 1862 2015 1959 2072; x_wconf 92' lang='lat' dir='ltr'><strong>pro</strong></span> <span class='ocrx_word' id='word_1_174' title='bbox 1999 2011 2104 2053; x_wconf 90' lang='lat' dir='ltr'><strong>me.</strong></span> 
     </span>
    </p>
   </div>
   <div class='ocr_carea' id='block_1_77' title="bbox 1675 2104 2104 2165">
    <p class='ocr_par' dir='ltr' id='par_1_77' title="bbox 1675 2104 2104 2165">
     <span class='ocr_line' id='line_1_77' title="bbox 1675 2104 2104 2165; baseline -0.019 -14"><span class='ocrx_word' id='word_1_175' title='bbox 1675 2104 1827 2165; x_wconf 79' lang='lat' dir='ltr'><strong>orate</strong></span> <span class='ocrx_word' id='word_1_176' title='bbox 1865 2109 1962 2164; x_wconf 85' lang='lat' dir='ltr'><strong>pro</strong></span> <span class='ocrx_word' id='word_1_177' title='bbox 2001 2106 2104 2146; x_wconf 91' lang='lat' dir='ltr'><strong>me.</strong></span> 
     </span>
    </p>
   </div>
   <div class='ocr_carea' id='block_1_78' title="bbox 1674 2196 2106 2254">
    <p class='ocr_par' dir='ltr' id='par_1_78' title="bbox 1674 2196 2106 2254">
     <span class='ocr_line' id='line_1_78' title="bbox 1674 2196 2106 2254; baseline -0.019 -12"><span class='ocrx_word' id='word_1_178' title='bbox 1674 2196 1827 2252; x_wconf 83' lang='lat' dir='ltr'><strong>orate</strong></span> <span class='ocrx_word' id='word_1_179' title='bbox 1864 2199 1962 2254; x_wconf 93' lang='lat' dir='ltr'><strong>pro</strong></span> <span class='ocrx_word' id='word_1_180' title='bbox 1999 2197 2106 2236; x_wconf 93' lang='lat' dir='ltr'><strong>me.</strong></span> 
     </span>
    </p>
   </div>
   <div class='ocr_carea' id='block_1_79' title="bbox 1677 2288 2106 2346">
    <p class='ocr_par' dir='ltr' id='par_1_79' title="bbox 1677 2288 2106 2346">
     <span class='ocr_line' id='line_1_79' title="bbox 1677 2288 2106 2346; baseline -0.014 -14"><span class='ocrx_word' id='word_1_181' title='bbox 1677 2288 1829 2332; x_wconf 88' lang='lat' dir='ltr'><strong>orate</strong></span> <span class='ocrx_word' id='word_1_182' title='bbox 1867 2291 1964 2346; x_wconf 88' lang='lat' dir='ltr'><strong>pro</strong></span> <span class='ocrx_word' id='word_1_183' title='bbox 2003 2288 2106 2328; x_wconf 92' lang='lat' dir='ltr'><strong>me.</strong></span> 
     </span>
    </p>
   </div>
   <div class='ocr_carea' id='block_1_80' title="bbox 1673 2381 2111 2451">
    <p class='ocr_par' dir='ltr' id='par_1_80' title="bbox 1673 2381 2111 2451">
     <span class='ocr_line' id='line_1_80' title="bbox 1673 2381 2111 2451; baseline -0.014 -24"><span class='ocrx_word' id='word_1_184' title='bbox 1673 2381 1828 2430; x_wconf 83' lang='lat' dir='ltr'><strong>orate</strong></span> <span class='ocrx_word' id='word_1_185' title='bbox 1867 2384 1964 2451; x_wconf 86' lang='lat' dir='ltr'><strong>pro</strong></span> <span class='ocrx_word' id='word_1_186' title='bbox 2002 2381 2111 2432; x_wconf 88' lang='lat' dir='ltr'><strong>me.</strong></span> 
     </span>
    </p>
   </div>
   <div class='ocr_carea' id='block_1_81' title="bbox 1681 2471 2109 2532">
    <p class='ocr_par' dir='ltr' id='par_1_81' title="bbox 1681 2471 2109 2532">
     <span class='ocr_line' id='line_1_81' title="bbox 1681 2471 2109 2532; baseline -0.012 -17"><span class='ocrx_word' id='word_1_187' title='bbox 1681 2471 1831 2532; x_wconf 80' lang='lat' dir='ltr'><strong>orate</strong></span> <span class='ocrx_word' id='word_1_188' title='bbox 1869 2474 1966 2532; x_wconf 89' lang='lat' dir='ltr'><strong>pro</strong></span> <span class='ocrx_word' id='word_1_189' title='bbox 2005 2472 2109 2519; x_wconf 87' lang='lat' dir='ltr'><strong>me.</strong></span> 
     </span>
    </p>
   </div>
   <div class='ocr_carea' id='block_1_82' title="bbox 1682 2569 2110 2628">
    <p class='ocr_par' dir='ltr' id='par_1_82' title="bbox 1682 2569 2110 2628">
     <span class='ocr_line' id='line_1_82' title="bbox 1682 2569 2110 2628; baseline -0.014 -13"><span class='ocrx_word' id='word_1_190' title='bbox 1682 2569 1834 2615; x_wconf 81' lang='lat' dir='ltr'><strong>orate</strong></span> <span class='ocrx_word' id='word_1_191' title='bbox 1871 2574 1968 2628; x_wconf 88' lang='lat' dir='ltr'><strong>pro</strong></span> <span class='ocrx_word' id='word_1_192' title='bbox 2007 2571 2110 2610; x_wconf 88' lang='lat' dir='ltr'><strong>me.</strong></span> 
     </span>
    </p>
   </div>
   <div class='ocr_carea' id='block_1_83' title="bbox 1685 2660 2111 2728">
    <p class='ocr_par' dir='ltr' id='par_1_83' title="bbox 1685 2660 2111 2728">
     <span class='ocr_line' id='line_1_83' title="bbox 1685 2660 2111 2728; baseline -0.009 -22"><span class='ocrx_word' id='word_1_193' title='bbox 1685 2660 1836 2728; x_wconf 85' lang='lat' dir='ltr'><strong>orate</strong></span> <span class='ocrx_word' id='word_1_194' title='bbox 1872 2665 1969 2720; x_wconf 90' lang='lat' dir='ltr'><strong>pro</strong></span> <span class='ocrx_word' id='word_1_195' title='bbox 2006 2664 2111 2703; x_wconf 90' lang='lat' dir='ltr'><strong>me.</strong></span> 
     </span>
    </p>
   </div>
   <div class='ocr_carea' id='block_1_84' title="bbox 1685 2751 2113 2811">
    <p class='ocr_par' dir='ltr' id='par_1_84' title="bbox 1685 2751 2113 2811">
     <span class='ocr_line' id='line_1_84' title="bbox 1685 2751 2113 2811; baseline -0.007 -14"><span class='ocrx_word' id='word_1_196' title='bbox 1685 2757 1777 2797; x_wconf 91' lang='lat' dir='ltr'><strong>ora</strong></span> <span class='ocrx_word' id='word_1_197' title='bbox 1787 2751 1836 2796; x_wconf 88' lang='lat' dir='ltr'><strong>te</strong></span> <span class='ocrx_word' id='word_1_198' title='bbox 1871 2756 1968 2811; x_wconf 88' lang='lat' dir='ltr'><strong>pro</strong></span> <span class='ocrx_word' id='word_1_199' title='bbox 2006 2754 2113 2795; x_wconf 89' lang='lat' dir='ltr'><strong>me.</strong></span> 
     </span>
    </p>
   </div>
   <div class='ocr_carea' id='block_1_85' title="bbox 1682 2841 2114 2902">
    <p class='ocr_par' dir='ltr' id='par_1_85' title="bbox 1682 2841 2114 2902">
     <span class='ocr_line' id='line_1_85' title="bbox 1682 2841 2114 2902; baseline 0.005 -18"><span class='ocrx_word' id='word_1_200' title='bbox 1682 2841 1834 2886; x_wconf 84' lang='lat' dir='ltr'><strong>orate</strong></span> <span class='ocrx_word' id='word_1_201' title='bbox 1870 2847 1969 2902; x_wconf 89' lang='lat' dir='ltr'><strong>pro</strong></span> <span class='ocrx_word' id='word_1_202' title='bbox 2006 2847 2114 2900; x_wconf 76' lang='lat' dir='ltr'><strong>me.</strong></span> 
     </span>
    </p>
   </div>
   <div class='ocr_carea' id='block_1_86' title="bbox 1693 2933 2116 3002">
    <p class='ocr_par' dir='ltr' id='par_1_86' title="bbox 1693 2933 2116 3002">
     <span class='ocr_line' id='line_1_86' title="bbox 1693 2933 2116 3002; baseline 0.002 -26"><span class='ocrx_word' id='word_1_203' title='bbox 1693 2933 1844 2989; x_wconf 86' lang='lat' dir='ltr'><strong>orate</strong></span> <span class='ocrx_word' id='word_1_204' title='bbox 1874 2939 1971 3002; x_wconf 81' lang='lat' dir='ltr'><strong>pro</strong></span> <span class='ocrx_word' id='word_1_205' title='bbox 2009 2938 2116 2998; x_wconf 76' lang='lat' dir='ltr'><strong>me.</strong></span> 
     </span>
    </p>
   </div>
   <div class='ocr_carea' id='block_1_87' title="bbox 1687 3025 2116 3084">
    <p class='ocr_par' dir='ltr' id='par_1_87' title="bbox 1687 3025 2116 3084">
     <span class='ocr_line' id='line_1_87' title="bbox 1687 3025 2116 3084; baseline 0 -14"><span class='ocrx_word' id='word_1_206' title='bbox 1687 3025 1840 3070; x_wconf 82' lang='lat' dir='ltr'><strong>orate</strong></span> <span class='ocrx_word' id='word_1_207' title='bbox 1877 3030 1972 3084; x_wconf 87' lang='lat' dir='ltr'><strong>pro</strong></span> <span class='ocrx_word' id='word_1_208' title='bbox 2011 3030 2116 3070; x_wconf 91' lang='lat' dir='ltr'><strong>me.</strong></span> 
     </span>
    </p>
   </div>
   <div class='ocr_carea' id='block_1_88' title="bbox 3658 244 3749 338">
    <p class='ocr_par' dir='ltr' id='par_1_88' title="bbox 3658 244 3749 338">
     <span class='ocr_line' id='line_1_88' title="bbox 3658 244 3749 338; baseline 0 0"><span class='ocrx_word' id='word_1_209' title='bbox 3658 244 3749 338; x_wconf 67' lang='lat' dir='ltr'><strong>ass</strong></span> 
     </span>
    </p>
   </div>
   <div class='ocr_carea' id='block_1_89' title="bbox 3477 485 3750 554">
    <p class='ocr_par' dir='ltr' id='par_1_89' title="bbox 3477 485 3750 554">
     <span class='ocr_line' id='line_1_89' title="bbox 3477 485 3750 554; baseline -0.011 -15"><span class='ocrx_word' id='word_1_210' title='bbox 3477 485 3589 539; x_wconf 87' lang='lat' dir='ltr'><strong>tulo</strong></span> <span class='ocrx_word' id='word_1_211' title='bbox 3618 485 3750 554; x_wconf 80' lang='lat' dir='ltr'><strong>jura.</strong></span> 
     </span>
    </p>
   </div>
   <div class='ocr_carea' id='block_1_90' title="bbox 3471 573 3750 642">
    <p class='ocr_par' dir='ltr' id='par_1_90' title="bbox 3471 573 3750 642">
     <span class='ocr_line' id='line_1_90' title="bbox 3471 573 3750 642; baseline -0.018 -12"><span class='ocrx_word' id='word_1_212' title='bbox 3471 575 3586 640; x_wconf 86' lang='lat' dir='ltr'><strong>tulo</strong></span> <span class='ocrx_word' id='word_1_213' title='bbox 3615 573 3750 642; x_wconf 81' lang='lat' dir='ltr'><strong>jura.</strong></span> 
     </span>
    </p>
   </div>
   <div class='ocr_carea' id='block_1_91' title="bbox 2205 497 2767 576">
    <p class='ocr_par' dir='ltr' id='par_1_91' title="bbox 2205 497 2767 576">
     <span class='ocr_line' id='line_1_91' title="bbox 2205 497 2767 576; baseline -0.012 -18"><span class='ocrx_word' id='word_1_214' title='bbox 2205 504 2531 576; x_wconf 78' lang='lat' dir='ltr'><strong>Redemptor</strong></span> <span class='ocrx_word' id='word_1_215' title='bbox 2559 497 2767 572; x_wconf 79' lang='lat' dir='ltr'><strong>mundi,</strong></span> 
     </span>
    </p>
   </div>
   <div class='ocr_carea' id='block_1_92' title="bbox 2203 590 2604 652">
    <p class='ocr_par' dir='ltr' id='par_1_92' title="bbox 2203 590 2604 652">
     <span class='ocr_line' id='line_1_92' title="bbox 2203 590 2604 652; baseline -0.015 -4"><span class='ocrx_word' id='word_1_216' title='bbox 2203 591 2401 649; x_wconf 77' lang='lat' dir='ltr'><strong>Sancte</strong></span> <span class='ocrx_word' id='word_1_217' title='bbox 2426 590 2604 652; x_wconf 88' lang='lat' dir='ltr'><strong>Petre,</strong></span> 
     </span>
    </p>
   </div>
   <div class='ocr_carea' id='block_1_93' title="bbox 2202 671 3237 746">
    <p class='ocr_par' dir='ltr' id='par_1_93' title="bbox 2202 671 3237 746">
     <span class='ocr_line' id='line_1_93' title="bbox 2202 671 3237 746; baseline -0.01 -9"><span class='ocrx_word' id='word_1_218' title='bbox 2202 683 2299 738; x_wconf 78' lang='lat' dir='ltr'><strong>Vel</strong></span> <span class='ocrx_word' id='word_1_219' title='bbox 2325 682 2463 736; x_wconf 86' lang='lat' dir='ltr'><strong>alius</strong></span> <span class='ocrx_word' id='word_1_220' title='bbox 2489 680 2739 745; x_wconf 88' lang='lat' dir='ltr'><strong>Sanctos,</strong></span> <span class='ocrx_word' id='word_1_221' title='bbox 2773 676 2962 746; x_wconf 89' lang='lat' dir='ltr'><strong>quales</strong></span> <span class='ocrx_word' id='word_1_222' title='bbox 2984 671 3237 730; x_wconf 86' lang='lat' dir='ltr'><strong>volueris.</strong></span> 
     </span>
    </p>
   </div>
   <div class='ocr_carea' id='block_1_94' title="bbox 2204 771 2666 828">
    <p class='ocr_par' dir='ltr' id='par_1_94' title="bbox 2204 771 2666 828">
     <span class='ocr_line' id='line_1_94' title="bbox 2204 771 2666 828; baseline -0.009 0"><span class='ocrx_word' id='word_1_223' title='bbox 2204 773 2409 828; x_wconf 79' lang='lat' dir='ltr'><strong>Exaudi</strong></span> <span class='ocrx_word' id='word_1_224' title='bbox 2434 771 2666 827; x_wconf 86' lang='lat' dir='ltr'><strong>Christe.</strong></span> 
     </span>
    </p>
   </div>
   <div class='ocr_carea' id='block_1_95' title="bbox 2205 855 3765 922">
    <p class='ocr_par' dir='ltr' id='par_1_95' title="bbox 2205 855 3765 922">
     <span class='ocr_line' id='line_1_95' title="bbox 2205 855 3765 922; baseline -0.013 -2"><span class='ocrx_word' id='word_1_225' title='bbox 2205 865 2425 922; x_wconf 64' lang='grc' dir='ltr'><strong>Κλιιοιο</strong></span> <span class='ocrx_word' id='word_1_226' title='bbox 2461 861 2914 920; x_wconf 75' lang='lat' dir='ltr'><strong>excellentissrmo</strong></span> <span class='ocrx_word' id='word_1_227' title='bbox 2956 865 3011 912; x_wconf 92' lang='lat' dir='ltr'><strong>et</strong></span> <span class='ocrx_word' id='word_1_228' title='bbox 3039 871 3068 909; x_wconf 89' lang='lat' dir='ltr'><strong>a</strong></span> <span class='ocrx_word' id='word_1_229' title='bbox 3097 855 3208 908; x_wconf 92' lang='lat' dir='ltr'><strong>Deo</strong></span> <span class='ocrx_word' id='word_1_230' title='bbox 3251 856 3532 914; x_wconf 84' lang='lat' dir='ltr'><strong>coronato,</strong></span> <span class='ocrx_word' id='word_1_231' title='bbox 3579 861 3765 917; x_wconf 71' lang='lat' dir='ltr'><strong>magno</strong></span> 
     </span>
    </p>
   </div>
   <div class='ocr_carea' id='block_1_96' title="bbox 2274 937 3759 1024">
    <p class='ocr_par' dir='ltr' id='par_1_96' title="bbox 2274 937 3759 1024">
     <span class='ocr_line' id='line_1_96' title="bbox 2274 937 3759 1024; baseline -0.015 -13"><span class='ocrx_word' id='word_1_232' title='bbox 2274 965 2328 1024; x_wconf 84' lang='lat' dir='ltr'><strong>et</strong></span> <span class='ocrx_word' id='word_1_233' title='bbox 2366 953 2592 1024; x_wconf 86' lang='lat' dir='ltr'><strong>paeilico</strong></span> <span class='ocrx_word' id='word_1_234' title='bbox 2637 965 2763 1021; x_wconf 81' lang='lat' dir='ltr'><strong>rege</strong></span> <span class='ocrx_word' id='word_1_235' title='bbox 2810 949 3140 1003; x_wconf 88' lang='lat' dir='ltr'><strong>Francorum</strong></span> <span class='ocrx_word' id='word_1_236' title='bbox 3184 950 3238 997; x_wconf 89' lang='lat' dir='ltr'><strong>et</strong></span> <span class='ocrx_word' id='word_1_237' title='bbox 3271 937 3759 1011; x_wconf 73' lang='lat' dir='ltr'><strong>Langobardorum,</strong></span> 
     </span>
    </p>
   </div>
   <div class='ocr_carea' id='block_1_97' title="bbox 2276 1029 3479 1111">
    <p class='ocr_par' dir='ltr' id='par_1_97' title="bbox 2276 1029 3479 1111">
     <span class='ocr_line' id='line_1_97' title="bbox 2276 1029 3479 1111; baseline -0.013 -14"><span class='ocrx_word' id='word_1_238' title='bbox 2276 1057 2340 1097; x_wconf 88' lang='lat' dir='ltr'><strong>ac</strong></span> <span class='ocrx_word' id='word_1_239' title='bbox 2364 1040 2592 1111; x_wconf 90' lang='lat' dir='ltr'><strong>patricio</strong></span> <span class='ocrx_word' id='word_1_240' title='bbox 2619 1038 2985 1093; x_wconf 78' lang='lat' dir='ltr'><strong>Romanorum</strong></span> <span class='ocrx_word' id='word_1_241' title='bbox 3011 1034 3121 1086; x_wconf 89' lang='lat' dir='ltr'><strong>vita</strong></span> <span class='ocrx_word' id='word_1_242' title='bbox 3147 1040 3204 1086; x_wconf 89' lang='lat' dir='ltr'><strong>et</strong></span> <span class='ocrx_word' id='word_1_243' title='bbox 3230 1029 3479 1085; x_wconf 88' lang='lat' dir='ltr'><strong>victoria.</strong></span> 
     </span>
    </p>
   </div>
   <div class='ocr_carea' id='block_1_98' title="bbox 2211 1113 3760 1202">
    <p class='ocr_par' dir='ltr' id='par_1_98' title="bbox 2211 1113 3760 1202">
     <span class='ocr_line' id='line_1_98' title="bbox 2211 1113 3760 1202; baseline -0.014 -14"><span class='ocrx_word' id='word_1_244' title='bbox 2211 1133 2459 1202; x_wconf 73' lang='lat' dir='ltr'><strong>Salvator</strong></span> <span class='ocrx_word' id='word_1_245' title='bbox 2487 1128 2693 1193; x_wconf 83' lang='lat' dir='ltr'><strong>mundi,</strong></span> <span class='ocrx_word' id='word_1_246' title='bbox 3370 1177 3374 1181; x_wconf 55' lang='grc'><strong><em>,</em></strong></span> <span class='ocrx_word' id='word_1_247' title='bbox 3473 1117 3588 1172; x_wconf 89' lang='lat' dir='ltr'><strong>tulo</strong></span> <span class='ocrx_word' id='word_1_248' title='bbox 3619 1113 3760 1189; x_wconf 74' lang='lat' dir='ltr'><strong>jura.</strong></span> 
     </span>
    </p>
   </div>
   <div class='ocr_carea' id='block_1_99' title="bbox 2210 1207 3761 1284">
    <p class='ocr_par' dir='ltr' id='par_1_99' title="bbox 2210 1207 3761 1284">
     <span class='ocr_line' id='line_1_99' title="bbox 2210 1207 3761 1284; baseline -0.009 -6"><span class='ocrx_word' id='word_1_249' title='bbox 2210 1223 2406 1278; x_wconf 88' lang='lat' dir='ltr'><strong>Sancte</strong></span> <span class='ocrx_word' id='word_1_250' title='bbox 2431 1219 2715 1284; x_wconf 82' lang='lat' dir='ltr'><strong>Johannis,</strong></span> <span class='ocrx_word' id='word_1_251' title='bbox 3474 1208 3588 1264; x_wconf 89' lang='lat' dir='ltr'><strong>tulo</strong></span> <span class='ocrx_word' id='word_1_252' title='bbox 3620 1207 3761 1275; x_wconf 76' lang='lat' dir='ltr'><strong>jura.</strong></span> 
     </span>
    </p>
   </div>
   <div class='ocr_carea' id='block_1_100' title="bbox 2209 1300 3247 1376">
    <p class='ocr_par' dir='ltr' id='par_1_100' title="bbox 2209 1300 3247 1376">
     <span class='ocr_line' id='line_1_100' title="bbox 2209 1300 3247 1376; baseline -0.01 -12"><span class='ocrx_word' id='word_1_253' title='bbox 2209 1310 2307 1366; x_wconf 76' lang='lat' dir='ltr'><strong>Vel</strong></span> <span class='ocrx_word' id='word_1_254' title='bbox 2332 1309 2470 1363; x_wconf 86' lang='lat' dir='ltr'><strong>alius</strong></span> <span class='ocrx_word' id='word_1_255' title='bbox 2499 1307 2752 1372; x_wconf 88' lang='lat' dir='ltr'><strong>Sanctus,</strong></span> <span class='ocrx_word' id='word_1_256' title='bbox 2789 1302 2964 1376; x_wconf 80' lang='lat' dir='ltr'><strong>qualis</strong></span> <span class='ocrx_word' id='word_1_257' title='bbox 2992 1300 3247 1358; x_wconf 89' lang='lat' dir='ltr'><strong>volueris.</strong></span> 
     </span>
    </p>
   </div>
   <div class='ocr_carea' id='block_1_101' title="bbox 2208 1398 2671 1472">
    <p class='ocr_par' dir='ltr' id='par_1_101' title="bbox 2208 1398 2671 1472">
     <span class='ocr_line' id='line_1_101' title="bbox 2208 1398 2671 1472; baseline -0.006 -18"><span class='ocrx_word' id='word_1_258' title='bbox 2208 1401 2414 1472; x_wconf 73' lang='lat' dir='ltr'><strong>Exaudi</strong></span> <span class='ocrx_word' id='word_1_259' title='bbox 2437 1398 2671 1454; x_wconf 91' lang='lat' dir='ltr'><strong>Christe.</strong></span> 
     </span>
    </p>
   </div>
   <div class='ocr_carea' id='block_1_102' title="bbox 2209 1477 3764 1554">
    <p class='ocr_par' dir='ltr' id='par_1_102' title="bbox 2209 1477 3764 1554">
     <span class='ocr_line' id='line_1_102' title="bbox 2209 1477 3764 1554; baseline -0.012 -7"><span class='ocrx_word' id='word_1_260' title='bbox 2209 1492 2394 1547; x_wconf 65' lang='lat' dir='ltr'><strong>Pramo</strong></span> <span class='ocrx_word' id='word_1_261' title='bbox 2422 1500 2478 1545; x_wconf 87' lang='lat' dir='ltr'><strong>et</strong></span> <span class='ocrx_word' id='word_1_262' title='bbox 2498 1489 2718 1544; x_wconf 64' lang='grc' dir='ltr'><strong>Κλιιοιο</strong></span> <span class='ocrx_word' id='word_1_263' title='bbox 2745 1484 3098 1545; x_wconf 86' lang='lat' dir='ltr'><strong>nobilissimis</strong></span> <span class='ocrx_word' id='word_1_264' title='bbox 3139 1480 3267 1546; x_wconf 77' lang='lat' dir='ltr'><strong>ﬁliis</strong></span> <span class='ocrx_word' id='word_1_265' title='bbox 3294 1481 3411 1554; x_wconf 83' lang='lat' dir='ltr'><strong>ejus</strong></span> <span class='ocrx_word' id='word_1_266' title='bbox 3432 1478 3562 1534; x_wconf 89' lang='lat' dir='ltr'><strong>vita.</strong></span> <span class='ocrx_word' id='word_1_267' title='bbox 3593 1477 3764 1531; x_wconf 86' lang='lat' dir='ltr'><strong>Sancti</strong></span> 
     </span>
    </p>
   </div>
   <div class='ocr_carea' id='block_1_103' title="bbox 2283 1564 3762 1650">
    <p class='ocr_par' dir='ltr' id='par_1_103' title="bbox 2283 1564 3762 1650">
     <span class='ocr_line' id='line_1_103' title="bbox 2283 1564 3762 1650; baseline -0.011 -17"><span class='ocrx_word' id='word_1_268' title='bbox 2283 1580 2441 1650; x_wconf 67' lang='lat' dir='ltr'><strong>illius,</strong></span> <span class='ocrx_word' id='word_1_269' title='bbox 2473 1577 2660 1648; x_wconf 81' lang='lat' dir='ltr'><strong>quales</strong></span> <span class='ocrx_word' id='word_1_270' title='bbox 2680 1573 2935 1639; x_wconf 87' lang='lat' dir='ltr'><strong>volueris,</strong></span> <span class='ocrx_word' id='word_1_271' title='bbox 3501 1564 3762 1633; x_wconf 79' lang='lat' dir='ltr'><strong>tulojuva.</strong></span> 
     </span>
    </p>
   </div>
   <div class='ocr_carea' id='block_1_104' title="bbox 2210 1665 2685 1730">
    <p class='ocr_par' dir='ltr' id='par_1_104' title="bbox 2210 1665 2685 1730">
     <span class='ocr_line' id='line_1_104' title="bbox 2210 1665 2685 1730; baseline -0.013 -5"><span class='ocrx_word' id='word_1_272' title='bbox 2210 1668 2418 1730; x_wconf 78' lang='lat' dir='ltr'><strong>Exaudi</strong></span> <span class='ocrx_word' id='word_1_273' title='bbox 2445 1665 2685 1721; x_wconf 88' lang='lat' dir='ltr'><strong>Christe.</strong></span> 
     </span>
    </p>
   </div>
   <div class='ocr_carea' id='block_1_105' title="bbox 2135 1748 3209 1826">
    <p class='ocr_par' dir='ltr' id='par_1_105' title="bbox 2135 1748 3209 1826">
     <span class='ocr_line' id='line_1_105' title="bbox 2135 1748 3209 1826; baseline -0.015 -8"><span class='ocrx_word' id='word_1_274' title='bbox 2135 1748 2185 1811; x_wconf 81' lang='grc' dir='ltr'><strong>Β</strong></span> <span class='ocrx_word' id='word_1_275' title='bbox 2211 1761 2397 1822; x_wconf 67' lang='lat' dir='ltr'><strong>Pramo</strong></span> <span class='ocrx_word' id='word_1_276' title='bbox 2423 1772 2548 1826; x_wconf 80' lang='lat' dir='ltr'><strong>rege</strong></span> <span class='ocrx_word' id='word_1_277' title='bbox 2570 1751 3048 1826; x_wconf 79' lang='lat' dir='ltr'><strong>Langobardorum</strong></span> <span class='ocrx_word' id='word_1_278' title='bbox 3076 1749 3209 1804; x_wconf 87' lang='lat' dir='ltr'><strong>vita.</strong></span> 
     </span>
    </p>
   </div>
   <div class='ocr_carea' id='block_1_106' title="bbox 2212 1837 3764 1916">
    <p class='ocr_par' dir='ltr' id='par_1_106' title="bbox 2212 1837 3764 1916">
     <span class='ocr_line' id='line_1_106' title="bbox 2212 1837 3764 1916; baseline -0.012 -8"><span class='ocrx_word' id='word_1_279' title='bbox 2212 1851 2398 1908; x_wconf 88' lang='lat' dir='ltr'><strong>Sancti</strong></span> <span class='ocrx_word' id='word_1_280' title='bbox 2429 1837 2709 1916; x_wconf 67' lang='lat' dir='ltr'><strong>Mauricii,</strong></span> <span class='ocrx_word' id='word_1_281' title='bbox 3492 1846 3601 1891; x_wconf 76' lang='lat' dir='ltr'><strong>tum</strong></span> <span class='ocrx_word' id='word_1_282' title='bbox 3630 1851 3764 1906; x_wconf 74' lang='lat' dir='ltr'><strong>jura.</strong></span> 
     </span>
    </p>
   </div>
   <div class='ocr_carea' id='block_1_107' title="bbox 2208 1934 3252 2014">
    <p class='ocr_par' dir='ltr' id='par_1_107' title="bbox 2208 1934 3252 2014">
     <span class='ocr_line' id='line_1_107' title="bbox 2208 1934 3252 2014; baseline -0.012 -17"><span class='ocrx_word' id='word_1_283' title='bbox 2208 1940 2308 2005; x_wconf 70' lang='grc' dir='ltr'><strong>γει</strong></span> <span class='ocrx_word' id='word_1_284' title='bbox 2336 1941 2472 1996; x_wconf 89' lang='lat' dir='ltr'><strong>alius</strong></span> <span class='ocrx_word' id='word_1_285' title='bbox 2505 1939 2757 2004; x_wconf 86' lang='lat' dir='ltr'><strong>Sanctus,</strong></span> <span class='ocrx_word' id='word_1_286' title='bbox 2785 1934 2970 2014; x_wconf 80' lang='lat' dir='ltr'><strong>quales</strong></span> <span class='ocrx_word' id='word_1_287' title='bbox 3004 1946 3252 1988; x_wconf 63' lang='lat' dir='ltr'><strong>voluens.</strong></span> 
     </span>
    </p>
   </div>
   <div class='ocr_carea' id='block_1_108' title="bbox 2213 2013 2826 2094">
    <p class='ocr_par' dir='ltr' id='par_1_108' title="bbox 2213 2013 2826 2094">
     <span class='ocr_line' id='line_1_108' title="bbox 2213 2013 2826 2094; baseline -0.015 -4"><span class='ocrx_word' id='word_1_288' title='bbox 2213 2032 2418 2090; x_wconf 81' lang='lat' dir='ltr'><strong>Exaudi</strong></span> <span class='ocrx_word' id='word_1_289' title='bbox 2449 2031 2526 2087; x_wconf 90' lang='lat' dir='ltr'><strong>Ch</strong></span> <span class='ocrx_word' id='word_1_290' title='bbox 2536 2031 2689 2094; x_wconf 89' lang='lat' dir='ltr'><strong>riste._</strong></span> <span class='ocrx_word' id='word_1_291' title='bbox 2822 2013 2826 2018; x_wconf 58' lang='grc'><em>’</em></span> 
     </span>
    </p>
   </div>
   <div class='ocr_carea' id='block_1_109' title="bbox 2212 2112 3273 2189">
    <p class='ocr_par' dir='ltr' id='par_1_109' title="bbox 2212 2112 3273 2189">
     <span class='ocr_line' id='line_1_109' title="bbox 2212 2112 3273 2189; baseline -0.013 -11"><span class='ocrx_word' id='word_1_292' title='bbox 2212 2123 2520 2178; x_wconf 80' lang='lat' dir='ltr'><strong>CaLonovIo</strong></span> <span class='ocrx_word' id='word_1_293' title='bbox 2554 2133 2679 2189; x_wconf 81' lang='lat' dir='ltr'><strong>rege</strong></span> <span class='ocrx_word' id='word_1_294' title='bbox 2709 2123 3120 2186; x_wconf 55' lang='lat' dir='ltr'><strong>Aquitanorum</strong></span> <span class='ocrx_word' id='word_1_295' title='bbox 3144 2112 3273 2166; x_wconf 87' lang='lat' dir='ltr'><strong>vita.</strong></span> 
     </span>
    </p>
   </div>
   <div class='ocr_carea' id='block_1_110' title="bbox 2215 2207 2695 2271">
    <p class='ocr_par' dir='ltr' id='par_1_110' title="bbox 2215 2207 2695 2271">
     <span class='ocr_line' id='line_1_110' title="bbox 2215 2207 2695 2271; baseline -0.015 -3"><span class='ocrx_word' id='word_1_296' title='bbox 2215 2212 2418 2268; x_wconf 92' lang='lat' dir='ltr'><strong>Sancte</strong></span> <span class='ocrx_word' id='word_1_297' title='bbox 2447 2207 2695 2271; x_wconf 87' lang='lat' dir='ltr'><strong>Martine,</strong></span> 
     </span>
    </p>
   </div>
   <div class='ocr_carea' id='block_1_111' title="bbox 2214 2292 3216 2366">
    <p class='ocr_par' dir='ltr' id='par_1_111' title="bbox 2214 2292 3216 2366">
     <span class='ocr_line' id='line_1_111' title="bbox 2214 2292 3216 2366; baseline -0.015 -6"><span class='ocrx_word' id='word_1_298' title='bbox 2214 2303 2307 2359; x_wconf 83' lang='lat' dir='ltr'><strong>Vel</strong></span> <span class='ocrx_word' id='word_1_299' title='bbox 2341 2302 2479 2356; x_wconf 90' lang='lat' dir='ltr'><strong>alius</strong></span> <span class='ocrx_word' id='word_1_300' title='bbox 2503 2306 2742 2362; x_wconf 90' lang='lat' dir='ltr'><strong>sanctus,</strong></span> <span class='ocrx_word' id='word_1_301' title='bbox 2767 2294 2956 2366; x_wconf 85' lang='lat' dir='ltr'><strong>quales</strong></span> <span class='ocrx_word' id='word_1_302' title='bbox 2982 2292 3216 2361; x_wconf 80' lang='lat' dir='ltr'><strong>volueris</strong></span> 
     </span>
    </p>
   </div>
   <div class='ocr_carea' id='block_1_112' title="bbox 2214 2391 2676 2451">
    <p class='ocr_par' dir='ltr' id='par_1_112' title="bbox 2214 2391 2676 2451">
     <span class='ocr_line' id='line_1_112' title="bbox 2214 2391 2676 2451; baseline -0.015 0"><span class='ocrx_word' id='word_1_303' title='bbox 2214 2394 2420 2451; x_wconf 80' lang='lat' dir='ltr'><strong>Exaudi</strong></span> <span class='ocrx_word' id='word_1_304' title='bbox 2445 2391 2676 2447; x_wconf 90' lang='lat' dir='ltr'><strong>Christe.</strong></span> 
     </span>
    </p>
   </div>
   <div class='ocr_carea' id='block_1_113' title="bbox 2213 2474 3231 2550">
    <p class='ocr_par' dir='ltr' id='par_1_113' title="bbox 2213 2474 3231 2550">
     <span class='ocr_line' id='line_1_113' title="bbox 2213 2474 3231 2550; baseline -0.014 -9"><span class='ocrx_word' id='word_1_305' title='bbox 2213 2486 2605 2541; x_wconf 52' lang='lat' dir='ltr'><strong>Fasrnmnma‘.</strong></span> <span class='ocrx_word' id='word_1_306' title='bbox 2629 2480 2828 2550; x_wconf 72' lang='lat' dir='ltr'><strong>reginae</strong></span> <span class='ocrx_word' id='word_1_307' title='bbox 2850 2477 2996 2532; x_wconf 87' lang='lat' dir='ltr'><strong>salus</strong></span> <span class='ocrx_word' id='word_1_308' title='bbox 3018 2485 3072 2530; x_wconf 92' lang='lat' dir='ltr'><strong>et</strong></span> <span class='ocrx_word' id='word_1_309' title='bbox 3103 2474 3231 2528; x_wconf 88' lang='lat' dir='ltr'><strong>vita.</strong></span> 
     </span>
    </p>
   </div>
   <div class='ocr_carea' id='block_1_114' title="bbox 2215 2563 3379 2641">
    <p class='ocr_par' dir='ltr' id='par_1_114' title="bbox 2215 2563 3379 2641">
     <span class='ocr_line' id='line_1_114' title="bbox 2215 2563 3379 2641; baseline -0.013 -12"><span class='ocrx_word' id='word_1_310' title='bbox 2215 2574 2366 2629; x_wconf 84' lang='lat' dir='ltr'><strong>Alias</strong></span> <span class='ocrx_word' id='word_1_311' title='bbox 2394 2571 2631 2641; x_wconf 77' lang='lat' dir='ltr'><strong>virgines</strong></span> <span class='ocrx_word' id='word_1_312' title='bbox 2658 2567 2880 2631; x_wconf 89' lang='lat' dir='ltr'><strong>Christi,</strong></span> <span class='ocrx_word' id='word_1_313' title='bbox 2910 2565 3098 2636; x_wconf 88' lang='lat' dir='ltr'><strong>quales</strong></span> <span class='ocrx_word' id='word_1_314' title='bbox 3125 2563 3379 2618; x_wconf 87' lang='lat' dir='ltr'><strong>volueris.</strong></span> 
     </span>
    </p>
   </div>
   <div class='ocr_carea' id='block_1_115' title="bbox 2215 2659 2680 2720">
    <p class='ocr_par' dir='ltr' id='par_1_115' title="bbox 2215 2659 2680 2720">
     <span class='ocr_line' id='line_1_115' title="bbox 2215 2659 2680 2720; baseline -0.015 0"><span class='ocrx_word' id='word_1_315' title='bbox 2215 2661 2421 2720; x_wconf 77' lang='lat' dir='ltr'><strong>Exaudi</strong></span> <span class='ocrx_word' id='word_1_316' title='bbox 2447 2659 2680 2715; x_wconf 89' lang='lat' dir='ltr'><strong>Christe.</strong></span> 
     </span>
    </p>
   </div>
   <div class='ocr_carea' id='block_1_116' title="bbox 2217 2737 3768 2817">
    <p class='ocr_par' dir='ltr' id='par_1_116' title="bbox 2217 2737 3768 2817">
     <span class='ocr_line' id='line_1_116' title="bbox 2217 2737 3768 2817; baseline -0.012 -9"><span class='ocrx_word' id='word_1_317' title='bbox 2217 2751 2478 2808; x_wconf 89' lang='lat' dir='ltr'><strong>Omnibus</strong></span> <span class='ocrx_word' id='word_1_318' title='bbox 2507 2746 2780 2817; x_wconf 88' lang='lat' dir='ltr'><strong>judicibus</strong></span> <span class='ocrx_word' id='word_1_319' title='bbox 2814 2743 2898 2800; x_wconf 91' lang='lat' dir='ltr'><strong>vel</strong></span> <span class='ocrx_word' id='word_1_320' title='bbox 2929 2749 3127 2798; x_wconf 90' lang='lat' dir='ltr'><strong>cuncto</strong></span> <span class='ocrx_word' id='word_1_321' title='bbox 3151 2737 3413 2796; x_wconf 76' lang='lat' dir='ltr'><strong>exercitui</strong></span> <span class='ocrx_word' id='word_1_322' title='bbox 3453 2737 3768 2792; x_wconf 84' lang='lat' dir='ltr'><strong>Francorum</strong></span> 
     </span>
    </p>
   </div>
   <div class='ocr_carea' id='block_1_117' title="bbox 2286 2841 2756 2905">
    <p class='ocr_par' dir='ltr' id='par_1_117' title="bbox 2286 2841 2756 2905">
     <span class='ocr_line' id='line_1_117' title="bbox 2286 2841 2756 2905; baseline -0.011 -5"><span class='ocrx_word' id='word_1_323' title='bbox 2286 2847 2396 2900; x_wconf 89' lang='lat' dir='ltr'><strong>vita</strong></span> <span class='ocrx_word' id='word_1_324' title='bbox 2425 2852 2479 2898; x_wconf 91' lang='lat' dir='ltr'><strong>et</strong></span> <span class='ocrx_word' id='word_1_325' title='bbox 2506 2841 2756 2905; x_wconf 84' lang='lat' dir='ltr'><strong>victoria.</strong></span> 
     </span>
    </p>
   </div>
   <div class='ocr_carea' id='block_1_118' title="bbox 2220 2918 3764 3001">
    <p class='ocr_par' dir='ltr' id='par_1_118' title="bbox 2220 2918 3764 3001">
     <span class='ocr_line' id='line_1_118' title="bbox 2220 2918 3764 3001; baseline -0.012 -11"><span class='ocrx_word' id='word_1_326' title='bbox 2220 2935 2420 2991; x_wconf 88' lang='lat' dir='ltr'><strong>Sancte</strong></span> <span class='ocrx_word' id='word_1_327' title='bbox 2447 2931 2710 3001; x_wconf 80' lang='lat' dir='ltr'><strong>Remegii,</strong></span> <span class='ocrx_word' id='word_1_328' title='bbox 3494 2919 3602 2974; x_wconf 93' lang='lat' dir='ltr'><strong>tulo</strong></span> <span class='ocrx_word' id='word_1_329' title='bbox 3629 2918 3764 2988; x_wconf 81' lang='lat' dir='ltr'><strong>juva.</strong></span> 
     </span>
    </p>
   </div>
   <div class='ocr_carea' id='block_1_119' title="bbox 2223 3012 3766 3089">
    <p class='ocr_par' dir='ltr' id='par_1_119' title="bbox 2223 3012 3766 3089">
     <span class='ocr_line' id='line_1_119' title="bbox 2223 3012 3766 3089; baseline -0.014 -6"><span class='ocrx_word' id='word_1_330' title='bbox 2223 3027 2470 3084; x_wconf 87' lang='lat' dir='ltr'><strong>Christus</strong></span> <span class='ocrx_word' id='word_1_331' title='bbox 2510 3024 2697 3089; x_wconf 89' lang='lat' dir='ltr'><strong>vincit,</strong></span> <span class='ocrx_word' id='word_1_332' title='bbox 2726 3021 2973 3077; x_wconf 85' lang='lat' dir='ltr'><strong>Christus</strong></span> <span class='ocrx_word' id='word_1_333' title='bbox 3001 3025 3220 3089; x_wconf 80' lang='lat' dir='ltr'><strong>regnat,</strong></span> <span class='ocrx_word' id='word_1_334' title='bbox 3249 3014 3510 3071; x_wconf 88' lang='lat' dir='ltr'><strong>Christus</strong></span> <span class='ocrx_word' id='word_1_335' title='bbox 3539 3012 3766 3081; x_wconf 66' lang='lat' dir='ltr'><strong>imperat.</strong></span> 
     </span>
    </p>
   </div>
   <div class='ocr_carea' id='block_1_120' title="bbox 3490 2194 3765 2266">
    <p class='ocr_par' dir='ltr' id='par_1_120' title="bbox 3490 2194 3765 2266">
     <span class='ocr_line' id='line_1_120' title="bbox 3490 2194 3765 2266; baseline -0.007 -16"><span class='ocrx_word' id='word_1_336' title='bbox 3490 2195 3602 2251; x_wconf 90' lang='lat' dir='ltr'><strong>tulo</strong></span> <span class='ocrx_word' id='word_1_337' title='bbox 3630 2194 3765 2266; x_wconf 75' lang='lat' dir='ltr'><strong>jura,</strong></span> 
     </span>
    </p>
   </div>
   <div class='ocr_carea' id='block_1_121' title="bbox 1685 3094 3122 3189">
    <p class='ocr_par' dir='ltr' id='par_1_121' title="bbox 1685 3094 3122 3189">
     <span class='ocr_line' id='line_1_121' title="bbox 1685 3094 3122 3189; baseline -0.01 -14"><span class='ocrx_word' id='word_1_338' title='bbox 1685 3115 1838 3159; x_wconf 68' lang='grc' dir='ltr'><strong>οτθιθ</strong></span> <span class='ocrx_word' id='word_1_339' title='bbox 1874 3121 1974 3175; x_wconf 73' lang='grc' dir='ltr'><strong>Ρη</strong></span> <span class='ocrx_word' id='word_1_340' title='bbox 2013 3122 2117 3161; x_wconf 78' lang='grc' dir='ltr'><strong>ῐηθ·</strong></span> <span class='ocrx_word' id='word_1_341' title='bbox 2149 3094 2194 3157; x_wconf 72' lang='lat' dir='ltr'><strong><em>C</em></strong></span> <span class='ocrx_word' id='word_1_342' title='bbox 2226 3117 2387 3189; x_wconf 79' lang='lat' dir='ltr'><strong>Kyrie</strong></span> <span class='ocrx_word' id='word_1_343' title='bbox 2416 3115 2642 3179; x_wconf 90' lang='lat' dir='ltr'><strong>eleison,</strong></span> <span class='ocrx_word' id='word_1_344' title='bbox 2665 3111 2878 3167; x_wconf 86' lang='lat' dir='ltr'><strong>Christe</strong></span> <span class='ocrx_word' id='word_1_345' title='bbox 2903 3109 3122 3164; x_wconf 90' lang='lat' dir='ltr'><strong>eleison.</strong></span> 
     </span>
    </p>
   </div>
   <div class='ocr_carea' id='block_1_122' title="bbox 1685 3207 2114 3269">
    <p class='ocr_par' dir='ltr' id='par_1_122' title="bbox 1685 3207 2114 3269">
     <span class='ocr_line' id='line_1_122' title="bbox 1685 3207 2114 3269; baseline 0 -17"><span class='ocrx_word' id='word_1_346' title='bbox 1685 3207 1837 3253; x_wconf 88' lang='lat' dir='ltr'><strong>orate</strong></span> <span class='ocrx_word' id='word_1_347' title='bbox 1874 3215 1972 3269; x_wconf 91' lang='lat' dir='ltr'><strong>pro</strong></span> <span class='ocrx_word' id='word_1_348' title='bbox 2011 3214 2114 3254; x_wconf 91' lang='lat' dir='ltr'><strong>me.</strong></span> 
     </span>
    </p>
   </div>
   <div class='ocr_carea' id='block_1_123' title="bbox 1685 3299 2117 3358">
    <p class='ocr_par' dir='ltr' id='par_1_123' title="bbox 1685 3299 2117 3358">
     <span class='ocr_line' id='line_1_123' title="bbox 1685 3299 2117 3358; baseline 0.002 -16"><span class='ocrx_word' id='word_1_349' title='bbox 1685 3299 1836 3350; x_wconf 86' lang='lat' dir='ltr'><strong>orate</strong></span> <span class='ocrx_word' id='word_1_350' title='bbox 1875 3304 1972 3358; x_wconf 93' lang='lat' dir='ltr'><strong>pro</strong></span> <span class='ocrx_word' id='word_1_351' title='bbox 2012 3305 2117 3346; x_wconf 90' lang='lat' dir='ltr'><strong>me.</strong></span> 
     </span>
    </p>
   </div>
   <div class='ocr_carea' id='block_1_124' title="bbox 1684 3390 2116 3452">
    <p class='ocr_par' dir='ltr' id='par_1_124' title="bbox 1684 3390 2116 3452">
     <span class='ocr_line' id='line_1_124' title="bbox 1684 3390 2116 3452; baseline 0 -16"><span class='ocrx_word' id='word_1_352' title='bbox 1684 3390 1840 3436; x_wconf 89' lang='lat' dir='ltr'><strong>orate</strong></span> <span class='ocrx_word' id='word_1_353' title='bbox 1875 3398 1974 3452; x_wconf 89' lang='lat' dir='ltr'><strong>pro</strong></span> <span class='ocrx_word' id='word_1_354' title='bbox 2012 3399 2116 3438; x_wconf 89' lang='lat' dir='ltr'><strong>me.</strong></span> 
     </span>
    </p>
   </div>
   <div class='ocr_carea' id='block_1_125' title="bbox 1387 3472 2116 3529">
    <p class='ocr_par' dir='ltr' id='par_1_125' title="bbox 1387 3472 2116 3529">
     <span class='ocr_line' id='line_1_125' title="bbox 1387 3472 2116 3529; baseline 0.004 -4"><span class='ocrx_word' id='word_1_355' title='bbox 1387 3472 1579 3527; x_wconf 80' lang='lat' dir='ltr'><strong>Libera</strong></span> <span class='ocrx_word' id='word_1_356' title='bbox 1609 3488 1708 3527; x_wconf 90' lang='lat' dir='ltr'><strong>nos</strong></span> <span class='ocrx_word' id='word_1_357' title='bbox 1741 3475 1982 3528; x_wconf 85' lang='lat' dir='ltr'><strong>Domine.</strong></span> <span class='ocrx_word' id='word_1_358' title='bbox 2020 3485 2116 3529; x_wconf 80' lang='lat' dir='ltr'><strong>ter.</strong></span> 
     </span>
    </p>
   </div>
   <div class='ocr_carea' id='block_1_126' title="bbox 1370 3563 2120 3620">
    <p class='ocr_par' dir='ltr' id='par_1_126' title="bbox 1370 3563 2120 3620">
     <span class='ocr_line' id='line_1_126' title="bbox 1370 3563 2120 3620; baseline 0.004 -3"><span class='ocrx_word' id='word_1_359' title='bbox 1370 3563 1534 3618; x_wconf 83' lang='lat' dir='ltr'><strong>Parce</strong></span> <span class='ocrx_word' id='word_1_360' title='bbox 1557 3564 1712 3618; x_wconf 89' lang='lat' dir='ltr'><strong>nobis</strong></span> <span class='ocrx_word' id='word_1_361' title='bbox 1739 3563 1980 3620; x_wconf 89' lang='lat' dir='ltr'><strong>Domine.</strong></span> <span class='ocrx_word' id='word_1_362' title='bbox 2021 3575 2120 3620; x_wconf 83' lang='lat' dir='ltr'><strong>ter.</strong></span> 
     </span>
    </p>
   </div>
   <div class='ocr_carea' id='block_1_127' title="bbox 1391 3654 2120 3712">
    <p class='ocr_par' dir='ltr' id='par_1_127' title="bbox 1391 3654 2120 3712">
     <span class='ocr_line' id='line_1_127' title="bbox 1391 3654 2120 3712; baseline 0.005 -4"><span class='ocrx_word' id='word_1_363' title='bbox 1391 3654 1585 3709; x_wconf 86' lang='lat' dir='ltr'><strong>Libera</strong></span> <span class='ocrx_word' id='word_1_364' title='bbox 1615 3671 1714 3711; x_wconf 93' lang='lat' dir='ltr'><strong>nos</strong></span> <span class='ocrx_word' id='word_1_365' title='bbox 1740 3655 1982 3712; x_wconf 85' lang='lat' dir='ltr'><strong>Domine.</strong></span> <span class='ocrx_word' id='word_1_366' title='bbox 2023 3666 2120 3712; x_wconf 81' lang='lat' dir='ltr'><strong>ter.</strong></span> 
     </span>
    </p>
   </div>
   <div class='ocr_carea' id='block_1_128' title="bbox 1371 3745 2120 3814">
    <p class='ocr_par' dir='ltr' id='par_1_128' title="bbox 1371 3745 2120 3814">
     <span class='ocr_line' id='line_1_128' title="bbox 1371 3745 2120 3814; baseline 0.005 -15"><span class='ocrx_word' id='word_1_367' title='bbox 1371 3745 1563 3814; x_wconf 88' lang='lat' dir='ltr'><strong>Libera</strong></span> <span class='ocrx_word' id='word_1_368' title='bbox 1595 3762 1696 3802; x_wconf 91' lang='lat' dir='ltr'><strong>nos</strong></span> <span class='ocrx_word' id='word_1_369' title='bbox 1734 3747 1979 3804; x_wconf 83' lang='lat' dir='ltr'><strong>Domine.</strong></span> <span class='ocrx_word' id='word_1_370' title='bbox 2023 3759 2120 3804; x_wconf 81' lang='lat' dir='ltr'><strong>(er.</strong></span> 
     </span>
    </p>
   </div>
   <div class='ocr_carea' id='block_1_129' title="bbox 1423 3836 2122 3908">
    <p class='ocr_par' dir='ltr' id='par_1_129' title="bbox 1423 3836 2122 3908">
     <span class='ocr_line' id='line_1_129' title="bbox 1423 3836 2122 3908; baseline 0.004 -17"><span class='ocrx_word' id='word_1_371' title='bbox 1423 3836 1498 3903; x_wconf 86' lang='lat' dir='ltr'><strong>Te</strong></span> <span class='ocrx_word' id='word_1_372' title='bbox 1530 3853 1797 3908; x_wconf 80' lang='lat' dir='ltr'><strong>rogamus,</strong></span> <span class='ocrx_word' id='word_1_373' title='bbox 1841 3839 1965 3893; x_wconf 88' lang='lat' dir='ltr'><strong>audi</strong></span> <span class='ocrx_word' id='word_1_374' title='bbox 2005 3855 2122 3894; x_wconf 91' lang='lat' dir='ltr'><strong>nos.</strong></span> 
     </span>
    </p>
   </div>
   <div class='ocr_carea' id='block_1_130' title="bbox 1842 3930 2122 3985">
    <p class='ocr_par' dir='ltr' id='par_1_130' title="bbox 1842 3930 2122 3985">
     <span class='ocr_line' id='line_1_130' title="bbox 1842 3930 2122 3985; baseline 0 -2"><span class='ocrx_word' id='word_1_375' title='bbox 1842 3930 1962 3984; x_wconf 91' lang='lat' dir='ltr'><strong>audi</strong></span> <span class='ocrx_word' id='word_1_376' title='bbox 2004 3945 2122 3985; x_wconf 89' lang='lat' dir='ltr'><strong>nos.</strong></span> 
     </span>
    </p>
   </div>
   <div class='ocr_carea' id='block_1_131' title="bbox 1840 4023 2122 4076">
    <p class='ocr_par' dir='ltr' id='par_1_131' title="bbox 1840 4023 2122 4076">
     <span class='ocr_line' id='line_1_131' title="bbox 1840 4023 2122 4076; baseline 0.004 -2"><span class='ocrx_word' id='word_1_377' title='bbox 1840 4023 1964 4075; x_wconf 91' lang='lat' dir='ltr'><strong>audi</strong></span> <span class='ocrx_word' id='word_1_378' title='bbox 2005 4037 2122 4076; x_wconf 91' lang='lat' dir='ltr'><strong>nos.</strong></span> 
     </span>
    </p>
   </div>
   <div class='ocr_carea' id='block_1_132' title="bbox 1720 4113 2122 4189">
    <p class='ocr_par' dir='ltr' id='par_1_132' title="bbox 1720 4113 2122 4189">
     <span class='ocr_line' id='line_1_132' title="bbox 1720 4113 2122 4189; baseline -0.002 -20"><span class='ocrx_word' id='word_1_379' title='bbox 1720 4113 1794 4189; x_wconf 77' lang='lat' dir='ltr'><strong>Te</strong></span> <span class='ocrx_word' id='word_1_380' title='bbox 1820 4129 2122 4184; x_wconf 80' lang='lat' dir='ltr'><strong>precamus.</strong></span> 
     </span>
    </p>
   </div>
   <div class='ocr_carea' id='block_1_133' title="bbox 561 4200 2124 4280">
    <p class='ocr_par' dir='ltr' id='par_1_133' title="bbox 561 4200 2124 4280">
     <span class='ocr_line' id='line_1_133' title="bbox 561 4200 2124 4280; baseline 0.004 -26"><span class='ocrx_word' id='word_1_381' title='bbox 561 4200 666 4256; x_wconf 89' lang='lat' dir='ltr'><strong>Pro</strong></span> <span class='ocrx_word' id='word_1_382' title='bbox 692 4202 836 4256; x_wconf 91' lang='lat' dir='ltr'><strong>omni</strong></span> <span class='ocrx_word' id='word_1_383' title='bbox 879 4203 1046 4272; x_wconf 77' lang='lat' dir='ltr'><strong>gradu</strong></span> <span class='ocrx_word' id='word_1_384' title='bbox 1085 4201 1384 4271; x_wconf 65' lang='lat' dir='ltr'><strong>Ecclesiae,</strong></span> <span class='ocrx_word' id='word_1_385' title='bbox 1428 4204 1502 4260; x_wconf 93' lang='lat' dir='ltr'><strong>Te</strong></span> <span class='ocrx_word' id='word_1_386' title='bbox 1532 4221 1809 4280; x_wconf 81' lang='lat' dir='ltr'><strong>rogamus,</strong></span> <span class='ocrx_word' id='word_1_387' title='bbox 1844 4207 1966 4260; x_wconf 90' lang='lat' dir='ltr'><strong>audi</strong></span> <span class='ocrx_word' id='word_1_388' title='bbox 2007 4221 2124 4268; x_wconf 83' lang='lat' dir='ltr'><strong>nos.</strong></span> 
     </span>
    </p>
   </div>
   <div class='ocr_carea' id='block_1_134' title="bbox 1445 4295 2123 4362">
    <p class='ocr_par' dir='ltr' id='par_1_134' title="bbox 1445 4295 2123 4362">
     <span class='ocr_line' id='line_1_134' title="bbox 1445 4295 2123 4362; baseline 0.001 -12"><span class='ocrx_word' id='word_1_389' title='bbox 1445 4295 1567 4350; x_wconf 86' lang='lat' dir='ltr'><strong>Jesu</strong></span> <span class='ocrx_word' id='word_1_390' title='bbox 1595 4295 1829 4362; x_wconf 88' lang='lat' dir='ltr'><strong>Christe,</strong></span> <span class='ocrx_word' id='word_1_391' title='bbox 1861 4297 1982 4351; x_wconf 88' lang='lat' dir='ltr'><strong>audi</strong></span> <span class='ocrx_word' id='word_1_392' title='bbox 2007 4311 2123 4352; x_wconf 91' lang='lat' dir='ltr'><strong>nos.</strong></span> 
     </span>
    </p>
   </div>
   <div class='ocr_carea' id='block_1_135' title="bbox 562 4371 2122 4454">
    <p class='ocr_par' dir='ltr' id='par_1_135' title="bbox 562 4371 2122 4454">
     <span class='ocr_line' id='line_1_135' title="bbox 562 4371 2122 4454; baseline 0.003 -19"><span class='ocrx_word' id='word_1_393' title='bbox 562 4381 670 4436; x_wconf 86' lang='lat' dir='ltr'><strong>Pro</strong></span> <span class='ocrx_word' id='word_1_394' title='bbox 695 4383 838 4436; x_wconf 92' lang='lat' dir='ltr'><strong>omni</strong></span> <span class='ocrx_word' id='word_1_395' title='bbox 866 4383 1060 4452; x_wconf 85' lang='lat' dir='ltr'><strong>pooulo</strong></span> <span class='ocrx_word' id='word_1_396' title='bbox 1086 4385 1372 4450; x_wconf 87' lang='lat' dir='ltr'><strong>catholico,</strong></span> <span class='ocrx_word' id='word_1_397' title='bbox 1408 4385 1481 4440; x_wconf 89' lang='lat' dir='ltr'><strong>Te</strong></span> <span class='ocrx_word' id='word_1_398' title='bbox 1510 4371 1813 4454; x_wconf 88' lang='lat' dir='ltr'><strong>precamus,</strong></span> <span class='ocrx_word' id='word_1_399' title='bbox 1843 4387 1964 4442; x_wconf 90' lang='lat' dir='ltr'><strong>audi</strong></span> <span class='ocrx_word' id='word_1_400' title='bbox 2007 4404 2122 4443; x_wconf 90' lang='lat' dir='ltr'><strong>nos.</strong></span> 
     </span>
    </p>
   </div>
   <div class='ocr_carea' id='block_1_136' title="bbox 873 4470 2128 4549">
    <p class='ocr_par' dir='ltr' id='par_1_136' title="bbox 873 4470 2128 4549">
     <span class='ocr_line' id='line_1_136' title="bbox 873 4470 2128 4549; baseline 0.002 -21"><span class='ocrx_word' id='word_1_401' title='bbox 873 4516 877 4549; x_wconf 39' lang='grc' dir='ltr'>ρ</span> <span class='ocrx_word' id='word_1_402' title='bbox 1404 4470 1479 4530; x_wconf 86' lang='lat' dir='ltr'><strong>Te</strong></span> <span class='ocrx_word' id='word_1_403' title='bbox 1517 4491 1818 4545; x_wconf 88' lang='lat' dir='ltr'><strong>precamus,</strong></span> <span class='ocrx_word' id='word_1_404' title='bbox 1848 4479 1966 4532; x_wconf 83' lang='lat' dir='ltr'><strong>audi</strong></span> <span class='ocrx_word' id='word_1_405' title='bbox 2009 4495 2128 4533; x_wconf 90' lang='lat' dir='ltr'><strong>nos.</strong></span> 
     </span>
    </p>
   </div>
   <div class='ocr_carea' id='block_1_137' title="bbox 553 4559 2129 4642">
    <p class='ocr_par' dir='ltr' id='par_1_137' title="bbox 553 4559 2129 4642">
     <span class='ocr_line' id='line_1_137' title="bbox 553 4559 2129 4642; baseline 0.008 -32"><span class='ocrx_word' id='word_1_406' title='bbox 553 4559 746 4627; x_wconf 40' lang='lat' dir='ltr'><strong>.Agnus</strong></span> <span class='ocrx_word' id='word_1_407' title='bbox 785 4559 877 4618; x_wconf 88' lang='lat' dir='ltr'><strong>Dei</strong></span> <span class='ocrx_word' id='word_1_408' title='bbox 917 4561 1007 4642; x_wconf 75' lang='lat' dir='ltr'><strong>qui</strong></span> <span class='ocrx_word' id='word_1_409' title='bbox 1057 4563 1194 4630; x_wconf 80' lang='lat' dir='ltr'><strong>tollit</strong></span> <span class='ocrx_word' id='word_1_410' title='bbox 1224 4573 1443 4634; x_wconf 78' lang='lat' dir='ltr'><strong>peccata</strong></span> <span class='ocrx_word' id='word_1_411' title='bbox 1482 4568 1698 4636; x_wconf 83' lang='lat' dir='ltr'><strong>mundi,</strong></span> <span class='ocrx_word' id='word_1_412' title='bbox 1743 4568 1956 4627; x_wconf 89' lang='lat' dir='ltr'><strong>Christe</strong></span> <span class='ocrx_word' id='word_1_413' title='bbox 2005 4570 2129 4626; x_wconf 88' lang='lat' dir='ltr'><strong>audi</strong></span> 
     </span>
    </p>
   </div>
   <div class='ocr_carea' id='block_1_138' title="bbox 2219 3196 3315 3276">
    <p class='ocr_par' dir='ltr' id='par_1_138' title="bbox 2219 3196 3315 3276">
     <span class='ocr_line' id='line_1_138' title="bbox 2219 3196 3315 3276; baseline -0.013 -15"><span class='ocrx_word' id='word_1_414' title='bbox 2219 3206 2382 3262; x_wconf 89' lang='lat' dir='ltr'><strong>Pater</strong></span> <span class='ocrx_word' id='word_1_415' title='bbox 2406 3206 2470 3259; x_wconf 90' lang='lat' dir='ltr'><strong>de</strong></span> <span class='ocrx_word' id='word_1_416' title='bbox 2489 3203 2642 3259; x_wconf 79' lang='lat' dir='ltr'><strong>ccclis</strong></span> <span class='ocrx_word' id='word_1_417' title='bbox 2665 3203 2822 3276; x_wconf 88' lang='lat' dir='ltr'><strong>Deus,</strong></span> <span class='ocrx_word' id='word_1_418' title='bbox 2847 3200 3105 3254; x_wconf 90' lang='lat' dir='ltr'><strong>miserere</strong></span> <span class='ocrx_word' id='word_1_419' title='bbox 3144 3196 3315 3251; x_wconf 88' lang='lat' dir='ltr'><strong>nobis.</strong></span> 
     </span>
    </p>
   </div>
   <div class='ocr_carea' id='block_1_139' title="bbox 2222 3284 3382 3364">
    <p class='ocr_par' dir='ltr' id='par_1_139' title="bbox 2222 3284 3382 3364">
     <span class='ocr_line' id='line_1_139' title="bbox 2222 3284 3382 3364; baseline -0.013 -12"><span class='ocrx_word' id='word_1_420' title='bbox 2222 3297 2390 3352; x_wconf 85' lang='lat' dir='ltr'><strong>Filius</strong></span> <span class='ocrx_word' id='word_1_421' title='bbox 2409 3295 2736 3364; x_wconf 79' lang='lat' dir='ltr'><strong>Redemptor</strong></span> <span class='ocrx_word' id='word_1_422' title='bbox 2757 3293 2917 3359; x_wconf 87' lang='lat' dir='ltr'><strong>Deus,</strong></span> <span class='ocrx_word' id='word_1_423' title='bbox 2941 3289 3198 3344; x_wconf 89' lang='lat' dir='ltr'><strong>miserere</strong></span> <span class='ocrx_word' id='word_1_424' title='bbox 3228 3284 3382 3340; x_wconf 87' lang='lat' dir='ltr'><strong>nobis</strong></span> 
     </span>
    </p>
   </div>
   <div class='ocr_carea' id='block_1_140' title="bbox 2224 3375 3374 3458">
    <p class='ocr_par' dir='ltr' id='par_1_140' title="bbox 2224 3375 3374 3458">
     <span class='ocr_line' id='line_1_140' title="bbox 2224 3375 3374 3458; baseline -0.014 -15"><span class='ocrx_word' id='word_1_425' title='bbox 2224 3387 2459 3458; x_wconf 90' lang='lat' dir='ltr'><strong>Spiritus</strong></span> <span class='ocrx_word' id='word_1_426' title='bbox 2481 3393 2701 3439; x_wconf 91' lang='lat' dir='ltr'><strong>sanctus</strong></span> <span class='ocrx_word' id='word_1_427' title='bbox 2727 3382 2887 3447; x_wconf 79' lang='lat' dir='ltr'><strong>Deus,</strong></span> <span class='ocrx_word' id='word_1_428' title='bbox 2912 3379 3171 3434; x_wconf 90' lang='lat' dir='ltr'><strong>miserere</strong></span> <span class='ocrx_word' id='word_1_429' title='bbox 3201 3375 3374 3430; x_wconf 90' lang='lat' dir='ltr'><strong>nobis.</strong></span> 
     </span>
    </p>
   </div>
   <div class='ocr_carea' id='block_1_141' title="bbox 2223 3464 3364 3544">
    <p class='ocr_par' dir='ltr' id='par_1_141' title="bbox 2223 3464 3364 3544">
     <span class='ocr_line' id='line_1_141' title="bbox 2223 3464 3364 3544; baseline -0.013 -13"><span class='ocrx_word' id='word_1_430' title='bbox 2223 3478 2324 3544; x_wconf 83' lang='lat' dir='ltr'><strong>Qui</strong></span> <span class='ocrx_word' id='word_1_431' title='bbox 2352 3491 2410 3530; x_wconf 88' lang='lat' dir='ltr'><strong>es</strong></span> <span class='ocrx_word' id='word_1_432' title='bbox 2443 3476 2613 3538; x_wconf 88' lang='lat' dir='ltr'><strong>trinus</strong></span> <span class='ocrx_word' id='word_1_433' title='bbox 2635 3481 2689 3527; x_wconf 89' lang='lat' dir='ltr'><strong>et</strong></span> <span class='ocrx_word' id='word_1_434' title='bbox 2717 3486 2881 3539; x_wconf 79' lang='lat' dir='ltr'><strong>unus,</strong></span> <span class='ocrx_word' id='word_1_435' title='bbox 2906 3468 3164 3531; x_wconf 85' lang='lat' dir='ltr'><strong>miserere</strong></span> <span class='ocrx_word' id='word_1_436' title='bbox 3191 3464 3364 3520; x_wconf 92' lang='lat' dir='ltr'><strong>nobis.</strong></span> 
     </span>
    </p>
   </div>
   <div class='ocr_carea' id='block_1_142' title="bbox 2223 3558 2930 3637">
    <p class='ocr_par' dir='ltr' id='par_1_142' title="bbox 2223 3558 2930 3637">
     <span class='ocr_line' id='line_1_142' title="bbox 2223 3558 2930 3637; baseline -0.017 -15"><span class='ocrx_word' id='word_1_437' title='bbox 2223 3567 2342 3637; x_wconf 88' lang='lat' dir='ltr'><strong>lpse</strong></span> <span class='ocrx_word' id='word_1_438' title='bbox 2370 3558 2617 3633; x_wconf 86' lang='lat' dir='ltr'><strong>idemque</strong></span> <span class='ocrx_word' id='word_1_439' title='bbox 2647 3561 2930 3630; x_wconf 82' lang='lat' dir='ltr'><strong>benignus,</strong></span> 
     </span>
    </p>
   </div>
   <div class='ocr_carea' id='block_1_143' title="bbox 2227 3636 3757 3722">
    <p class='ocr_par' dir='ltr' id='par_1_143' title="bbox 2227 3636 3757 3722">
     <span class='ocr_line' id='line_1_143' title="bbox 2227 3636 3757 3722; baseline -0.018 -8"><span class='ocrx_word' id='word_1_440' title='bbox 2227 3636 2425 3714; x_wconf 86' lang='lat' dir='ltr'><strong>Sancta</strong></span> <span class='ocrx_word' id='word_1_441' title='bbox 2453 3653 2609 3722; x_wconf 86' lang='lat' dir='ltr'><strong>Virgo</strong></span> <span class='ocrx_word' id='word_1_442' title='bbox 2635 3651 2923 3721; x_wconf 79' lang='lat' dir='ltr'><strong>virginum,</strong></span> <span class='ocrx_word' id='word_1_443' title='bbox 3359 3656 3450 3696; x_wconf 89' lang='lat' dir='ltr'><strong>ora</strong></span> <span class='ocrx_word' id='word_1_444' title='bbox 3475 3654 3570 3710; x_wconf 89' lang='lat' dir='ltr'><strong>pro</strong></span> <span class='ocrx_word' id='word_1_445' title='bbox 3598 3636 3757 3692; x_wconf 83' lang='lat' dir='ltr'><strong>nobis.</strong></span> 
     </span>
    </p>
   </div>
   <div class='ocr_carea' id='block_1_144' title="bbox 2228 3740 3761 3816">
    <p class='ocr_par' dir='ltr' id='par_1_144' title="bbox 2228 3740 3761 3816">
     <span class='ocr_line' id='line_1_144' title="bbox 2228 3740 3761 3816; baseline -0.018 -11"><span class='ocrx_word' id='word_1_446' title='bbox 2228 3750 2425 3814; x_wconf 83' lang='lat' dir='ltr'><strong>Sancta</strong></span> <span class='ocrx_word' id='word_1_447' title='bbox 2452 3744 2546 3800; x_wconf 88' lang='lat' dir='ltr'><strong>Dei</strong></span> <span class='ocrx_word' id='word_1_448' title='bbox 2569 3741 2824 3816; x_wconf 80' lang='lat' dir='ltr'><strong>genitrix.</strong></span> <span class='ocrx_word' id='word_1_449' title='bbox 3661 3740 3761 3780; x_wconf 85' lang='lat' dir='ltr'><strong>ora.</strong></span> 
     </span>
    </p>
   </div>
   <div class='ocr_carea' id='block_1_145' title="bbox 2228 3832 3761 3906">
    <p class='ocr_par' dir='ltr' id='par_1_145' title="bbox 2228 3832 3761 3906">
     <span class='ocr_line' id='line_1_145' title="bbox 2228 3832 3761 3906; baseline -0.02 -8"><span class='ocrx_word' id='word_1_450' title='bbox 2228 3843 2427 3898; x_wconf 87' lang='lat' dir='ltr'><strong>Sancta</strong></span> <span class='ocrx_word' id='word_1_451' title='bbox 2463 3837 2654 3906; x_wconf 79' lang='lat' dir='ltr'><strong>Maria,</strong></span> <span class='ocrx_word' id='word_1_452' title='bbox 3658 3832 3761 3871; x_wconf 83' lang='lat' dir='ltr'><strong>ora.</strong></span> 
     </span>
    </p>
   </div>
   <div class='ocr_carea' id='block_1_146' title="bbox 2229 3919 3763 3992">
    <p class='ocr_par' dir='ltr' id='par_1_146' title="bbox 2229 3919 3763 3992">
     <span class='ocr_line' id='line_1_146' title="bbox 2229 3919 3763 3992; baseline -0.023 -3"><span class='ocrx_word' id='word_1_453' title='bbox 2229 3935 2427 3990; x_wconf 85' lang='lat' dir='ltr'><strong>Sancte</strong></span> <span class='ocrx_word' id='word_1_454' title='bbox 2456 3930 2638 3992; x_wconf 79' lang='lat' dir='ltr'><strong>Petro,</strong></span> <span class='ocrx_word' id='word_1_455' title='bbox 3665 3919 3763 3958; x_wconf 85' lang='lat' dir='ltr'><strong>ora.</strong></span> 
     </span>
    </p>
   </div>
   <div class='ocr_carea' id='block_1_147' title="bbox 3663 4010 3762 4050">
    <p class='ocr_par' dir='ltr' id='par_1_147' title="bbox 3663 4010 3762 4050">
     <span class='ocr_line' id='line_1_147' title="bbox 3663 4010 3762 4050; baseline -0.051 0"><span class='ocrx_word' id='word_1_456' title='bbox 3663 4010 3762 4050; x_wconf 82' lang='lat' dir='ltr'><strong>ora.</strong></span> 
     </span>
    </p>
   </div>
   <div class='ocr_carea' id='block_1_148' title="bbox 2227 4019 2706 4083">
    <p class='ocr_par' dir='ltr' id='par_1_148' title="bbox 2227 4019 2706 4083">
     <span class='ocr_line' id='line_1_148' title="bbox 2227 4019 2706 4083; baseline -0.023 -1"><span class='ocrx_word' id='word_1_457' title='bbox 2227 4028 2425 4082; x_wconf 87' lang='lat' dir='ltr'><strong>Sancte</strong></span> <span class='ocrx_word' id='word_1_458' title='bbox 2465 4019 2645 4083; x_wconf 88' lang='lat' dir='ltr'><strong>Paule,</strong></span> <span class='ocrx_word' id='word_1_459' title='bbox 2701 4043 2706 4049; x_wconf 86' lang='lat'><strong><em>-</em></strong></span> 
     </span>
    </p>
   </div>
   <div class='ocr_carea' id='block_1_149' title="bbox 2230 4111 2710 4173">
    <p class='ocr_par' dir='ltr' id='par_1_149' title="bbox 2230 4111 2710 4173">
     <span class='ocr_line' id='line_1_149' title="bbox 2230 4111 2710 4173; baseline -0.021 -2"><span class='ocrx_word' id='word_1_460' title='bbox 2230 4118 2425 4172; x_wconf 89' lang='lat' dir='ltr'><strong>Sancte</strong></span> <span class='ocrx_word' id='word_1_461' title='bbox 2448 4111 2710 4173; x_wconf 87' lang='lat' dir='ltr'><strong>Andreas,</strong></span> 
     </span>
    </p>
   </div>
   <div class='ocr_carea' id='block_1_150' title="bbox 2229 4177 3762 4268">
    <p class='ocr_par' dir='ltr' id='par_1_150' title="bbox 2229 4177 3762 4268">
     <span class='ocr_line' id='line_1_150' title="bbox 2229 4177 3762 4268; baseline -0.019 -5"><span class='ocrx_word' id='word_1_462' title='bbox 2229 4207 2429 4264; x_wconf 88' lang='lat' dir='ltr'><strong>Omnes</strong></span> <span class='ocrx_word' id='word_1_463' title='bbox 2446 4202 2641 4268; x_wconf 88' lang='lat' dir='ltr'><strong>sancti,</strong></span> <span class='ocrx_word' id='word_1_464' title='bbox 3310 4194 3464 4242; x_wconf 89' lang='lat' dir='ltr'><strong>orate</strong></span> <span class='ocrx_word' id='word_1_465' title='bbox 3490 4197 3586 4252; x_wconf 85' lang='lat' dir='ltr'><strong>pro</strong></span> <span class='ocrx_word' id='word_1_466' title='bbox 3612 4177 3762 4234; x_wconf 61' lang='lat' dir='ltr'><strong>nobis.</strong></span> 
     </span>
    </p>
   </div>
   <div class='ocr_carea' id='block_1_151' title="bbox 2229 4279 3358 4356">
    <p class='ocr_par' dir='ltr' id='par_1_151' title="bbox 2229 4279 3358 4356">
     <span class='ocr_line' id='line_1_151' title="bbox 2229 4279 3358 4356; baseline -0.022 -1"><span class='ocrx_word' id='word_1_467' title='bbox 2229 4298 2469 4356; x_wconf 86' lang='lat' dir='ltr'><strong>Gratiam</strong></span> <span class='ocrx_word' id='word_1_468' title='bbox 2493 4303 2639 4348; x_wconf 90' lang='lat' dir='ltr'><strong>tuam</strong></span> <span class='ocrx_word' id='word_1_469' title='bbox 2662 4287 2818 4345; x_wconf 87' lang='lat' dir='ltr'><strong>nobis</strong></span> <span class='ocrx_word' id='word_1_470' title='bbox 2838 4283 3094 4346; x_wconf 89' lang='lat' dir='ltr'><strong>concede,</strong></span> <span class='ocrx_word' id='word_1_471' title='bbox 3117 4279 3358 4339; x_wconf 87' lang='lat' dir='ltr'><strong>Domine.</strong></span> 
     </span>
    </p>
   </div>
   <div class='ocr_carea' id='block_1_152' title="bbox 2232 4365 3456 4453">
    <p class='ocr_par' dir='ltr' id='par_1_152' title="bbox 2232 4365 3456 4453">
     <span class='ocr_line' id='line_1_152' title="bbox 2232 4365 3456 4453; baseline -0.021 -11"><span class='ocrx_word' id='word_1_472' title='bbox 2232 4386 2499 4453; x_wconf 85' lang='lat' dir='ltr'><strong>Gaudium</strong></span> <span class='ocrx_word' id='word_1_473' title='bbox 2530 4390 2585 4437; x_wconf 91' lang='lat' dir='ltr'><strong>et</strong></span> <span class='ocrx_word' id='word_1_474' title='bbox 2614 4392 2800 4450; x_wconf 90' lang='lat' dir='ltr'><strong>pacem</strong></span> <span class='ocrx_word' id='word_1_475' title='bbox 2835 4375 2972 4428; x_wconf 89' lang='lat' dir='ltr'><strong>dona</strong></span> <span class='ocrx_word' id='word_1_476' title='bbox 3011 4369 3186 4432; x_wconf 91' lang='lat' dir='ltr'><strong>nobis,</strong></span> <span class='ocrx_word' id='word_1_477' title='bbox 3213 4365 3456 4420; x_wconf 88' lang='lat' dir='ltr'><strong>Domine.</strong></span> 
     </span>
    </p>
   </div>
   <div class='ocr_carea' id='block_1_153' title="bbox 2240 4451 3524 4534">
    <p class='ocr_par' dir='ltr' id='par_1_153' title="bbox 2240 4451 3524 4534">
     <span class='ocr_line' id='line_1_153' title="bbox 2240 4451 3524 4534; baseline -0.024 0"><span class='ocrx_word' id='word_1_478' title='bbox 2240 4451 2411 4534; x_wconf 80' lang='lat' dir='ltr'><strong>Vitam</strong></span> <span class='ocrx_word' id='word_1_479' title='bbox 2440 4482 2494 4527; x_wconf 88' lang='lat' dir='ltr'><strong>et</strong></span> <span class='ocrx_word' id='word_1_480' title='bbox 2519 4471 2801 4526; x_wconf 87' lang='lat' dir='ltr'><strong>sanitatem</strong></span> <span class='ocrx_word' id='word_1_481' title='bbox 2827 4459 3065 4518; x_wconf 88' lang='lat' dir='ltr'><strong>concede</strong></span> <span class='ocrx_word' id='word_1_482' title='bbox 3088 4456 3264 4520; x_wconf 88' lang='lat' dir='ltr'><strong>nobis,</strong></span> <span class='ocrx_word' id='word_1_483' title='bbox 3287 4451 3524 4508; x_wconf 81' lang='lat' dir='ltr'><strong>Domine.</strong></span> 
     </span>
    </p>
   </div>
   <div class='ocr_carea' id='block_1_154' title="bbox 2237 4544 3396 4624">
    <p class='ocr_par' dir='ltr' id='par_1_154' title="bbox 2237 4544 3396 4624">
     <span class='ocr_line' id='line_1_154' title="bbox 2237 4544 3396 4624; baseline -0.025 -1"><span class='ocrx_word' id='word_1_484' title='bbox 2237 4570 2317 4624; x_wconf 82' lang='lat' dir='ltr'><strong>Ah</strong></span> <span class='ocrx_word' id='word_1_485' title='bbox 2339 4564 2572 4621; x_wconf 90' lang='lat' dir='ltr'><strong>inimicis</strong></span> <span class='ocrx_word' id='word_1_486' title='bbox 2601 4557 2803 4614; x_wconf 89' lang='lat' dir='ltr'><strong>nostris</strong></span> <span class='ocrx_word' id='word_1_487' title='bbox 2829 4563 2980 4607; x_wconf 90' lang='lat' dir='ltr'><strong>tuere</strong></span> <span class='ocrx_word' id='word_1_488' title='bbox 3001 4564 3120 4613; x_wconf 92' lang='lat' dir='ltr'><strong>nos,</strong></span> <span class='ocrx_word' id='word_1_489' title='bbox 3149 4544 3396 4600; x_wconf 90' lang='lat' dir='ltr'><strong>Domine.</strong></span> 
     </span>
    </p>
   </div>
   <div class='ocr_carea' id='block_1_155' title="bbox 2238 4619 3766 4716">
    <p class='ocr_par' dir='ltr' id='par_1_155' title="bbox 2238 4619 3766 4716">
     <span class='ocr_line' id='line_1_155' title="bbox 2238 4619 3766 4716; baseline -0.027 -2"><span class='ocrx_word' id='word_1_490' title='bbox 2238 4663 2386 4715; x_wconf 84' lang='lat' dir='ltr'><strong>Dona</strong></span> <span class='ocrx_word' id='word_1_491' title='bbox 2419 4654 2595 4716; x_wconf 90' lang='lat' dir='ltr'><strong>nobis,</strong></span> <span class='ocrx_word' id='word_1_492' title='bbox 2626 4647 2877 4712; x_wconf 85' lang='lat' dir='ltr'><strong>Domine,</strong></span> <span class='ocrx_word' id='word_1_493' title='bbox 2918 4647 3140 4712; x_wconf 87' lang='lat' dir='ltr'><strong>peccata</strong></span> <span class='ocrx_word' id='word_1_494' title='bbox 3193 4641 3399 4698; x_wconf 89' lang='lat' dir='ltr'><strong>nostra,</strong></span> <span class='ocrx_word' id='word_1_495' title='bbox 3450 4639 3610 4699; x_wconf 84' lang='lat' dir='ltr'><strong>parce</strong></span> <span class='ocrx_word' id='word_1_496' title='bbox 3637 4619 3766 4679; x_wconf 75' lang='lat' dir='ltr'><strong>nobis</strong></span> 
     </span>
    </p>
   </div>
   <div class='ocr_carea' id='block_1_156' title="bbox 2307 4748 2550 4806">
    <p class='ocr_par' dir='ltr' id='par_1_156' title="bbox 2307 4748 2550 4806">
     <span class='ocr_line' id='line_1_156' title="bbox 2307 4748 2550 4806; baseline -0.033 0"><span class='ocrx_word' id='word_1_497' title='bbox 2307 4748 2550 4806; x_wconf 89' lang='lat' dir='ltr'><strong>Domine.</strong></span> 
     </span>
    </p>
   </div>
   <div class='ocr_carea' id='block_1_157' title="bbox 2237 4835 2628 4898">
    <p class='ocr_par' dir='ltr' id='par_1_157' title="bbox 2237 4835 2628 4898">
     <span class='ocr_line' id='line_1_157' title="bbox 2237 4835 2628 4898; baseline -0.008 -1"><span class='ocrx_word' id='word_1_498' title='bbox 2237 4841 2404 4898; x_wconf 85' lang='lat' dir='ltr'><strong>Filius</strong></span> <span class='ocrx_word' id='word_1_499' title='bbox 2428 4835 2542 4898; x_wconf 89' lang='lat' dir='ltr'><strong>Dei,</strong></span> <span class='ocrx_word' id='word_1_500' title='bbox 2625 4889 2628 4894; x_wconf 92' lang='lat'><strong>.</strong></span> 
     </span>
    </p>
   </div>
   <div class='ocr_carea' id='block_1_158' title="bbox 2239 4911 3146 5001">
    <p class='ocr_par' dir='ltr' id='par_1_158' title="bbox 2239 4911 3146 5001">
     <span class='ocr_line' id='line_1_158' title="bbox 2239 4911 3146 5001; baseline -0.026 -16"><span class='ocrx_word' id='word_1_501' title='bbox 2239 4929 2402 5001; x_wconf 81' lang='lat' dir='ltr'><strong>Kyric</strong></span> <span class='ocrx_word' id='word_1_502' title='bbox 2434 4924 2660 4992; x_wconf 82' lang='lat' dir='ltr'><strong>eleison,</strong></span> <span class='ocrx_word' id='word_1_503' title='bbox 2684 4917 2897 4974; x_wconf 84' lang='lat' dir='ltr'><strong>Christe</strong></span> <span class='ocrx_word' id='word_1_504' title='bbox 2924 4911 3146 4967; x_wconf 91' lang='lat' dir='ltr'><strong>eleison.</strong></span> 
     </span>
    </p>
   </div>
   <div class='ocr_carea' id='block_1_159' title="bbox 2241 4985 3761 5034">
    <p class='ocr_par' dir='ltr' id='par_1_159' title="bbox 2241 4985 3761 5034">
     <span class='ocr_line' id='line_1_159' title="bbox 2241 4985 3761 5034; baseline -0.001 0"><span class='ocrx_word' id='word_1_505' title='bbox 2241 4985 2308 5034; x_wconf 55' lang='grc' dir='ltr'><strong>..ηό</strong></span> <span class='ocrx_word' id='word_1_506' title='bbox 2411 5016 2480 5034; x_wconf 77' lang='grc' dir='ltr'><strong>οι·</strong></span> <span class='ocrx_word' id='word_1_507' title='bbox 2533 4989 2746 5034; x_wconf 67' lang='grc' dir='ltr'><strong>Πι-..ε..ιΑ</strong></span> <span class='ocrx_word' id='word_1_508' title='bbox 2794 5003 3028 5034; x_wconf 68' lang='grc' dir='ltr'><strong>ΑΑηηΛΑΛ</strong></span> <span class='ocrx_word' id='word_1_509' title='bbox 3057 5009 3298 5034; x_wconf 71' lang='lat' dir='ltr'><strong>carnrom</strong></span> <span class='ocrx_word' id='word_1_510' title='bbox 3348 4990 3559 5034; x_wconf 68' lang='lat' dir='ltr'><strong>nnmine</strong></span> <span class='ocrx_word' id='word_1_511' title='bbox 3579 4985 3761 5034; x_wconf 66' lang='grc' dir='ltr'><strong>Βοτιυ’</strong></span> 
     </span>
    </p>
   </div>
   <div class='ocr_carea' id='block_1_160' title="bbox 3346 4799 3761 4866">
    <p class='ocr_par' dir='ltr' id='par_1_160' title="bbox 3346 4799 3761 4866">
     <span class='ocr_line' id='line_1_160' title="bbox 3346 4799 3761 4866; baseline -0.043 0"><span class='ocrx_word' id='word_1_512' title='bbox 3346 4811 3597 4866; x_wconf 89' lang='lat' dir='ltr'><strong>miserere</strong></span> <span class='ocrx_word' id='word_1_513' title='bbox 3620 4799 3761 4857; x_wconf 84' lang='lat' dir='ltr'><strong>nobis.</strong></span> 
     </span>
    </p>
   </div>
  </div>
