3902 5334
516 142 623 200 896

1038 255 1268 312 Nomina
1314 259 1593 328 virginum.

513 347 716 403 Sancta
745 348 998 405 Felicitas

521 438 725 496 Sancta
755 441 1020 511 Ferpetua

515 533 715 589 Sancta
745 533 1042 590 Petrouilla

516 624 717 680 Sancta
758 625 939 696 Agnes

514 716 717 772 Sancta
756 718 970 788 Agatha

515 808 718 863 Sancta
743 807 909 864 Lucia

513 898 716 955 Sancta
743 898 945 955 Cecilia

513 992 716 1049 Sancta
743 993 896 1048 Anna

513 1082 717 1138 Sancta
747 1083 1025 1139 Christina

513 1173 716 1230 Sancta
757 1175 1081 1232 Constantia

513 1262 716 1320 Sancta
749 1266 1130 1321 Emerentiaua

516 1357 721 1414 Sancta
753 1360 916 1414 Daria

514 1447 716 1504 Sancta
749 1449 1009 1505 Praxedis

510 1537 713 1594 Sancta
748 1538 816 1592 Sa
827 1541 945 1594 vina

509 1632 710 1687 Sancta
736 1631 1002 1688 Genufefa

510 1726 718 1783 Sancta
747 1727 1047 1785 Scolastica

469 1828 480 1832 ‘
509 1816 710 1873 Sancta
742 1817 942 1873 Thecla

508 1907 710 1964 Sancta
738 1909 1057 1965 Potentiana

509 1999 711 2056 Sancta
740 2001 957 2058 Juliana

509 2093 710 2149 Sancta
745 2094 958 2151 Justina

506 2181 708 2241 Sancta
748 2186 954 2241 Eulalia

507 2273 710 2332 Sancta
737 2277 977 2348 Eugenia

511 2365 712 2422 Sancta
742 2366 987 2422 Eufemia

507 2457 709 2514 Sancta
748 2458 929 2529 Marga
939 2459 1044 2514 rita

507 2543 712 2602 Sahcta
746 2548 954 2603 Marina

509 2639 709 2695 Sancta
738 2640 988 2696 Sutheris

505 2731 707 2788 Sancta
738 2731 993 2787 Mustioia

504 2822 704 2879 Sancta
736 2824 998 2894 Speciosa

505 2915 708 2990 Sancta
737 2916 1001 2973 Columba

503 3005 708 3062 Sancta
755 3007 967 3062 Juliana

504 3091 706 3150 Sancta
739 3096 1024 3152 Benedicta

505 3182 709 3239 Sancta
745 3185 1038 3242 Anastasia

506 3274 708 3330 Sancta
742 3277 1068 3333 Concordia.

417 3388 426 3393 -
505 3362 707 3420 Sancta
741 3365 981 3436 Pelagia.

503 3453 702 3511 Sancta
732 3457 968 3513 Natalia.

504 3545 707 3601 Sancta
736 3546 924 3602 Prisca

502 3633 704 3693 Sancta
731 3637 968 3692 Barbara

501 3720 703 3781 Sancta
731 3727 964 3782 Martina

502 3815 704 3875 Sancta
735 3821 904 3892 Digna

502 3905 704 3964 Sancta
741 3910 954 3967 Merita.

501 3996 704 4054 Sancta
736 3999 954 4056 Ruﬁna.

502 4085 703 4143 Sancta
727 4088 973 4146 Secunda

508 4176 712 4234 Sancta
742 4179 1060 4240 Potentiana

502 4263 704 4322 Sancta
735 4268 946 4326 Martha

501 4357 702 4416 Sancta
733 4361 911 4419 Aurea

500 4449 700 4508 Sancta
729 4453 930 4513 Helena

499 4539 702 4598 Sancta
730 4543 934 4615 Sophia

500 4634 702 4691 Sancta
726 4637 884 4692 Anna

501 4723 700 4780 Sancta
732 4725 980 4783 Susanna

498 4814 698 4871 Sancta
730 4817 1009 4875 Elisabeth

500 4906 705 4964 Sancta
745 4909 1002 4966 Eufraxia

499 4996 698 5056 Sancta
727 5001 1000 5071 Honorata

500 5087 700 5147 Sancta
733 5091 1004 5164 Reparata

500 5175 704 5236 Sancta
736 5182 962 5240 Romula

504 5266 706 5324 Sancta
746 5271 1046 5334 Rcdemuta

2016 368 2103 406 or.
2207 351 2483 422 Propitius
2512 365 2628 411 esto

2018 459 2101 498 01³-
2205 451 2288 506 Ab
2317 449 2464 505 omni
2513 447 2654 502 malo
3603 447 3767 502 libera.

2017 553 2103 590 ονε
2207 545 2289 600 Ab
2319 541 2468 599 omni
2506 540 2795 610 iniquitate
3692 540 3769 593 lib.

2021 643 2102 682 or.
2206 637 2289 692 Ab
2326 635 2472 690 omni
2496 634 2824 705 cogitatione
2852 648 3016 704 prava
3694 631 3773 687 lib.

2019 737 2103 775 ον.
2204 727 2287 783 Ab
2321 727 2467 783 omni
2495 725 2837 780 immunditia
2860 724 3074 780 mentis.
3100 735 3156 780 et
3184 722 3431 794 corporis
3697 722 3769 777 lib

2018 828 2100 866 ον.
2204 818 2247 873 Α
2279 816 2516 888 peccatis
2538 815 2738 872 nostris
3692 814 3773 869 lib.

2013 921 2098 959 or.
2204 907 2288 963 Ab
2317 909 2398 964 ira
2426 919 2516 963 tua
3694 905 3773 958 lib.

2013 1012 2100 1051 or.
2203 1000 2249 1054 A
2280 999 3036 1070 persecutioneginimicornm
3694 995 3774 1050 lib.

2014 1103 2101 1142 or-
2203 1090 2288 1146 Ab
2314 1091 2414 1155 ira,
2440 1099 2496 1144 et
2519 1091 2664 1154 odio,
2693 1099 2750 1146 et
2773 1091 2922 1146 omni
2953 1089 3096 1145 mala
3123 1088 3402 1144 voluntate
3699 1085 3775 1140 lib.

2015 1195 2100 1235 or.
2203 1183 2286 1236 Ab
2317 1182 2528 1237 insidiis
2553 1181 2752 1237 diaboli
3699 1175 3778 1230 lib.

2015 1267 2102 1324 or.
2203 1273 2286 1327 Ab
2317 1272 2529 1326 insidiis
2556 1271 2837 1326 hominum
3697 1264 3776 1319 lib.

2013 1377 2098 1416 or.
2203 1361 2249 1415 A
2289 1370 2518 1416 ventura
2551 1361 2632 1415 ira
3697 1354 3775 1410 lib.

2017 1467 2100 1507 or.
2203 1455 2246 1509 A
2279 1454 2460 1525 gladio
2492 1454 2727 1525 maligno
3694 1447 3775 1502 lib.

2016 1557 2099 1598 or.
2133 1599 2175 1618 n
2204 1546 2250 1600 Α
2281 1535 2440 1617 gente
2470 1561 2682 1618 pagana
3697 1538 3777 1594 lib.

2011 1649 2096 1690 or.
2133 1599 2176 1659 Β
2203 1599 2249 1692 Κ
2279 1599 2786 1708 gensgens...
3695 1629 3776 1685 lib.

2014 1743 2100 1782 or.
2201 1729 2244 1782 A
2279 1737 2433 1800 peste
2459 1738 2514 1783 et
2549 1727 2704 1784 clade
3699 1719 3777 1774 lib.

2014 1832 2100 1872 or.
2201 1822 2250 1877 A
2278 1821 2488 1892 fulgure
2514 1829 2570 1877 et
2593 1828 2919 1892 tempestate
3694 1813 3776 1867 lib.

2015 1921 2100 1962 or.
2203 1913 2250 1967 A
2281 1911 2588 1978 subitanea,
2616 1921 2670 1968 et
2703 1921 2908 1968 aeterna
2932 1920 3108 1968 morte
3695 1903 3776 1958 lib-

2014 2013 2100 2054 or.
2203 2003 2249 2058 Α
2277 2003 2522 2059 caecitate
2553 2002 2734 2059 cordis
3695 1993 3774 2048 lib.

2015 2105 2101 2146 or.
2204 2092 2250 2148 A
2277 2101 2450 2165 peste,
2482 2101 2539 2148 et
2564 2092 2726 2156 fame,
2758 2101 2814 2150 et
2836 2092 3016 2164 gladio
3696 2083 3774 2137 lib-

2015 2197 2100 2238 ον.
2203 2185 2249 2241 Α
2273 2183 2590 2239 carnalibus
2619 2182 2906 2238 desideriis
3695 2173 3775 2229 lib-

2012 2288 2096 2327 or.
2202 2274 2286 2328 Ab
2308 2273 2456 2329 omni
2487 2272 2836 2328 immunditia
2867 2273 3065 2329 mentis
3086 2279 3142 2328 et
3164 2271 3409 2342 corporis
3431 2267 3555 2341 (bis)
3693 2265 3773 2320 iib.

2013 2377 2098 2418 or‘.
2203 2365 2287 2423 Ab
2312 2365 2607 2421 immundis
2631 2365 3056 2436 cogitationibus
3711 2358 3772 2415 ib.

2015 2471 2098 2509 or.
2203 2457 2286 2511 Ab
2313 2457 2562 2512 hostibus
2591 2456 2898 2514 visibilibus
2933 2465 2990 2512 et
3017 2455 3356 2511 invisibilibu
3689 2448 3772 2505 lib.

2011 2559 2093 2600 or.
2204 2548 2246 2600 A
2279 2547 2443 2602 variis
2472 2547 2822 2616 languoribus
3691 2542 3773 2597 lib.

2015 2651 2099 2691 or.
2204 2643 2246 2694 A
2286 2639 2462 2709 poenis
2487 2638 2688 2694 inferni
3687 2635 3772 2690 lib.

2013 2743 2097 2782 or.
2205 2730 2249 2782 A
2275 2736 2544 2798 potestate
2582 2727 2782 2782 diaboli
3692 2725 3770 2780 lib.

2015 2832 2099 2872 or.
2203 2817 2249 2871 A
2281 2818 2732 2873 delectationibus
2770 2817 2970 2874 carnis.
3688 2814 3770 2868 lib.

2013 2929 2096 2968 or.
2137 2969 2172 2978 _
2205 2907 2249 2962 A
2277 2909 2470 2978 spiritu
2496 2908 2758 2974 libidinis,
2786 2918 2841 2965 et
2871 2909 3230 2965 immunditiis
3688 2905 3770 2959 lib.

2013 3020 2098 3060 or.
2127 2969 2174 3031 Ο
2207 2999 2250 3052 Α
2275 2997 2552 3053 dominatu
2576 2997 2820 3054 omnium
2843 2997 3102 3053 vitiorum
3682 2994 3767 3047 lib.

2017 3111 2099 3149 or.
2206 3087 2251 3142 A
2283 3089 2568 3158 repentina
2597 3098 2772 3144 morte
3685 3086 3769 3140 lib.

2010 3199 2098 3238 or.
2203 3180 2250 3233 A
2288 3180 2466 3248 pinnis
2488 3179 2685 3235 inferni
2709 3180 2833 3252 (bis)
3683 3176 3766 3230 lib.

2012 3291 2096 3331 or.
2202 3267 2285 3323 Ab
2317 3269 2569 3325 omnibus
2593 3270 2815 3326 mternis
2837 3269 3117 3342 suppliciis
3682 3264 3765 3319 lib.

2009 3381 2092 3420 or.
2200 3362 2247 3416 A
2269 3363 2434 3417 nimia
2465 3363 2647 3433 pluvia
3321 3415 3327 3420 ,
3681 3358 3763 3412 lib.

2010 3474 2094 3526 or.
2201 3453 2308 3508 Per
2335 3455 2652 3526 mysterium
2681 3454 2740 3510 S.
2771 3453 3163 3510 incarnationis
3191 3463 3296 3510 tua:
3683 3448 3764 3509 lib.

2007 3563 2093 3605 or.
2200 3545 2306 3601 Per
2335 3547 2625 3601 adventum
2649 3556 2803 3601 tuum
3679 3541 3761 3595 lib.

2008 3656 2092 3696 or.
2199 3637 2303 3693 Per
2331 3637 2678 3692 nativitatem
2707 3645 2856 3692 tuam
3681 3633 3763 3686 lib.

2007 3747 2088 3788 or.
2203 3728 2307 3784 Per
2333 3727 2663 3798 baptismum
2692 3737 2845 3784 tuum
3681 3725 3760 3780 lib.

2008 3841 2091 3882 or.
2200 3817 2595 3889 Perjejunium
2624 3829 2873 3876 sanctum
2901 3829 3120 3877 tuum.
3680 3815 3761 3872 lib.

2009 3931 2091 3970 or.
2202 3909 2307 3965 Per
2337 3911 2647 3980 passionem
2691 3921 2835 3967 tuam
3677 3905 3759 3961 lib.

2006 4003 2092 4061 or.
2200 3999 2305 4056 Per
2327 4010 2572 4057 sanctam
2610 4017 2828 4058 erucem
2861 4011 3010 4058 tuam
3675 3996 3758 4052 lib.

2007 4113 2091 4154 or.
2196 4089 2302 4146 Per
2330 4101 2574 4148 sanctam
2617 4095 3070 4150 resurrectionem
3108 4103 3252 4150 tuam
3675 4089 3755 4142 lib-

2009 4183 2093 4245 or‘,
2197 4179 2302 4236 Per
2328 4182 2702 4239 admirabilem
2734 4186 3107 4240 ascensionem
3134 4194 3284 4240 tuam
3674 4178 3753 4232 libo

2005 4296 2092 4336 or,
2126 4341 2154 4344 _
2201 4269 2308 4326 Per
2338 4272 2571 4342 gratiam
2602 4273 2839 4344 Spiritus
2869 4272 2926 4330 S;
2960 4273 3216 4344 paracleti
3671 4266 3750 4320 lib.

2003 4387 2090 4429 ον,
2121 4341 2172 4400 D
2198 4361 2253 4416 ιιι
2285 4341 2371 4416 die
2385 4363 2574 4434 judicii
2642 4341 2659 4344 ⁷
2960 4341 2976 4344 “
3669 4361 3750 4415 lib.

2000 4481 2086 4523 οιι,
2193 4453 2251 4513 1η
2283 4457 2518 4512 adventu
2552 4468 2643 4514 tuo
2675 4461 2914 4516 secundo
3671 4451 3748 4505 lib.

2003 4572 2085 4612 or.
2195 4546 2505 4607 Peccatoris
3111 4560 3163 4607 te
3193 4565 3466 4622 rogamus,
3497 4547 3617 4604 audi
3649 4558 3746 4598 nos.

2003 4667 2084 4705 or.
2199 4639 2268 4700 Ut
2303 4656 2501 4711 pareas
2543 4642 2702 4699 nobis
3578 4651 3626 4695 ιε
3651 4651 3743 4706 reg.

2003 4759 2086 4797 or.
2198 4742 2268 4798 Ut
2289 4760 2476 4816 pacem
2505 4746 2660 4800 nobis
2693 4747 2858 4802 dones
3570 4753 3617 4799 ιε
3650 4755 3743 4808 τος·

2001 4849 2081 4888 οΓο
2201 4846 2272 4902 Ut
2295 4849 2586 4904 sanitatem
2613 4850 2769 4905 nobis
2799 4852 2969 4905 dones
3574 4855 3620 4902 te
3649 4855 3744 4910 1⁵08·

1999 4940 2081 4981 ον·
2199 4946 2268 5002 Ut
2293 4949 2580 5004 ecclesiam
2613 4961 2758 5004 tuam
2787 4965 2998 5019 regere,
3040 4960 3092 5006 et
3118 4950 3403 5006 defensare
3427 4951 3498 5006 di-

1998 5030 2079 5072 θν·
2266 5039 2447 5107 gneris
3568 5053 3617 5098 te
3649 5056 3743 5110 mg.

1998 5122 2078 5161 ⁰¹’⁶
2196 5138 2266 5192 Ut
2303 5155 2424 5194 eam
2452 5154 2666 5208 semper
2696 5141 2937 5196 exaltare
2963 5141 3200 5211 digneris
3574 5149 3624 5194 te
3646 5152 3738 5205 rus.

2194 5237 2261 5293 Ut
2295 5238 2551 5296 domuum
2593 5243 2949 5312 apostolicum
2993 5254 3049 5299 et
3076 5258 3264 5298 omnes
3287 5243 3488 5313 gradus

1325 147 1616 205 APPEND.
1659 149 1749 205 AD
1781 146 1953 205 SAEC.
1997 148 2065 204 Χ.
2097 176 2168 192 -—-
2197 149 2633 208 MONUMENTA
2674 152 2949 210 LlTURG.
3681 157 3771 212 896

2133 268 2179 326 Α
2208 260 2480 331 Propitius
2507 273 2624 319 esto
3166 280 3328 334 parce
3356 265 3517 321 nobis
3546 265 3769 324 Domine.

3215 354 3385 411 libera
3416 371 3520 412 nos
3546 355 3770 414 Domine.
