3924 6318
78 343 175 404 891
508 320 510 322 ’
1103 339 1403 402 unum
1441 346 1529 403 ET
1564 346 1634 403 or

1768 346 1952 404 IONES
1989 349 2082 404 AN
2088 347 2344 416 TIQUIE.

139 471 326 514 veram
351 457 722 526 concordiam,
754 467 918 530 atque
941 458 1230 516 victoriam.
1265 461 1365 518 do-
1673 446 1724 504 Α
1755 461 1822 517 Ut
1847 463 2182 533 regularibus
2204 463 2503 535 disciplinis
2529 480 2626 522 nos
2657 474 2926 526 instruere
2955 467 3039 527 o't-
3325 479 3334 491 ’

140 561 272 600 nare
298 546 536 618 digneris
1452 559 1505 606 te
1533 567 1648 623 rog.
1820 556 2002 626 gneris
2521 585 2524 588 η
2886 580 2887 583 ‘
3128 573 3182 621 te
3208 583 3322 639 rog.

75 634 139 691 Ut
172 639 478 708 episcopos,
509 648 564 694 et
588 639 812 695 abbates
837 647 1072 716 nostros,
1105 649 1161 697 et
1191 657 1384 697 omnes
1750 644 1821 701 Ut
1845 646 2030 701 oculos
2055 643 2440 716 misericordiae
2476 655 2582 704 tuae
2617 662 2781 711 super
2818 667 2918 708 nos
2957 669 3041 710 re-
3274 634 3296 639 ⁷
3327 663 3335 672 ‘

137 729 590 801 congregationes
612 729 717 786 illis
749 712 1066 788 commissas
1098 732 1150 786 in
1172 743 1362 788 sancta
1820 734 2018 789 ducere
2044 736 2286 806 digneris
3125 754 3178 802 te
3206 763 3321 820 rog.

133 821 394 890 religione
433 834 758 877 conservare
791 822 1029 893 digneris
1439 833 1490 878 te
1514 839 1641 895 rog.
1751 823 1820 878 Ut
1847 824 2002 882 nobis
2040 835 2286 881 sanctum
2319 827 2568 900 angelum
2613 837 2764 886 tuum
2793 846 2824 887 a
2869 833 3040 890 tutela

68 908 134 964 Ut
163 909 635 980 congregationem
663 918 903 965 nostram
933 910 986 966 in
1026 919 1214 967 sancta
1240 911 1366 967 reli-
1820 914 2034 969 mittere
2069 916 2312 984 digneris,
2357 934 2359 936 ·
2532 935 2534 938 '
2773 929 2776 934 '
3128 934 3179 982 te
3206 944 3324 999 mg.

130 1000 292 1069 gione
320 1014 644 1055 conservare
673 1001 909 1071 digneris
1445 1011 1496 1056 te
1528 1019 1644 1074 rog.
1749 1000 1819 1056 Ut
1849 1005 2061 1057 veniam
2078 1004 2144 1061 de
2161 1007 2401 1077 peccatis
2421 1009 2620 1066 nostris
2643 1012 2901 1084 consequi
2921 1029 3034 1071 me-

67 1090 129 1145 Ut
161 1100 413 1146 cunctum
450 1091 703 1161 populum
733 1091 1122 1159 Christianum,
1177 1107 1364 1162 pacem
1820 1107 2038 1148 reamur
3119 1118 3172 1164 te
3203 1124 3323 1180 mg,

132 1190 190 1235 et
212 1180 502 1246 unitatem,
532 1180 736 1235 donare
766 1181 1004 1252 digneris
1447 1192 1497 1238 te
1529 1195 1646 1250 rog.
1751 1185 1821 1241 Ut
1852 1186 2102 1244 inimicos
2133 1200 2334 1246 sancta
2357 1192 2455 1248 Dei
2483 1195 2733 1253 Ecclesiae
2757 1198 3043 1257 humiliare
3329 1210 3335 1216 '

65 1270 131 1326 Ut
154 1271 626 1342 congregationem
648 1271 886 1325 omnium
909 1282 1219 1326 sanctorum
1241 1281 1361 1326 tuo-
1818 1279 2056 1348 digneris
3117 1307 3168 1351 ιε
3203 1312 3322 1369 τος,

132 1376 254 1414 rum
293 1361 344 1414 in
379 1368 468 1417 tuo
505 1369 692 1417 sancto
732 1361 952 1418 servitio
1013 1371 1342 1444 censervare
1749 1366 1820 1457 Ut
1850 1380 2060 1438 gentem
2095 1387 2358 1444 paganum
2392 1376 2739 1450 confringere
2776 1382 3014 1454 digneris
3121 1392 3176 1442 te
3205 1361 3331 1457 rog.

129 1452 377 1522 digneris
1437 1462 1489 1509 te
1521 1469 1638 1526 rog.
1748 1456 1818 1512 Ut
1849 1475 1946 1513 nos
1975 1459 2203 1517 famulos
2226 1471 2347 1520 tuos
2387 1467 2438 1521 in
2468 1477 2560 1523 tuo
2591 1479 2779 1526 sancto
2815 1452 3036 1529 servitio
3272 1452 3297 1457 ‘
3329 1484 3334 1494 '

62 1543 126 1600 Ut
153 1545 623 1615 compunctionem
651 1545 851 1611 cordis,
881 1554 934 1601 et
957 1543 1158 1601 fontem
1183 1545 1356 1617 lacry-
1816 1552 2090 1608 custodire
2116 1566 2169 1609 et
2200 1555 2512 1614 confortare
2538 1561 2775 1628 digneris
3114 1576 3166 1622 te
3202 1577 3336 1638 rog.‘

125 1649 340 1688 marum
379 1634 535 1688 nobis
591 1635 757 1690 dones
1443 1644 1496 1690 te
1525 1650 1642 1706 rog.
1748 1638 1819 1694 Ut
1873 1652 2098 1698 cunctos
2151 1646 2402 1704 inimicos
2428 1659 2484 1704 et
2530 1653 2872 1710 adversarios
2937 1671 3036 1712 no-
3147 1680 3150 1682 ν
3270 1634 3334 1676 -·

61 1723 130 1778 [It
153 1734 391 1794 tempora
418 1725 700 1794 tranquilla
731 1725 885 1813 nobis
907 1724 1075 1782 dones
1441 1735 1491 1780 te
1522 1741 1639 1795 rog.
1675 1799 1720 1821 Ὦ
1821 1740 1966 1786 stros
1995 1735 2279 1792 humiliare
2311 1739 2550 1810 digneris
3113 1759 3166 1806 te
3209 1757 3335 1821 rog.‘

63 1816 132 1871 Ut
161 1817 590 1871 emendationem
620 1816 776 1871 nobis
799 1809 973 1872 dones
1226 1860 1228 1862 τ
1437 1826 1490 1872 te
1525 1833 1643 1888 rog.
1675 1799 1722 1860 Β
1754 1820 1824 1876 Ut
1845 1832 2070 1879 cunctos
2109 1825 2294 1882 ﬁdeles
2323 1799 2528 1887 amicos
2575 1845 2790 1894 nostros
2829 1839 3041 1896 salvare
3272 1799 3331 1856 ο·

67 1905 132 1959 Ut
156 1906 624 1975 compunctionem
653 1906 832 1961 cordis
857 1915 911 1961 et
934 1904 1179 1978 corporis
1205 1901 1360 1963 nobis
1818 1915 2059 1986 digneris
2900 1979 2904 1983 .
3133 1942 3185 1988 te
3211 1939 3333 2004 rog.‘

130 1993 301 2049 dones
906 2046 908 2048 ,
1431 2007 1481 2052 te
1528 2013 1644 2069 rog.
1748 2003 1817 2059 Ut
1847 2017 2067 2063 cunctos
2093 2009 2290 2077 gradus
2327 2011 2678 2069 ecclesiastici
2727 2015 2934 2071 ordinis
2979 2017 3033 2072 in
3273 1993 3334 2034 ν’

69 2082 131 2180 Ut
156 2084 304 2180 aeris
330 2085 646 2154 temperiem
666 2084 827 2180 nobis
856 2085 1025 2140 dones
1296 2175 1329 2180 μ
1445 2095 1498 2142 te
1529 2103 1640 2158 1‘03.
1815 2109 2000 2153 sancta
2036 2099 2292 2171 religione
2318 2118 2640 2160 conservare
2668 2107 2907 2178 digneris
3105 2119 3156 2164 te
3201 2123 3318 2180 rog.

64 2172 130 2227 Ut
157 2171 390 2226 fructum
435 2182 592 2228 terra:
646 2175 776 2230 dare
804 2183 857 2229 el
894 2190 1224 2231 conservare
1279 2175 1359 2232 ἀῖ-
1635 2221 1638 2224 ~
1747 2188 1817 2245 Ut
1848 2187 2111 2246 fratribus
2141 2193 2358 2256 nostris,
2415 2203 2470 2248 et
2513 2171 2764 2252 omnibus
2787 2198 3036 2254 ﬁdelibus

129 2263 310 2358 gneris
401 2351 412 2358 ι
863 2355 875 2358 _
903 2354 915 2358 _
1042 2355 1073 2358 η
1437 2273 1489 2319 ιθ
1521 2280 1644 2336 1‘03-
1817 2281 2048 2337 inﬁrmis
2077 2282 2306 2339 salutem
2337 2287 2536 2342 mentis
2563 2296 2618 2342 et
2654 2289 2900 2358 cbrporls
2939 2303 3037 2345 ‘re-

65 2349 133 2406 Ut
169 2350 370 2406 fontem
398 2351 760 2423 lacrymarum
791 2354 949 2445 nobis
989 2355 1196 2412 tribuas
1437 2367 1490 2411 te
1523 2373 1638 2428 rog.
1813 2375 2008 2431 sumas
2751 2349 2769 2358 ’
2940 2393 2943 2396 ·
3126 2389 3178 2437 ιθ
3205 2397 3320 2451 mg.

68 2442 131 2540 Ut
152 2443 398 2513 spiritum
424 2447 757 2540 paenitentia:
787 2442 944 2502 nubis
970 2448 1200 2503 tribuas.
1431 2458 1483 2505 te
1522 2466 1638 2519 rog.
1746 2467 1818 2539 ω
1855 2469 1907 2523 in
1937 2470 2080 2524 viam
2112 2471 2283 2540 pacis,
2317 2480 2373 2526 ει
2410 2472 2696 2528 Charilaus
2725 2487 2823 2527 nos
2865 2472 3005 2529 diri-

67 2533 132 2590 Ut
163 2550 346 2590 veram
375 2536 749 2607 paenitentiam
778 2539 937 2596 nobis
965 2541 1261 2598 concedere
1304 2551 1360 2596 et
1813 2533 1913 2628 gas
2114 2533 2131 2540 I
2269 2533 2279 2537 ⁷
2835 2617 2842 2624 ,
3125 2569 3180 2618 te
3205 2575 3330 2632 roga

127 2642 386 2698 ρθτλεθτθ
424 2631 662 2700 ἀίειιετίε
1431 2643 1484 2690 ιθ
1521 2650 1641 2706 τοεο
1745 2648 1818 2706 Ut
1856 2649 2113 2706 fratribus
2145 2653 2448 2718 nostris,et
2474 2651 2724 2707 omnibus
2764 2650 3013 2718 ﬁdelibus
3282 2631 3285 2632 ν
3328 2679 3332 2682 ·

65 2715 132 2772 Ut
180 2718 566 2787 indulgentiam
597 2729 649 2775 et
682 2721 1055 2778 remissionem
1119 2723 1358 2778 omnium
1815 2715 2365 2812 defunctis'requiem
2400 2750 2661 2797 mel-nam
2699 2715 2904 2797 άοηείτθ
2947 2741 3030 2797 (ῃ-

130 2818 477 2906 peccatorum
506 2821 812 2906 nostrorum
839 2815 992 2870 nobis
1017 2815 1190 2873 dones
1424 2826 1478 2872 te
1522 2831 1644 2886 rog.
1817 2832 1999 2902 sueris
3110 2842 3165 2890 te
3195 2849 3334 2906 reg.-

69 2890 131 2953 Ut
163 2899 394 2968 gratiam
445 2901 614 2955 sancti
663 2901 895 2970 Spiritus
941 2903 1195 2959 cordibus
1255 2919 1357 2959 no-

133 2990 257 3043 stris
282 2988 577 3045 clementer
615 2991 899 3050 infundere
927 2995 1166 3066 digneris
1437 3005 1488 3052 te
1517 3012 1636 3067 rog.

67 3075 134 3131 Ut
169 3076 348 3145 ﬁdem,
379 3095 529 3150 spem
553 3089 607 3136 et
627 3083 944 3138 charitatem
977 3087 1132 3142 nobis
1163 3086 1330 3144 dones
1405 3144 1407 3147 ,
1441 3098 1493 3142 te
1522 3103 1637 3160 rog.

68 3167 130 3221 Ut
165 3169 320 3224 ﬁdem
357 3181 558 3226 rectam
584 3174 739 3229 nobis
769 3175 938 3231 dones
1427 3189 1479 3236 te
1518 3195 1635 3250 rog.

67 3256 139 3310 Ut
159 3261 380 3329 gratiam
415 3271 557 3316 tuam
579 3262 738 3318 nobis
777 3265 946 3322 dones
1451 3281 1502 3326 te
1524 3287 1639 3343 mg.

67 3348 140 3402 [It
165 3351 228 3405 ad
261 3353 457 3423 gaudia
481 3363 682 3410 mterna
715 3371 814 3412 nos
841 3358 1136 3427 perducere
1175 3361 1360 3434 digne-

139 3441 210 3495 ris
1447 3464 1498 3512 te
1524 3451 1636 3528 rog.

65 3529 141 3586 Ut
164 3535 530 3595 misericordia
557 3550 611 3596 et
637 3541 812 3614 pietas
879 3551 970 3598 tua
1022 3559 1121 3601 nos
1170 3555 1354 3602 custo-

139 3622 245 3679 diat

62 3712 144 3772 Ut
171 3717 256 3774 hic
285 3729 336 3777 et
359 3720 412 3776 in
463 3731 780 3794 perpetuum
810 3738 909 3781 nos
947 3725 1222 3783 custodire
1274 3728 1359 3784 di-

139 3817 314 3884 gneris

63 3905 140 3959 Ut
167 3908 277 3964 dies
304 3916 358 3963 et
386 3917 538 3965 actus
569 3919 783 3966 nostros
811 3911 864 3966 in
889 3921 975 3967 tua
1021 3927 1152 3984 pace
1174 3912 1357 3984 dispo-

143 4014 237 4053 nas
1444 4014 1498 4061 te
1521 4022 1638 4062 r02.

143 4024 237 4053 nats
1444 4024 1498 4061 le
1521 4024 1581 4062 1⁸0

64 4089 488 4163 Ut‘obsequium
514 4103 714 4150 nostra:
733 4095 1014 4153 servitutis
1037 4098 1361 4155 rationabile
1584 4024 1616 4080 g

1441 3648 1491 3692 te
1522 3654 1636 3711 rog.

140 4160 302 4218 facias
321 4160 334 4163 ’
1443 4178 1494 4226 te
1521 4186 1640 4242 rog.

62 4249 142 4303 Ut
164 4251 324 4306 vitam
353 4261 611 4308 aeternam
641 4255 798 4311 nobis
825 4256 999 4313 dones
1445 4270 1497 4315 te
1525 4275 1639 4332 rog.

62 4339 141 4393 llt
166 4344 374 4399 animas
391 4354 604 4400 nostras
637 4354 693 4400 et
723 4356 1006 4416 parentum
1047 4357 1356 4405 nostrorum
1623 4421 1625 4424 g

137 4432 203 4487 ab
231 4443 433 4488 aeterna
460 4435 806 4492 damnatione
829 4439 1029 4509 eripias
1445 4449 1498 4494 te
1521 4455 1638 4512 rog.

61 4522 140 4578 L‘t
172 4536 420 4585 errantes
439 4529 507 4584 ad
529 4529 671 4584 viam
700 4545 852 4586 suam
895 4531 1121 4586 reducas
1445 4540 1496 4587 te
1527 4547 1640 4602 rog.

1430 3830 1483 3876 te
1525 3837 1642 3894 rog.

1749 2921 1817 2978 Ut
1852 2932 2062 2994 gentes,
2093 2937 2214 2992 quae
2252 2923 2305 2978 in
2344 2937 2441 2978 sua
2491 2923 2714 2979 feritate
2743 2922 3041 2990 conﬁdunt,

1815 3016 2040 3071 dextera
2075 3024 2163 3070 tua
2191 3022 2547 3072 conterantur
3084 3037 3086 3039 ’
3119 3023 3171 3071 te
3204 3031 3318 3087 rog.

1667 3139 1714 3202 Ο
1747 3105 1820 3161 Ut
1845 3107 2118 3162 civitatem
2142 3106 2301 3161 istam
2322 3116 2626 3176 protegere,
2655 3113 2816 3176 atque
2855 3104 3039 3161 defen-

1815 3199 1944 3254 dere
1973 3197 2212 3269 digneris
3130 3206 3182 3252 te
3205 3212 3322 3268 rog.

1746 3290 1817 3346 Ut
1837 3301 2061 3348 cunctos
2085 3291 2270 3348 ﬁdeles
2297 3301 2418 3348 tuos
2431 3290 2738 3347 habitantes
2760 3291 2812 3346 in
2829 3305 2892 3347 ea
2906 3306 3034 3347 con-

1813 3398 2033 3438 servare
2072 3383 2310 3454 digneris
2841 3408 2844 3412 ι
3122 3390 3175 3438 te
3200 3398 3316 3454 rog.

1741 3471 1814 3528 Ut
1842 3473 2001 3528 hodie
2027 3473 2144 3528 sine
2167 3481 2390 3544 peccato
2411 3489 2509 3530 nos
2535 3473 2811 3530 custodias
3127 3481 3177 3528 te
3206 3489 3323 3544 rog.

1741 3560 1815 3616 Ut
1841 3578 1939 3617 nos
1961 3563 2220 3618 exaudire
2255 3563 2490 3633 digneris
3099 3571 3165 3618 te
3202 3578 3322 3632 rog.

1748 3651 1816 3706 Ut
1845 3652 2000 3706 nobis
2031 3653 2277 3708 misereri
2305 3655 2544 3724 digneris
3118 3669 3170 3711 te
3207 3669 3326 3723 ros.

1742 3743 1840 3798 Fili
1873 3744 1992 3807 Dei,
2034 3754 2084 3798 te
2111 3761 2226 3815 rog.
2272 3745 2393 3800 audi
2426 3762 2545 3802 nos.

1742 3833 1936 3889 Pastor
1980 3836 2138 3900 bone,
2176 3844 2226 3889 te.
2253 3851 2366 3906 rog.
2401 3837 2526 3892 audi
2559 3853 2677 3912 nos.

1744 3926 2072 3997 Redemptor
2098 3928 2304 3992 mundi,
2333 3936 2385 3982 te
2431 3943 2548 3999 rog.
2595 3929 2717 3984 audi
2741 3945 2858 3984 nos.

1745 4017 1994 4074 Salvator
2032 4017 2240 4080 mundi,
2276 4027 2327 4072 te
2357 4033 2470 4089 rog.
2497 4019 2620 4073 audi
2648 4034 2766 4074 nos.

1743 4108 2010 4164 Mediator
2033 4109 2129 4164 Dei
2163 4117 2218 4165 et
2246 4109 2550 4174 hominum,
2576 4117 2628 4166 te
2651 4125 2766 4182 rog.
2797 4111 2918 4166 audi
2949 4125 3068 4166 nos.

1743 4200 1929 4271 Agnus
1957 4199 2050 4256 Dei
2081 4200 2174 4270 qui
2231 4199 2376 4255 tollis
2414 4209 2636 4272 peccata
2692 4201 2900 4267 mundi,
2929 4214 3091 4271 parce
3138 4201 3316 4267 nobis,

1816 4291 2060 4345 Domine.
3100 4310 3103 4313 -

1749 4383 1934 4454 Agnus
1964 4383 2056 4438 Dei
2086 4383 2175 4453 qui
2223 4383 2362 4440 tollis
2414 4393 2638 4455 peccata
2684 4384 2892 4453 mundi,
2949 4384 3144 4440 exaudi
3205 4398 3328 4450 nos,

1815 4473 2060 4528 Domine.
2695 4494 2699 4498 '

1751 4563 1940 4632 Agnus
1963 4564 2058 4619 Dei
2099 4565 2189 4635 qui
2223 4565 2365 4622 tollis
2401 4577 2624 4637 peccata
2665 4568 2872 4634 mundi,
2926 4568 3184 4623 miserere
3231 4580 3332 4621 no-

1819 4655 1924 4711 bis.

69 4867 3329 4896 mm

1005 5040 1530 5130 LITANIIE
1603 5039 2341 5130 BYZUNTINJE

775 5229 951 5303 (Apud
977 5230 1190 5298 Dunod,
1226 5229 1459 5287 Histoire
1490 5232 1554 5285 de
1575 5229 1790 5303 l‘Eglise
1817 5230 1882 5284 de
1912 5229 2206 5296 Besancon,
2233 5239 2364 5285 tom.
2391 5229 2430 5298 l,
2459 5232 2718 5304 preures.)

1467 5390 1862 5409 ﬁ

79 5527 231 5606 Kyrie
260 5537 494 5611 eleyson.
550 5535 766 5598 Christe
795 5539 1031 5614 elcyson.

76 5624 281 5686 Christe
311 5631 433 5686 andi
459 5646 577 5688 nos.

73 5708 230 5778 Pater
259 5723 322 5778 de
351 5722 503 5780 caelis
534 5724 695 5792 Deus,
783 5731 786 5734 ’

1739 5633 1988 5702 Spiritus
2013 5643 2200 5688 sancte
2222 5631 2380 5696 Deus,

1176 5723 1428 5781 Miserere
1471 5727 1643 5783 nobis.

2865 5533 3124 5593 miserere
3156 5527 3336 5589 nobis.

2825 5611 2833 5618 ’
2877 5627 3134 5682 miserere
3158 5625 3332 5694 nobis.

2870 5719 3129 5775 miserere
3155 5716 3335 5778 nobis.

1753 5535 1850 5598 Fili
1883 5530 2210 5613 Redemptor
2231 5505 2416 5597 mundi
2438 5541 2601 5608 Deus,

1756 5725 1955 5782 Sancta
1983 5726 2220 5781 Trinitas
2243 5739 2380 5781 unus
2410 5724 2569 5790 Deus,
