3924 6318
600 329 707 392 ωδ

1433 313 1726 386 ἈΡΡΕΝι).
1767 329 1858 384 sn
1897 327 2068 384 suac.
2114 330 2182 384 x.

2325 326 2662 385 MONUMEN
2671 326 2758 381 TA
2797 323 3053 382 LITURG
3685 328 3760 382 θοι

607 455 3746 480 W

1588 593 2272 736 ORATIO-NES
2344 592 2916 686 OUJEDAM.

1523 809 1698 879 tApud
1721 801 1967 873 Bandtm,
1999 797 2239 876 Catalog.
2265 804 2388 861 bibi.
2416 807 2606 874 Laur.,
2633 823 2756 880 pag.
2784 809 2941 878 185.)

619 1138 725 1194 Vill
783 1120 914 1193 list.
965 1137 1252 1194 Ocroetus.
1321 1135 1424 1189 Pro
1468 1133 1799 1188 conceatibne
1850 1133 1908 1188 S.
1959 1133 2183 1189 Joannis
2214 1116 2266 1177 Α

1263 1205 1537 1274 Baptista’.

691 1301 896 1353 Oratio.
935 1307 1289 1368 Umntpotens
1333 1297 1662 1365 sempiterne
1689 1295 1865 1362 Deus,
1901 1297 1990 1366 qui
2038 1298 2189 1352 insti-

618 1399 732 1443 tuta
761 1387 951 1457 legalia
983 1398 1038 1444 et
1063 1398 1370 1442 sanctorum
1415 1386 1683 1456 praeconia
1723 1388 2106 1456 prophetarum
2135 1389 2189 1442 in

618 1481 807 1535 diebus
832 1481 1198 1549 conceptionis
1228 1480 1369 1551 beati
1398 1479 1652 1548 Baptistae
1680 1479 1899 1534 Joannis
1925 1479 2188 1548 implesti,

617 1579 812 1640 praesta
834 1608 848 1636 ,
879 1586 1212 1640 quaesumus,
1263 1579 1324 1623 ut
1369 1568 1707 1623 cessantibus
1735 1569 2190 1638 signiﬁcationum

621 1659 843 1724 ﬁguris,
893 1659 1008 1728 ipsa
1060 1658 1142 1712 sui
1191 1657 1628 1713 manifestatione
1656 1657 1857 1712 veritas
1891 1656 2191 1728 eloquatur.

621 1748 747 1814 Per,
781 1759 880 1803 etc.

698 1839 848 1894 Secr.
893 1840 966 1893 Da
999 1855 1341 1909 quaesumus,
1391 1839 1700 1894 misericors
1747 1840 1920 1905 Deus,
1968 1851 2029 1894 ut
2079 1855 2195 1912 my-

619 1929 771 1983 sticis
798 1929 1050 1984 Ecclesia:
1086 1940 1189 1983 tuae
1212 1929 1352 1983 beati
1389 1929 1643 1998 Baptista:
1670 1927 1890 1984 Joannis
1920 1932 2157 1986 exordiis
2176 1973 2192 1998 ,

621 2027 675 2071 et
701 2018 870 2072 sacris
899 2017 1108 2070 erudita
1145 2017 1428 2085 praeconiis
1468 2017 1532 2070 ad
1578 2019 1712 2070 iram
1751 2019 1962 2072 venturi
2002 2018 2194 2086 judicii

623 2107 998 2162 declinandam
1029 2107 1218 2174 dignos
1241 2107 1429 2162 salutis
1455 2106 1662 2163 fructus
1685 2107 1887 2178 jugiter
1922 2120 2194 2179 operetur.

624 2197 745 2262 Per,
781 2207 880 2251 etc.
1367 2277 1370 2281 ‘

695 2287 778 2338 Ad
824 2302 1010 2339 comm.
1050 2284 1314 2351 Benedic,
1365 2287 1622 2353 Domine,
1669 2288 1879 2356 plebem
1929 2298 2109 2356 tuam,
2145 2300 2201 2347 et

622 2376 765 2430 beati
801 2376 1023 2430 Joannis
1052 2376 1306 2445 Baptistae
1332 2378 1804 2446 deprecationibus
1836 2381 2200 2438 conﬁdentem

621 2468 800 2522 tribue
827 2469 1082 2535 consequi
1133 2468 1435 2523 devotionis
1465 2470 1742 2525 auxilium.
1770 2471 1892 2537 Per,
1921 2484 2018 2528 etc.

722 2562 857 2616 Vlll.
899 2563 976 2616 in.
1016 2562 1304 2616 Ocroems.
1347 2561 1556 2617 Sanctte
1587 2574 1844 2631 reparata:
1869 2566 2102 2635 virginis.

694 2652 944 2707 Concede
971 2666 1300 2718 quaesumus,
1329 2650 1572 2716 Domine,
1618 2652 1862 2708 ﬁdelibus
1898 2655 2006 2709 tuis
2040 2654 2204 2725 digne

625 2750 826 2797 sancta:
877 2742 1161 2811 Reparane
1189 2741 1470 2798 celebrare
1505 2745 1797 2815 mysteria,
1835 2754 1894 2799 ut
1937 2747 2028 2814 qui
2083 2744 2201 2814 ejus

623 2831 888 2886 solemnia
934 2829 1162 2884 ﬁdeliter
1207 2841 1565 2900 exequuntur,
1617 2842 1672 2886 et
1713 2833 1800 2888 hic
1852 2835 2202 2904 experiantur

625 2919 912 2984 auxilium,
959 2927 1013 2974 et
1060 2921 1382 2976 aeternitatis
1443 2920 1722 2978 ell‘ectibus
1767 2924 2196 2993 apprehendant.

624 3009 747 3074 Per,
776 3022 872 3065 etc.

695 3099 845 3154 Secr.
888 3100 1014 3156 llaec
1063 3102 1236 3167 dona,
1266 3103 1499 3172 petimus
1544 3105 1800 3172 Domine,
1841 3105 2083 3176 placatus
2113 3108 2198 3162 in-

625 3197 814 3254 tende,
857 3200 913 3243 et
962 3199 1022 3244 ut
1058 3191 1158 3260 ipsi
1198 3193 1558 3260 acceptabiles
1611 3180 1814 3260 simus,
1876 3195 2199 3250 sacriﬁcium

625 3281 804 3334 cordis
849 3282 1210 3346 contritione,
1253 3283 1366 3337 haec
1416 3284 1588 3338 hostia
1633 3286 1899 3352 prtecibus
1943 3287 2200 3356 martyris

627 3377 730 3422 tua:
761 3367 1042 3438 charata:
1073 3372 1166 3426 tibi
1199 3371 1395 3441 placita
1434 3383 1800 3428 consecretur.
1841 3373 1960 3437 Per,
1993 3385 2092 3428 etc.

697 3457 899 3511 Comm.
942 3459 1067 3514 llaec
1099 3476 1194 3515 nos
1221 3464 1528 3534 communio
1562 3464 1750 3532 gratia:
1797 3473 1930 3530 tute,
1968 3466 2202 3534 petimus

626 3543 882 3611 Domine,
936 3547 1028 3601 tibi
1078 3548 1266 3603 reddat
1300 3560 1586 3619 acceptos,
1619 3561 1675 3607 et
1707 3552 1902 3607 divinis
1930 3556 2202 3624 mysteriis

627 3637 894 3691 instauret
923 3647 1106 3692 nostra
1130 3641 1291 3695 corda
1327 3642 1580 3711 martyris
1609 3650 1712 3696 tua:
1747 3643 2029 3714 lleparataa
2055 3660 2202 3702 com-

628 3729 946 3782 memoratio
971 3731 1293 3784 veneranda.
1320 3731 1442 3797 Per,
1468 3741 1566 3786 etc.

626 3910 1738 3940 ’Μ

2228 2460 2277 2520 Β

2396 1131 2508 1187 Vlll
2547 1133 2680 1188 KAL.
2721 1135 3046 1195 NOVEIBRIS.
3089 1140 3150 1196 S.
3194 1141 3430 1200 Miniatis
3480 1155 3705 1221 martyris.

2365 1223 2570 1278 Oratio.
2629 1224 2983 1298 Omnipotens
3033 1237 3360 1305 sempiterne
3408 1239 3568 1310 Deus,
3610 1249 3682 1315 qui
3716 1265 3779 1318 per

2291 1312 2522 1382 gloriosa
2558 1317 2694 1373 bella
2739 1323 3051 1378 certaminis
3085 1327 3153 1380 ad
3185 1328 3516 1390 immortales
3552 1312 3782 1409 triumphos

2293 1412 2561 1474 martyres
2591 1408 2827 1463 extulisti
2857 1410 3128 1468 Miniutem
3169 1426 3223 1471 et
3268 1421 3446 1476 socios
3474 1423 3604 1490 ejus,
3629 1408 3783 1483 daicor-
3878 1409 3879 1480 ἶ

2294 1492 2450 1550 dibus
2497 1499 2697 1554 nostris
2742 1502 2955 1571 dignam
3003 1520 3101 1573 pro
3129 1522 3314 1564 eorum
3357 1521 3784 1577 commemoratione
3878 1511 3879 1552 λ

2295 1586 2556 1652 laetitiam,
2583 1600 2640 1644 ut
2667 1606 2893 1659 quorum
2926 1610 3156 1668 corpora
3177 1601 3271 1676 pio
3292 1619 3477 1662 amore
3504 1609 3783 1682 celebramus,

2293 1690 2482 1736 eorum
2510 1683 2760 1750 precibus
2791 1683 3124 1752 adiuventur.
3153 1691 3273 1755 Per,
3305 1705 3407 1750 etc.

2368 1770 2516 1825 δεον.
2560 1772 2812 1828 Salutare
2836 1777 3183 1845 sacriﬁcium,
3212 1784 3459 1854 Domine,
3487 1792 3683 1860 populus
3706 1803 3788 1851 tuus

2295 1875 2510 1930 semper
2538 1863 2775 1932 exultet,
2808 1881 2914 1935 quo
2942 1877 2997 1922 et
3023 1869 3236 1928 debitus
3270 1875 3445 1932 honor
3467 1882 3622 1936 sacris
3645 1895 3788 1956 marty-

2297 1951 2445 2006 ribus
2471 1954 2777 2021 exhibetur,
2807 1966 2862 2011 et
2902 1961 3350 2023 sanctiﬁcationis
3383 1979 3486 2024 tuae
3532 1989 3695 2029 munus
3729 1951 3788 2031 δὲ.
3878 1983 3879 1990 ‘

2296 2045 2554 2114 quiritur.
2583 2046 2707 2109 Per,
2740 2059 2838 2103 etc.

2367 2138 2449 2191 Ad
2471 2152 2659 2194 comm.
2698 2140 3043 2201 Celebrantes
3063 2157 3366 2215 martyrum
3395 2161 3596 2208 tuorum
3617 2155 3789 2211 Miniatis

2299 2235 2355 2283 et
2387 2228 2654 2284 sociorum
2681 2232 2796 2301 ejus
2821 2233 3033 2290 beatam
3061 2241 3369 2308 passionem
3388 2283 3404 2308 ,
3433 2243 3648 2312 ipsorum
3669 2247 3791 2309 nobis,
3878 2257 3879 2264 ‘

2300 2333 2606 2388 qumsumus
2627 2362 2640 2386 ,
2675 2323 2804 2377 ﬁant
2831 2325 3219 2384 intercessione
3258 2333 3519 2388 salutaria
3545 2335 3593 2389 in
3618 2352 3788 2406 quorum
3878 2325 3879 2340 ¹

2306 2409 2568 2466 natalitiis
2617 2423 2742 2468 sunt
2771 2415 3110 2472 exsultanter
3140 2416 3382 2494 impleta.
3411 2424 3530 2491 Per,
3557 2437 3644 2480 etc.

2655 2527 2728 2581 In.
2753 2527 2887 2584 Nov.
2919 2529 2977 2586 S.
3005 2531 3163 2587 Britii
3183 2537 3517 2606 confessoris.

2368 2638 2700 2710 Propitiare,
2731 2644 2987 2712 Domine,
3015 2649 3210 2718 populo
3242 2659 3335 2708 tuo
3357 2693 3373 2718 ,
3403 2662 3462 2708 ut
3486 2671 3630 2725 quem
3653 2656 3696 2712 in
3723 2644 3794 2712 ire-

2299 2733 2648 2799 quentatione
2673 2733 2816 2790 beati
2847 2725 3147 2795 sacerdotis
3171 2750 3223 2794 et
3247 2743 3573 2802 confessoris
3603 2749 3664 2801 tui
3687 2749 3792 2802 Britii

2302 2821 2497 2877 tribuis
2532 2823 2814 2892 interesse,
2837 2831 3169 2897 protectione
3190 2829 3453 2904 perpetua
3477 2853 3666 2910 semper
3683 2839 3797 2893 iacias

2301 2928 2423 2969 esse
2448 2929 2714 2973 securum.
2747 2917 2874 2986 Per,
2901 2930 3000 2976 etc.

2371 3004 2516 3061 Secr.
2558 3006 2727 3064 Grata
2757 3010 2852 3065 tibi
2880 3013 2987 3067 sint
3022 3029 3336 3084 quaesumus
3366 3021 3612 3086 Domine,
3639 3036 3797 3076 munera

2301 3111 2421 3166 quae
2450 3096 2502 3150 in
2527 3099 2669 3154 beati
2697 3103 2995 3174 sacerdotis
3016 3114 3071 3160 et
3093 3108 3426 3168 confessoris
3449 3116 3521 3169 tui
3549 3115 3677 3168 Britii
3699 3129 3799 3167 com-

2301 3194 2690 3251 memoratione
2735 3197 3028 3255 deferimus
3049 3241 3064 3265 ,
3111 3203 3499 3272 obsecrantes,
3531 3215 3584 3261 ut
3609 3221 3706 3275 qua.
3736 3217 3799 3258 ore

2300 3283 2696 3350 prosequimur,
2727 3287 3104 3359 contingamus
3135 3303 3189 3347 et
3216 3305 3424 3350 mente.
3462 3296 3576 3361 Per,
3605 3307 3684 3350 etc.

2371 3373 2452 3426 Ad
2497 3390 2686 3431 comm.
2727 3377 2959 3445 Prmsta,
2991 3397 3336 3450 quaesumus,
3368 3387 3612 3451 Domine,
3641 3385 3796 3438 utbesti

2303 3463 2600 3521 sacerdotis
2641 3476 2694 3522 et
2735 3471 3060 3527 confessoris
3095 3474 3169 3528 tui
3194 3475 3382 3547 Britii},
3416 3479 3564 3548 cujus
3609 3475 3799 3532 lestivin.

2305 3562 2412 3607 tem
2449 3555 2811 3627 celebramus,
2841 3562 3091 3632 precibus
3137 3563 3529 3636 indulgentiam
3555 3568 3796 3623 sentiamus.

2303 3647 2426 3717 Per,
2456 3659 2536 3704 etc

1193 4071 2271 4192 P(ENITENTIALE
2356 4045 3333 4199 GERUNDENSE.

1511 4292 1687 4362 (Apud
1717 4294 1929 4360 Florez,
1964 4297 2182 4367 Espar'ta
2218 4296 2481 4370 Sa‘g‘rada,
2508 4308 2639 4356 tom.
2681 4299 2884 4358 XLlllJ

854 4456 1285 4530 Paenitentiam
1320 4472 1754 4534 reconciliatio
1778 4476 1976 4553 juxta
2006 4489 2326 4558 antiquam
2352 4482 2640 4545 Ecclesiae
2664 4485 3082 4550 Gerundmsis
3111 4496 3627 4557 consuetudinem.

698 4780 845 4834 Hora
890 4798 1027 4837 nona
1073 4793 1346 4841 aecantata
1372 4829 1385 4852 ,
1416 4776 1481 4842 sit
1512 4805 1777 4860 episcopus
1813 4803 2028 4846 mantus
2076 4795 2196 4849 atba
2225 4783 2268 4843 C
2300 4803 2644 4866 servaverint,
2677 4813 2725 4857 et
2752 4793 2818 4858 si.
2834 4807 2990 4860 etiam
3017 4800 3118 4878 ipsi
3146 4814 3444 4869 sacerdotes
3472 4833 3536 4870 aa
3570 4831 3654 4870 ποι
3675 4830 3725 4869 es
3745 4817 3798 4879 (ir

624 4872 757 4926 stola
777 4912 791 4937 ,
843 4889 1042 4943 cappa,
1089 4886 1137 4930 et
1187 4877 1291 4932 duo
1321 4881 1699 4948 [archidiaconi
1747 4899 1864 4935 cum
1891 4900 1950 4936 eo
1981 4885 2033 4937 in
2064 4885 2196 4940 albis

622 4963 768 5016 stolis
793 4964 903 5017 sine
926 4965 1253 5033 dalmaticis,
1285 4980 1331 5023 et
1353 4971 1704 5026 subdiaconus
1732 4982 1866 5028 unus
1895 4986 1941 5028 et
1970 4977 2197 5047 acolytlti

622 5054 726 5107 duo
754 5055 911 5108 simul
934 5057 987 5110 in
1018 5057 1150 5113 albis
1178 5069 1226 5114 et
1256 5079 1371 5115 cum
1403 5080 1555 5117 cruce
1584 5075 1630 5118 et
1660 5050 1985 5122 candelabris
2015 5086 2199 5124 accen-

621 5144 722 5206 sis,
755 5154 803 5198 et
832 5162 949 5199 cum
980 5164 1118 5217 aqua
1153 5149 1420 5205 benedicta
1449 5166 1467 5203 :
1507 5165 1555 5207 et
1585 5155 1852 5225 episcopus
1883 5157 2051 5211 veniat
2080 5176 2195 5214 cum

621 5235 727 5289 illis
756 5247 803 5291 et
832 5255 946 5293 cum
977 5243 1117 5294 omni
1145 5243 1282 5299 clero
1320 5263 1481 5316 usque
1509 5248 1578 5301 ad
1606 5259 1784 5319 portas
1815 5251 2042 5307 ecclesia:
2069 5254 2199 5307 nihil

621 5327 858 5382 dicendo.
893 5328 1140 5403 Ste’ntque
1187 5347 1468 5403 prmsentes
1516 5338 1588 5390 ibi
1628 5349 1777 5393 extra
1813 5341 1953 5412 ipsas
1996 5343 2196 5413 januas

619 5418 848 5474 ecclesize
875 5425 1174 5492 pwnilentes
1221 5429 1309 5497 qui
1370 5431 1746 5486 reconciliandi
1790 5446 1929 5488 sunt.
1982 5435 2196 5508 Simque

619 5530 734 5566 cmn
761 5515 866 5569 illis
911 5520 1205 5575 sacerdotes
1234 5537 1410 5575 eorum
1432 5564 1445 5586 ,
1490 5525 1579 5593 qui
1623 5525 1688 5579 de
1731 5530 2119 5583 conversatione
2147 5541 2195 5584 et

617 5607 973 5664 emendatione
1001 5612 1111 5666 vita
1161 5614 1390 5683 ipsorum
1433 5617 1824 5683 ptenitentium,
1871 5630 1918 5673 et
1968 5622 2010 5674 si
2043 5622 2195 5691 digne

617 5695 964 5752 menitentiam
1012 5701 1110 5755 sibi
1139 5703 1432 5774 injunctam
1456 5722 1552 5779 pro
1579 5707 1699 5762 totis
1739 5708 1930 5764 uiribus
1959 5711 2068 5765 suis
2099 5713 2189 5766 ob-

2300 4886 2413 4959 ﬁcii
2459 4893 2542 4946 sui
2591 4887 2759 4950 debito
2789 4893 3010 4976 sollicite
3050 4901 3372 4971 vigilaveririt
3417 4908 3637 4976 episcopo
3675 4917 3799 4958 me

2302 4983 2653 5038 testimonium
2722 4986 2910 5054 ferant.
2959 4969 3222 5063 .Dicatque
3290 4969 3796 5052 unus-archidiarosss

2300 5074 2502 5129 excelsa
2533 5093 2652 5131 voce
2676 5090 2821 5134 stans
2858 5092 3007 5136 extra
3025 5077 3173 5140 "ores
3219 5078 3452 5143 ecclesia:
3480 5107 3588 5143 cum
3610 5072 3795 5156 panitet-

2305 5167 2440 5220 tibus
2475 5183 2492 5219 .'

2372 5263 2573 5328 Adest,
2607 5263 2998 5323 Otvenerabilis
3026 5271 3288 5340 pontifex,
3321 5281 3527 5342 tempus
3549 5278 3791 5340 acceptum.

2304 5353 2417 5409 dles
2468 5357 2868 5426 propitiationis
2915 5361 3108 5417 divina:
3147 5373 3201 5417 et
3248 5364 3434 5422 salutis
3483 5366 3792 5428 humanaequo

2306 5457 2454 5499 mors
2481 5445 2756 5501 interitum
2783 5457 2837 5503 et
2875 5450 2984 5504 vita
3017 5459 3216 5507 aeterna
3248 5455 3454 5524 accepit
3495 5452 3788 5524 principium:

2303 5536 2516 5602 quando
2567 5537 2620 5590 in
2673 5537 2884 5594 vineam
2933 5541 3144 5597 Domini
3198 5543 3431 5600 Sabaoth
3475 5547 3548 5599 sic
3589 5551 3787 5598 novorum

2299 5625 2560 5694 plantatio
2592 5627 2835 5685 facienda
2874 5642 2984 5697 est,
3017 5643 3075 5689 ut
3107 5646 3360 5706 purgetur
3381 5635 3656 5692 exsecratio
3679 5638 3786 5683 reln-

2301 5717 2473 5771 statis.
2510 5718 2768 5785 Quamvis
2796 5723 2939 5777 enim
2987 5725 3053 5781 ad
3082 5727 3222 5785 viam
3254 5728 3504 5787 bonitatis
3546 5734 3592 5781 et
3627 5716 3786 5795 pietatis
