3924 6318
75 325 161 386 ωδ
1172 298 1735 363 POENITENTIALE.
1760 290 2245 353 GERUNDENSE.
3202 286 3314 346 ωδ

76 441 153 498 Dei
183 435 303 494 nihil
330 430 592 504 temporis
632 433 825 494 vacet,
865 436 1015 482 nunc
1061 431 1244 478 tamen
1291 418 1497 489 largior
1527 430 1624 485 per
1657 426 1698 477 Α
1729 412 1958 483 reliquos
1980 410 2277 466 sacerdotes
2308 408 2373 463 de
2400 404 2621 477 singulis
2656 405 2767 459 suis
2813 404 3039 475 prapriis
3064 405 3317 474 paenitea-

76 492 556 603 ittdulgentiam.est
584 492 839 579 remissio
879 516 1123 575 omnium
1154 522 1501 585 peccatorum
1520 551 1534 573 ,
1567 518 1622 562 et
1730 503 1872 559 tibus
1898 503 2075 558 dicens
2101 515 2121 554 :
2154 500 2311 573 Digni
2334 506 2465 556 sunt
2490 494 2866 555 reconciliari?
2891 497 2927 565 ti
2959 492 3259 564 Presbyteri
3294 509 3316 553 ε

74 587 315 694 copiosior
340 633 438 690 per
460 599 689 688 gratiam
708 608 1005 679 assumptio
1020 600 1629 669 renascentium.Auge-
1734 595 1915 667 Digni.
1945 593 2014 649 Et
2040 595 2182 648 dicat
2229 592 2305 647 eis
2352 592 2623 661 episcopus
2656 606 2675 645 :
2708 587 2996 645 Vobiscum
3044 594 3314 641 maneant.

74 676 603 781 mdrmgeuerandis;
629 676 1200 761 crescimusreversis.
1226 694 1629 761 Lavantaquze,
1733 684 1804 742 Et
1842 687 1922 741 sic
1962 686 2157 741 intrent
2182 699 2361 739 omnes
2389 683 2445 737 in
2482 680 2733 746 ecclesia,
2781 688 2994 734 cantare
3039 676 3318 745 incipiente

73 769 528 869 lavantlacrymze.
561 769 690 849 inde
723 799 807 865 est
834 788 1090 862 gaudium
1122 794 1439 842 vocatorum
1460 823 1474 848 ,
1505 781 1635 836 hinc
1735 783 1871 836 hanc
1901 769 2243 849 antiphonam
2269 793 2288 832 :
2317 775 2424 833 Cor
2452 773 2733 830 mundum.
2772 771 2903 828 Cum
2931 770 3136 843 psalmo
3162 769 3324 825 Mise«

72 893 240 949 laetitia
283 890 347 945 de
373 862 735 942 absolutione
763 875 1325 953 poenitentiamnlnde
1374 882 1459 928 est
1494 870 1636 941 quod
1739 886 1861 927 rere
1880 870 2188 936 mei,Deus.
2206 868 2350 922 Alter
2368 865 2541 937 psal.:
2567 865 2822 921 Miserere
2850 862 3323 931 mei,,Deus,quo-

69 984 321 1056 supplices
354 979 433 1035 tui
464 986 748 1048 postquam
764 947 835 1028 in
864 971 1043 1025 varias
1066 947 1356 1023 criminum
1404 961 1636 1025 formas,
1741 963 1888 1018 niam
1908 960 2267 1018 conculcavit.
2293 958 2439 1021 Alter
2452 957 2642 1029 psalm.
2670 973 2690 1015 :
2715 956 2968 1011 Miserere
2995 954 3123 1020 mei,
3154 953 3320 1020 Deus,

67 1046 355 1147 neglectum
401 1046 783 1126 mandatorum
811 1063 1117 1120 etelestium
1166 1068 1223 1114 et
1273 1071 1484 1112 morum
1513 1069 1641 1126 pro-
1742 1055 2001 1110 miserere
2032 1054 2161 1110 mei.
2198 1052 2485 1124 Postquam
2516 1060 2689 1105 autem
2736 1066 2915 1103 omnes
2946 1046 3329 1103 reconciliandi

66 1140 312 1226 babilium
332 1161 770 1233 transgressione
809 1157 1155 1218 ceciderunt,
1179 1149 1447 1207 bumiliati
1480 1157 1645 1218 atque
1742 1150 1799 1205 in
1826 1148 2045 1205 ecclesia
2090 1148 2286 1219 fuerint
2332 1144 2651 1209 introducti,
2696 1143 2965 1212 episcopus
3007 1150 3131 1195 ante
3161 1140 3329 1194 altare

64 1259 311 1335 prostrati
341 1228 657 1329 proplietica
688 1267 823 1308 voce
848 1250 1089 1306 clamant
1119 1246 1363 1302 dicentes
1391 1260 1405 1297 :
1440 1239 1644 1296 Pecca-
1742 1248 2108 1312 prosternatur
2126 1254 2244 1293 cum
2269 1236 2523 1291 ministris
2544 1236 2654 1289 suis
2679 1244 2728 1289 et
2754 1232 3139 1303 paenitentibus.
3176 1228 3329 1285 Fini-

64 1323 223 1410 rimus
250 1323 365 1404 cum
394 1323 633 1419 patribus
679 1342 875 1397 nostris
897 1380 913 1405 ,
948 1338 1146 1408 injuste
1189 1336 1419 1405 egimus,
1449 1332 1644 1401 iniqui‘
1746 1332 1812 1386 tis
1857 1347 1977 1386 vero
2012 1329 2275 1399 prwdictis
2325 1325 2540 1397 psalmis
2571 1341 2690 1379 cum
2731 1324 3050 1394 antipltona,
3079 1323 3335 1377 dicatur:

64 1452 215 1498 tatem
256 1416 501 1509 ferimus;
532 1436 790 1490 miserere
821 1431 987 1486 nostri
1007 1471 1024 1497 ,
1061 1428 1289 1482 Domine
1312 1466 1327 1491 ,
1378 1426 1648 1479 miserere
1748 1422 1914 1496 Kyrie
1941 1422 2149 1479 eleison
2179 1432 2228 1476 et
2252 1421 2414 1476 Pater
2439 1429 2644 1476 noster.
2689 1418 2759 1473 Et
2784 1419 3008 1489 episcop.
3039 1432 3057 1472 :
3082 1416 3329 1479 Domine,

67 1507 264 1599 nostri:
296 1538 351 1586 et
377 1526 748 1599 evangelicam
797 1537 988 1579 vocem
1022 1536 1128 1576 non
1160 1517 1363 1573 frustra
1394 1531 1527 1570 aure
1558 1530 1653 1569 ea.
1751 1529 1859 1571 non
1886 1513 2182 1570 secundum
2211 1520 2437 1583 peccata
2464 1518 2684 1576 nostra,
2707 1520 2804 1565 etc.
2837 1510 2891 1580 ll).
2925 1507 3111 1578 Neque
3138 1522 3330 1563 secun-

72 1626 266 1697 pientes
296 1639 309 1675 :
335 1619 486 1675 Beati
513 1617 605 1690 qui
631 1615 840 1689 lugent,
868 1613 1119 1685 quoniam
1161 1608 1261 1680 ipsi
1301 1606 1651 1697 consolabun-

73 1694 169 1780 tur,
198 1711 691 1772 manducaverunt,
721 1706 862 1761 sicut
890 1703 1151 1772 scriptum
1177 1707 1289 1762 est,
1320 1709 1511 1768 panem
1552 1694 1648 1749 do-

1754 1607 1914 1671 dum,
1963 1614 2061 1659 etc.
2087 1603 2338 1669 Domine,
2364 1618 2433 1658 ne
2475 1601 2789 1658 memineris
2820 1600 3166 1671 iuiquitatnm
3188 1640 3202 1661 .
3232 1609 3334 1653 etc.

1755 1697 1810 1766 ἢ.
1858 1696 1983 1752 Cito
2029 1695 2329 1765 anticipant
2359 1708 2491 1759 nos,
2532 1702 2630 1748 etc.
2682 1690 2932 1748 Oremus.
2963 1690 3201 1757 Adesto,
3232 1689 3340 1743 Do-

77 1778 225 1869 loris;
260 1797 515 1872 lacrymis
538 1804 774 1852 stratum
803 1794 1135 1865 rigaverunt,
1163 1802 1261 1845 cor
1282 1803 1439 1843 suum
1470 1785 1647 1846 luctu,
1688 1790 1726 1847 Β
1759 1778 1906 1841 mine
1926 1825 1942 1850 ,
1974 1782 2463 1855 supplicationibus
2508 1780 2744 1846 nostris,
2784 1789 2839 1836 et
2888 1794 3008 1845 me,
3040 1779 3131 1850 qui
3176 1778 3342 1832 etiam

73 1907 262 1963 corpus
296 1905 453 1946 suum
503 1887 813 1944 alnixerunt
834 1883 1090 1955 jejuuiis,
1122 1888 1182 1935 ut
1210 1878 1515 1934 animarum
1562 1891 1648 1932 re-

74 1986 303 2056 ciperent
323 1996 486 2053 quam
507 1977 857 2052 perdiderant
877 1973 1188 2031 sanitatem.
1211 1969 1443 2026 Unicum
1466 1967 1652 2036 itaque

75 2086 151 2132 est
180 2073 514 2145 poenitentia:
535 2069 873 2140 sulfragium,
896 2064 1038 2137 ιμιοά
1062 2072 1119 2119 et
1145 2060 1369 2133 singulis
1394 2059 1648 2131 prodest,

71 2178 123 2224 et
148 2166 395 2224 omnibus
419 2165 475 2219 in
504 2177 790 2218 commune
813 2157 1102 2225 succurrit.

139 2256 252 2311 Hoc
281 2256 452 2327 ﬁnito,
478 2262 576 2309 stet
610 2253 879 2323 episcopus
906 2249 959 2303 in
994 2247 1126 2302 ostio
1152 2244 1382 2301 ecclesia:
1410 2253 1456 2298 et
1486 2241 1652 2312 faciat

72 2346 475 2403 exhortationem
516 2344 586 2399 ad
611 2343 934 2415 poeniteat“.
968 2337 1074 2395 Sed
1101 2337 1228 2410 quia
1258 2335 1370 2390 dies
1406 2334 1522 2389 haec
1564 2349 1658 2404 per

73 2444 178 2511 ipsa
212 2431 469 2493 hodierna
515 2452 672 2507 opera
721 2434 994 2494 medicina:
1042 2429 1210 2486 nostri
1258 2427 1654 2497 Redemptoris,

73 2548 184 2603 qua:
226 2528 374 2584 nobis
402 2524 701 2598 euangelica
734 2523 885 2579 lectio
920 2529 1288 2593 reprazsentat,
1320 2519 1431 2572 dies
1476 2526 1550 2572 est
1579 2532 1659 2570 re-

75 2620 333 2675 missionis
374 2628 426 2673 et
472 2617 691 2690 gratim,
724 2612 851 2684 ipsis
895 2609 1353 2683 ingemiscentibus
1378 2617 1426 2663 et
1454 2607 1657 2677 magnis

70 2712 321 2783 iacrymis
364 2720 419 2765 et
466 2705 752 2779 profundis
811 2704 1054 2775 suspiriis
1098 2716 1305 2757 morum
1334 2698 1656 2754 emendatio-

78 2820 189 2859 nem
217 2801 670 2873 promittentibus,
703 2797 1019 2870 ptenitentia:
1046 2794 1252 2866 pondus
1297 2808 1459 2862 usque
1487 2792 1539 2844 in
1575 2806 1662 2844 oc-

72 2906 215 2948 tarus
241 2892 576 2948 Pentecostes
606 2888 1018 2945 misericorditer
1042 2884 1263 2947 relaxet,
1288 2893 1336 2938 et
1360 2884 1501 2938 dicat
1525 2884 1663 2937 hanc

73 2984 411 3051 autipbouam
447 2996 566 3035 cum
594 2988 755 3034 cantu
774 2995 793 3033 :
821 2977 1030 3042 Venite,
1063 2974 1266 3033 venite.
1299 2972 1499 3039 venite,
1528 2971 1657 3036 lilii;

74 3085 120 3126 ct
152 3073 337 3128 chorus
380 3071 688 3141 respondeat
724 3082 746 3122 :
773 3069 971 3126 Audite
1001 3082 1121 3134 me,
1165 3067 1417 3121 timorem
1447 3062 1660 3120 Domini

1754 1878 2025 1934 medicina
2070 1887 2156 1933 tua
2189 1876 2396 1947 primus
2427 1875 2672 1947 indigeo,
2704 1874 3002 1950 clementer
3028 1873 3257 1938 exaudi;
3288 1880 3346 1927 et

1753 1984 1915 2041 quem
1946 1985 2055 2026 non
2102 1968 2368 2025 electione
2415 1967 2635 2033 meriti,
2682 1965 2780 2023 sed
2825 1966 2968 2022 dono
3002 1963 3192 2035 gratiae
3240 1973 3347 2019 tua:

1751 2067 2083 2125 constituisti
2117 2068 2313 2137 operis.
2329 2063 2490 2136 hujus
2509 2063 2822 2118 ministrum
2841 2102 2857 2128 ,
2885 2061 2954 2117 da
2985 2060 3237 2116 fiduciam
3268 2059 3345 2113 tui

1756 2159 1999 2216 muneris
2025 2157 2390 2228 exsequendi,
2435 2164 2492 2211 et
2538 2156 2652 2225 ipse
2701 2154 2754 2210 in
2804 2160 2993 2209 nostro
3041 2148 3346 2207 ministerio

1756 2253 1901 2324 quod
1937 2263 2042 2307 tuae
2070 2251 2289 2322 pietatis
2316 2256 2400 2306 est
2418 2287 2433 2314 ,
2464 2260 2714 2320 operare.
2762 2244 2887 2312 Per,
2915 2254 3014 2299 etc.
3065 2242 3252 2299 Oratio
3277 2242 3347 2295 ad

1758 2342 2206 2399 reconciliandam
2230 2355 2248 2393 :
2272 2339 2501 2404 Praesta,
2532 2350 2863 2409 qumsumus,
2888 2334 3139 2399 Domine,
3168 2331 3350 2387 famu-

1758 2435 1825 2491 lis
1847 2434 1953 2491 tuis
1973 2432 2307 2504 paenitentia:
2326 2430 2584 2496 fructum,
2612 2439 2673 2485 ut
2695 2426 2952 2484 Ecclesia:
2979 2436 3107 2491 tuae,
3136 2441 3167 2481 a
3199 2421 3352 2493 cujus

1762 2526 2073 2598 integritate
2099 2524 2388 2581 deviarant
2407 2523 2706 2595 peccando,
2729 2520 3091 2577 admissorum
3114 2518 3351 2573 reddan-

1761 2627 1849 2675 tur
1869 2616 2075 2685 innoxii
2101 2615 2313 2671 veniam
2339 2612 2741 2684 consequendo.
2764 2610 2888 2675 Per,
2910 2618 3008 2664 etc.
3036 2608 3155 2664 Alia
3171 2621 3190 2660 :
3207 2608 3348 2664 Deus

1761 2707 1983 2764 humani
2014 2704 2231 2779 generis
2257 2703 2646 2775 benignissime
2668 2702 2921 2759 conditor
2945 2709 3003 2756 et
3034 2700 3348 2756 misericor-

1761 2799 1983 2858 dissime
2014 2799 2362 2865 reformator,
2390 2797 2483 2869 qui
2510 2796 2783 2852 hominem
2817 2794 3019 2851 invidia
3048 2794 3245 2851 diaboli
3276 2796 3344 2849 ab

1762 2891 2066 2946 aeternitate
2100 2888 2369 2959 dejectum
2417 2888 2564 2944 unici
2611 2886 2731 2946 Filii
2763 2886 2839 2942 tui
2890 2885 3155 2957 sanguine
3195 2888 3350 2943 rede-

1764 2983 1936 3043 misti,
1987 2982 2198 3038 vivilica
2243 2983 2341 3037 bos
2366 2980 2592 3037 famulos
2623 2989 2742 3036 tuos
2768 2995 2903 3049 quos
2927 2979 3020 3034 tibi
3044 2977 3350 3034 nullatenus

1765 3072 1905 3129 mori
1927 3072 2294 3139 desideras,et
2311 3071 2404 3142 qui
2433 3086 2538 3126 non
2566 3068 2894 3140 derelinquis
2916 3068 3122 3135 devios,
3140 3082 3357 3124 assume

74 3162 278 3219 docebo
302 3178 418 3219 vos.
444 3162 512 3216 Et
533 3162 787 3217 diaconus
819 3175 883 3215 ex
908 3168 1055 3230 parte
1088 3158 1445 3229 paenitentiam
1473 3155 1611 3209 dicat
1640 3172 1658 3212 :
1691 3160 1733 3219 C
1768 3172 2068 3220 correctos,
2095 3162 2348 3218 moveam,
2373 3162 2627 3233 pietatem
2656 3169 2834 3227 tuam,
2866 3175 3178 3232 quaesumus
3198 3201 3214 3226 ,
3246 3161 3353 3216 Do-

71 3253 382 3309 Flectamus
408 3267 604 3324 genua.
641 3250 840 3306 Deinde
886 3250 1028 3304 dicat
1074 3248 1209 3303 alter
1234 3247 1487 3303 diaconus
1518 3244 1663 3301 :Lec

76 3354 218 3399 vate.
250 3344 576 3399 ELsccundo
607 3351 802 3413 repetat
829 3342 1105 3413 episcopus
1132 3353 1151 3393 :
1190 3338 1417 3406 Venite,
1450 3337 1661 3401 venite,

74 3438 276 3504 venite,
303 3437 437 3501 lilii;
467 3446 515 3491 et
562 3437 751 3490 chorus
774 3450 792 3489 :
814 3434 1011 3489 Audite
1038 3447 1141 3496 me,
1168 3431 1419 3486 timorem
1452 3428 1666 3485 Domini

74 3531 284 3587 docebo
309 3545 423 3584 vos.
464 3528 531 3582 Et
577 3527 983 3584 archidiaconus
1029 3541 1046 3580 :
1095 3524 1407 3581 Flectamus
1447 3536 1664 3594 genua;

70 3630 131 3681 et
182 3620 316 3676 alter
343 3636 363 3675 :
391 3620 614 3676 Levate.
644 3616 713 3672 Et
744 3617 1017 3688 episcopus
1045 3630 1062 3668 :
1102 3614 1312 3681 Venite,
1343 3613 1545 3678 venite,
1578 3627 1668 3667 ve-

76 3714 217 3779 nite,
246 3713 368 3768 ﬁlii.
424 3711 491 3766 Et
523 3712 715 3766 chorus
750 3723 770 3762 :
802 3709 1002 3765 Audite
1030 3723 1149 3773 me,
1176 3708 1425 3762 timorem
1457 3702 1671 3761 Domini

64 3805 290 3873 ‘docebo
319 3819 442 3860 vos.
474 3801 543 3856 Et
576 3801 983 3861 archidiaconus
1011 3814 1029 3852 :
1073 3798 1333 3856 Accedite
1355 3797 1426 3852 ad
1455 3812 1580 3852 eum
1615 3803 1673 3851 et

72 3893 499 3959 illumiuamini,
539 3903 596 3948 et
634 3889 806 3952 facies
850 3899 1047 3947 vestrae
1091 3905 1198 3945 non
1243 3887 1669 3944 confundantur.

77 3985 204 4057 Quo
236 3989 413 4059 ﬁnito,
438 3989 579 4047 dicat
605 3985 777 4042 clerus
803 3986 1000 4042 divisus
1030 4000 1123 4057 per
1141 3986 1357 4039 cltosum
1376 3982 1537 4055 juxta
1562 3981 1674 4053 epi-

73 4094 298 4144 scOpum
344 4089 512 4134 totum
560 4077 820 4149 psalmum
870 4091 888 4129 :
934 4076 1258 4134 Benedicam
1293 4074 1584 4131 Dominum
1620 4073 1677 4128 in

75 4171 235 4225 omni
267 4180 546 4245 tempore;
566 4181 617 4225 et
647 4172 854 4229 interim
878 4172 1002 4223 dum
1030 4168 1265 4241 psalmus
1290 4168 1387 4223 iste
1408 4177 1676 4231 cantatur,

74 4265 390 4333 ptenitentes
421 4273 672 4320 corruant
717 4264 786 4317 ad
833 4263 987 4334 pedes
1034 4262 1296 4332 episcopi,
1342 4261 1514 4331 sicque
1559 4276 1677 4329 pro-

72 4344 243 4411 strati
261 4359 484 4431 jaceant
504 4399 518 4423 ,
546 4356 886 4428 quoadusque
909 4355 1144 4425 psalmus
1174 4352 1396 4422 ﬁniatur
1428 4352 1502 4422 (in
1532 4366 1678 4403 mar-

74 4448 208 4521 giae
238 4464 258 4503 :
286 4452 371 4505 Itic
401 4465 594 4522 aquam
618 4448 937 4504 benedictum
964 4444 1224 4518 spargat).
1250 4442 1367 4510 Quo
1395 4443 1556 4507 dicto,
1594 4443 1681 4495 in-

1766 3255 1931 3319 mine,
1960 3255 2151 3311 borum
2176 3253 2502 3309 famulorum
2529 3261 2743 3308 tuorum
2771 3251 3073 3324 lacrymosa
3095 3251 3351 3323 suspiria.

1767 3344 1848 3400 Tu
1874 3361 2062 3401 eorum
2089 3346 2307 3400 medere
2332 3343 2663 3400 vulneribus.
2693 3341 2772 3398 Tu
2797 3342 3105 3415 iacentibus
3134 3358 3358 3398 manum

1770 3438 1989 3509 porrige
2016 3436 2343 3501 salutarem,
2372 3451 2441 3491 ne
2471 3435 2713 3491 Ecclesia
2764 3444 2852 3489 tua
2900 3434 3077 3506 aliqua
3119 3435 3365 3505 corporis

1770 3527 1853 3583 sui
1882 3527 2133 3599 portione
2160 3535 2424 3592 vastetur,
2453 3542 2519 3581 ne
2541 3541 2675 3598 grex
2700 3535 2824 3582 tuus
2849 3526 3236 3581 detrimentum
3266 3540 3364 3595 pa-

1773 3620 1960 3686 tiatur,
1988 3634 2058 3676 ne
2086 3621 2156 3675 de
2184 3619 2406 3676 familia:
2440 3627 2542 3674 tute
2587 3619 2787 3676 damno
2816 3619 3064 3675 inimicus
3091 3619 3362 3686 exsultet,

1773 3728 1843 3769 ne
1865 3719 2056 3769 renato
2089 3712 2305 3767 lavacro
2336 3711 2563 3768 salutari
2607 3726 2757 3769 mors
2798 3711 3037 3767 secunda
3062 3710 3360 3780 possideat.

1774 3804 1895 3863 Tibi
1943 3819 2107 3876 ergo,
2156 3803 2417 3871 Domine,
2450 3801 2721 3873 supplices
2769 3816 2994 3873 preces,
3044 3800 3138 3856 tibi
3178 3799 3363 3855 ﬂetum

1775 3897 1958 3954 cordis
1984 3895 2330 3953 ell'undimus.
2364 3892 2443 3951 Tu
2470 3909 2633 3967 parce
2666 3894 3085 3960 conﬁtentibus,
3115 3901 3174 3948 ut
3201 3894 3284 3950 sic
3305 3895 3360 3948 in

1778 3989 1882 4045 hac
1918 3988 2250 4045 mortalitate
2276 3994 2501 4059 peccata
2549 4001 2649 4042 sua
2681 3995 2732 4043 te
2778 3984 3068 4057 adiuvante
3092 3985 3329 4042 deﬂeant
3351 4028 3366 4052 ,

1776 4079 2014 4150 qualiter
2061 4079 2115 4134 in
2164 4078 2429 4135 tremendi
2467 4076 2658 4146 judicii
2688 4076 2777 4133 die
2801 4076 3128 4135 sententiam
3155 4086 3373 4132 aeternas

1780 4170 2146 4229 damnationis
2180 4170 2449 4237 evadant,
2480 4176 2535 4225 et
2560 4169 2808 4225 nesciant
2836 4168 2976 4241 quod
3010 4179 3179 4224 terret
3204 4169 3258 4223 in
3291 4178 3370 4224 te-

1782 4262 1967 4320 nebris
1990 4305 2006 4330 ,
2034 4265 2177 4335 quod
2224 4264 2420 4319 stridet
2467 4262 2520 4318 in
2552 4259 2829 4328 .llammis,
2877 4271 3040 4333 atque
3068 4265 3138 4319 ab
3166 4264 3372 4318 erroris

1785 4354 1870 4409 via
1896 4355 1967 4410 ad
1998 4356 2104 4410 iter
2126 4354 2330 4411 reversi
2354 4353 2609 4426 iustitiae,
2637 4367 2980 4425 nequaquam
3013 4351 3157 4408 ultra
3185 4350 3369 4407 vulne-

1787 4447 1944 4505 ribus
1963 4448 2297 4514 sancientur,
2322 4446 2417 4503 sed
2447 4447 2716 4518 integrum
2756 4446 2828 4502 sit
2873 4446 2955 4502 eis
2982 4453 3146 4517 atque
3178 4460 3375 4518 perpe-

78 4552 219 4598 nuat
265 4543 540 4613 episcopus
587 4540 740 4595 alteri
785 4540 1007 4593 diacono
1057 4537 1304 4591 dicente:
1335 4533 1574 4602 Levate;
1633 4543 1679 4587 ct
1716 4527 1761 4585 Ι)
1789 4548 1939 4595 tuum
1982 4547 2039 4595 ει
2066 4537 2209 4609 quod
2241 4537 2417 4605 gratia
2460 4546 2551 4591 tua
2579 4536 2838 4604 εοηιιιιίι,
2889 4545 2944 4591 ει
2987 4537 3130 4608 quod
3163 4536 3380 4592 miseri-

81 4632 268 4685 statim
290 4639 515 4703 surgant
538 4629 862 4701 praenitentes,
892 4637 937 4682 et
964 4628 1088 4687 dum
1118 4625 1416 4700 oﬂ'eruntur
1444 4621 1681 4693 episcolzo

76 4738 125 4774 α
150 4725 471 4796 presbyteris
495 4724 606 4779 suis
633 4734 688 4777 ut
716 4738 806 4777 eos
833 4722 944 4788 ipse
979 4720 1136 4775 matri
1166 4715 1418 4773 Ecclesia:
1449 4713 1675 4770 reconci-

82 4815 179 4872 liet
198 4858 214 4885 ,
242 4819 474 4891 accipiat
504 4834 666 4874 unum
696 4834 761 4873 ea:
785 4819 912 4889 ipsis
937 4814 1303 4889 paenitentibus
1323 4853 1338 4881 ,
1383 4822 1432 4869 et
1464 4811 1687 4871 interro-

83 4916 175 4976 get
200 4924 363 4963 suum
390 4907 747 4979 presbyterum
784 4907 961 4961 dicens
992 4919 1010 4959 :
1060 4905 1264 4977 Dignus
1304 4911 1395 4959 est
1437 4901 1687 4957 reconci-

86 4994 213 5052 liari
241 4999 393 5071 (cum
420 4997 638 5069 cantu)?
675 4995 952 5068 Presbyter
982 5010 1001 5049 :
1032 4996 1256 5065 Dignus.
1288 4992 1358 5048 Et
1389 4993 1529 5055 dicat
1576 4991 1688 5063 epi-

82 5103 286 5161 scopus
303 5104 323 5143 :
338 5091 540 5148 Tecum
559 5098 802 5157 maneat;
821 5098 868 5143 et
882 5089 968 5145 det
981 5088 1245 5159 ptcnitenti
1273 5101 1450 5158 pacem
1478 5084 1688 5141 dicens:

90 5175 209 5237 Pax
243 5193 451 5241 tecum.
481 5182 547 5238 Et
573 5193 753 5254 postea
780 5182 845 5237 ab
879 5184 992 5253 ipso
1030 5181 1305 5252 poenitente
1333 5177 1506 5234 caueri
1538 5178 1689 5235 simi-

84 5274 214 5331 liter
245 5294 430 5332 omnes
480 5278 781 5348 praenitentes
829 5274 1068 5330 osculum
1116 5277 1261 5343 pacis
1294 5271 1576 5341 accipiant.
1623 5269 1692 5324 Et

82 5370 284 5429 statim
313 5366 585 5439 episcopus
610 5368 888 5437 interroget
916 5366 1106 5421 iterum
1132 5360 1496 5417 universaliter
1516 5375 1692 5415 omnes

1787 4631 1968 4692 cordia
2000 4640 2092 4686 tua
2125 4629 2461 4687 reformavit.
2506 4627 2612 4684 Per
2641 4628 2929 4695 eumdem,
2962 4636 3060 4683 etc.
3094 4626 3217 4682 Alia
3247 4644 3373 4683 ora-

1788 4725 1861 4778 tio
1885 4737 1903 4775 :
1933 4722 2274 4793 Maiestatem
2322 4728 2468 4776 tuam
2494 4720 2762 4791 supplices
2790 4718 3166 4791 deprecamur,
3196 4718 3377 4777 omni-

1793 4822 1987 4887 potens
2018 4814 2195 4879 Deus,
2228 4822 2287 4869 ut
2308 4812 2397 4874 bis
2426 4811 2645 4868 famulis
2671 4820 2728 4868 et
2760 4810 3065 4869 famulabns
3087 4812 3193 4869 tuis
3222 4811 3380 4883 longo

1790 4904 2406 4979 squalore'ptenitentite
2448 4908 2737 4965 maceratis
2765 4908 3130 4965 miserationis
3160 4916 3265 4964 tuae
3286 4924 3381 4963 ve-

1795 5000 1941 5057 niam
1970 4999 2156 5072 largiri
2199 5000 2468 5071 digneris,
2517 5010 2579 5056 ut
2623 4999 2850 5072 nuptiali
2880 5011 3032 5058 veste
3059 5010 3275 5073 recepta
3309 5000 3378 5055 ad

1798 5091 2035 5163 regalem
2073 5105 2318 5147 mensam
2349 5091 2493 5147 unde
2521 5091 2679 5163 ejecti
2713 5092 2929 5149 fuerant
2961 5098 3274 5148 mereantur
3298 5090 3379 5145 in-

1803 5186 1989 5254 troire,
2002 5200 2120 5258 per,
2137 5196 2241 5241 etc.
2257 5183 2478 5253 Ultima,
2494 5195 2547 5240 ut
2571 5186 2624 5242 in
2656 5187 2839 5242 ordine
2861 5183 3383 5249 recommendationis

1799 5277 1879 5333 uel
1910 5278 1963 5332 in
1993 5288 2224 5334 extrema
2254 5280 2515 5333 unctione.

1536 5639 1602 5646 -~-
1616 5634 2001 5644 -~—_———-—.———

519 5851 793 5917 Puncta
835 5842 1249 5915 CXXXVIII.
