3924 6318
536 378 634 434 911

1350 368 1637 440 APPEND.
1675 367 1769 424 AD
1803 365 1975 424 διες.
2014 363 2086 421 X.
2125 396 2196 408 ——
2235 363 2667 424 HONUMENTA
2706 360 2983 421 LITURG.

3645 364 3722 419 ιιι

543 489 746 556 Oratio,
786 488 999 561 quando
1044 486 1258 561 ponitur
1287 484 1461 538 vinum
1507 491 1558 537 et
1611 498 1748 552 aqua
1789 481 1844 535 in
1871 478 2050 545 calice,
2080 496 2113 532 a
2141 461 2190 521 Α
2217 479 2284 534 de
2317 478 2735 551 participatione
2780 486 2834 533 et
2872 479 3215 532 sacramento
3257 486 3353 528 suo
3399 472 3649 531 benedicto
3682 478 3727 533 ut

1203 556 1445 609 diacono.

613 655 754 711 Vere
783 651 1015 712 Christe,
1048 650 1187 704 Deus
1211 653 1416 710 noster,
1452 652 1503 699 et
1537 643 1765 698 Domine
1794 651 1996 708 noster,
2022 641 2117 712 qui

545 746 610 801 ad
653 744 867 815 nuptias
902 743 953 797 in
998 741 1142 796 Cana
1188 737 1408 795 Galileac
1460 748 1678 795 vocatus
1709 736 1876 798 fuisti,
1922 744 1979 791 et
2024 749 2119 790 eas

543 834 890 899 benedixisti,
917 841 974 888 et
1005 832 1070 886 de
1104 845 1243 901 aqua
1277 830 1460 884 vinum
1502 828 1706 893 fecisti;
1740 826 1990 882 similiter
2014 825 2116 892 fac,

545 933 597 979 et
622 924 662 994 ἰ-
690 923 936 988 benedic,
966 908 1329 991 f'sanctiﬁca,
1359 927 1415 975 et
1460 920 1499 990 -ι-
1544 917 1768 988 purilica
1810 917 1912 972 hoc
1940 916 2119 970 vinum

546 1019 599 1070 in
632 1023 921 1087 conspectu
948 1021 1070 1081 tuo;
1101 1023 1156 1069 et
1180 1013 1273 1068 ﬁat
1302 1013 1588 1069 exsultatio
1614 1020 1670 1066 ct
1714 1011 1821 1066 vita
1841 1010 2045 1064 anima:
2066 1017 2124 1063 et

546 1104 759 1177 corpori
804 1113 1014 1170 nostro,
1056 1112 1112 1159 et
1136 1104 1191 1159 in
1233 1104 1380 1159 omni
1414 1111 1655 1173 tempore
1689 1102 1967 1157 nobiscum
1996 1115 2122 1171 per-

546 1207 802 1254 maneant
848 1198 1035 1263 Pater,
1087 1196 1275 1260 Filius,
1326 1204 1381 1250 et
1432 1194 1666 1266 Spiritus
1710 1202 1951 1257 sanctus,
1997 1192 2123 1262 quia

545 1304 650 1343 non
692 1288 955 1344 habemus
1001 1285 1137 1341 alios
1174 1285 1303 1340 deos
1346 1294 1544 1353 praeter
1571 1292 1645 1350 te,
1691 1282 1934 1337 Domine.
1961 1281 2126 1353 lmple

545 1376 709 1448 igitur
729 1392 828 1432 nos
851 1375 978 1431 vino
997 1373 1390 1439 exsultationis,
1420 1372 1627 1437 salutis,
1654 1380 1708 1426 et
1729 1370 1947 1435 laetitiae,
1979 1370 2122 1437 vitae,

545 1467 876 1531 intellectus,
904 1473 958 1519 et
985 1464 1195 1521 consilii
1220 1463 1454 1533 Spiritus
1492 1462 1685 1527 sancti,
1719 1461 1772 1517 in
1797 1459 1994 1517 saecula
2024 1473 2126 1514 sm-

547 1556 814 1613 culorum.
839 1558 1030 1611 Amen.
1064 1556 1103 1625 -ι-
1129 1554 1456 1611 Benedictus
1480 1553 1741 1608 Dominus
1770 1551 1933 1616 Deus,
1962 1549 2125 1605 Pater

547 1648 908 1718 omnipotens.
947 1648 988 1717 -ξ-
1031 1645 1355 1701 Benedictus
1391 1643 1583 1715 Filius
1608 1642 1937 1714 unigenitus,
1970 1639 2128 1696 Jesus

546 1738 815 1803 Christus,
846 1738 938 1808 qui
979 1748 1137 1792 natus
1163 1745 1248 1792 est
1292 1736 1359 1790 de
1401 1735 1567 1789 Maria
1612 1734 1852 1805 Virgine.
1895 1732 1937 1804 -ι-
1963 1732 2130 1788 Bene-

2219 573 2559 627 dimittantur
2593 570 2749 627 nobis
2771 578 2989 640 peccata
3019 577 3219 622 nostra.

2288 662 2547 717 Sacerdos
2576 661 2909 732 subsequitur
2933 675 2952 714 :
2980 659 3049 714 Ut
3075 657 3427 729 perducamus
3467 657 3595 713 hunc
3619 659 3731 715 diem

2221 761 2467 808 sanctum
2492 752 2545 807 in
2566 752 2710 805 omni
2742 759 2984 820 tempore
3012 750 3135 805 vitae
3163 756 3380 815 nostrze,
3397 748 3447 803 in
3470 749 3599 804 omni
3616 765 3732 819 pace,

2221 857 2343 898 cum
2371 841 2565 897 timore
2591 851 2701 896 tuo.
2729 839 2957 897 Omnem
2984 839 3264 904 invidiam,
3297 849 3350 893 et
3378 854 3575 894 omnem
3602 848 3736 894 tenta—

2224 935 2448 998 tionem,
2486 941 2542 987 et
2566 946 2727 987 omne
2760 946 2895 1002 opus
2937 929 3173 997 Satantr,
3202 928 3477 985 consilium
3513 930 3738 986 hominum

2222 1026 2505 1092 malorum,
2533 1024 2907 1080 insultationes
2929 1023 3130 1078 inimici
3161 1022 3496 1078 absconditos
3517 1032 3567 1077 et
3604 1025 3740 1079 mani-

2223 1118 2410 1183 festas,
2442 1117 2635 1187 elonga
2665 1123 2720 1171 et
2739 1114 2946 1185 expelle
2975 1131 3004 1168 a
3035 1130 3120 1171 me
3154 1125 3211 1170 et
3240 1115 3309 1169 ab
3333 1114 3573 1170 universo
3590 1116 3742 1185 popqu

2225 1221 2336 1277 tuo,
2368 1219 2424 1265 et
2446 1209 2515 1264 ab
2544 1211 2647 1265 hoc
2686 1208 2806 1264 loco
2855 1216 3043 1262 sancto
3074 1216 3185 1261 tuo.
3222 1204 3417 1263 Oumia
3446 1207 3593 1272 bona,
3624 1206 3743 1276 quiti-

2222 1301 2350 1372 quid
2368 1301 2553 1371 utique
2578 1307 2796 1370 praestat
2814 1307 2868 1354 et
2882 1298 3055 1369 juvat,
3071 1298 3297 1367 impetro
3318 1296 3400 1351 eis
3414 1312 3508 1366 per
3530 1312 3634 1361 nos,
3651 1299 3746 1367 quia

2225 1403 2280 1447 tu
2328 1407 2389 1448 es
2436 1392 2529 1463 qui
2575 1389 2766 1446 dedisti
2802 1390 2960 1444 nobis
3011 1395 3335 1459 potestatem
3377 1396 3434 1441 ut
3470 1386 3747 1442 calcarcnms

2222 1491 2548 1553 serpentem,
2572 1489 2628 1536 et
2657 1480 2997 1551 scorpionem
3023 1489 3077 1533 et
3107 1493 3321 1532 omnem
3344 1477 3452 1531 vim
3476 1476 3747 1542 inimici;nc

2227 1574 2452 1629 inducas
2499 1587 2619 1639 nos,
2651 1570 2896 1635 Domine,
2939 1571 2995 1625 in
3049 1568 3426 1634 tentationem,
3474 1567 3561 1622 sed
3594 1567 3749 1623 redime

2226 1675 2282 1720 et
2328 1665 2501 1720 libera
2536 1677 2636 1719 nos
2658 1662 2729 1718 ab
2754 1662 2898 1717 omni
2946 1659 3089 1715 malo
3118 1675 3213 1730 per
3245 1659 3475 1731 gratiam
3511 1664 3563 1712 ct
3589 1656 3751 1712 miseri-

2231 1754 2467 1809 cordiam
2502 1762 2557 1808 et
2584 1767 2824 1808 amorem
2854 1766 2981 1822 erga
3011 1751 3308 1805 humanum
3352 1762 3517 1819 genus
3561 1746 3665 1802 Filii
3697 1748 3751 1800 tui

547 1827 725 1884 δίθίυδ
776 1826 1008 1897 Spiritus
1056 1826 1396 1890 Ρδντδείθίυει
1461 1824 1604 1879 Deus
1660 1833 1868 1887 "05‘9"
1927 1822 2124 1891 quibus
2154 1825 2199 1884 Β
2229 1843 2623 1908 unici,Domini
2647 1842 2742 1898 Dei
2766 1849 2822 1897 et
2846 1839 3226 1910 Redemptoris
3252 1838 3427 1895 nostri
3446 1834 3751 1893 JesuChristi.

546 1917 719 1984 Patri,
756 1926 810 1973 et
835 1917 994 1984 Filio,
1039 1928 1094 1973 et
1120 1917 1345 1988 Spiritui
1374 1923 1586 1982 sancto,
1618 1930 1745 1969 vera
1782 1913 2041 1970 fortitudo
2073 1912 2129 1968 in

550 2007 746 2063 sarcula
770 2006 1111 2062 saeculorum.
1137 2006 1331 2061 Amen.

626 2099 822 2154 Postea
853 2098 1059 2169 replicet
1085 2115 1241 2171 super
1268 2096 1483 2153 calicem
1510 2096 1823 2151 orationem.

623 2191 869 2257 Domine,
894 2190 1036 2247 Deus
1054 2199 1260 2257 noster,
1285 2188 1377 2260 qui
1404 2188 1833 2260 sus’cepisti,etc.
1861 2185 1929 2243 Ut
1951 2202 2131 2259 supra,

553 2281 608 2334 in
637 2281 901 2351 offerendo
930 2281 1178 2336 hostiam.

636 2370 773 2426 Dicit
834 2372 1076 2428 sacerdos
1130 2372 1391 2427 cantando
1459 2380 1507 2425 et
1556 2369 1880 2425 extendendo
1930 2368 2135 2441 palmas

556 2481 788 2530 sursum,
816 2466 889 2518 ita
912 2474 1085 2519 tamen
1111 2464 1251 2539 quod
1276 2473 1429 2533 caput
1458 2479 1562 2518 non
1588 2461 1840 2517 excedant
1871 2474 1890 2513 .'

630 2554 780 2610 Unus
814 2555 978 2611 Pater
1003 2565 1245 2622 sanctus,
1278 2570 1419 2610 unth
1446 2552 1615 2610 Filius
1643 2561 1887 2619 sanctus,
1915 2560 1971 2607 et
1999 2566 2138 2608 unus

560 2645 795 2716 Spiritus
823 2655 1063 2703 sanctus.

638 2735 871 2808 Populus
900 2739 1170 2810 respondet
1199 2738 1432 2793 :Amen.

633 2828 893 2884 Sacerdos
918 2869 933 2893 ,
993 2828 1253 2884 cantando
1306 2828 1431 2882 dicit
1469 2841 1486 2880 :
1518 2825 1759 2883 Laudato
1816 2826 2098 2882 Dominum
2123 2864 2140 2890 ,

561 2934 749 2973 oumes
773 2925 983 2989 gentes,
1011 2917 1225 2972 laudate
1256 2932 1401 2983 eum,
1426 2932 1617 2973 omnes
1640 2915 1843 2987 populi,
1883 2914 2142 2986 quoniam

561 3009 881 3082 conﬁrmata
910 3017 994 3063 est
1036 3021 1197 3077 super
1223 3007 1722 3063 nosmisericordia
1754 3004 1892 3075 ejus,
1918 3016 1973 3061 et
1997 3004 2142 3061 veri—

566 3112 649 3159 tas
677 3104 892 3159 Domini
919 3111 1100 3157 manet
1132 3103 1184 3156 in
1215 3111 1496 3157 aeternum.
1529 3102 1712 3159 Gloria
1734 3102 1902 3166 Patri,
1930 3110 2035 3158 etc.

632 3192 776 3248 Dicit
824 3193 1117 3246 diaconus:
1142 3190 1358 3262 Surgite
1383 3192 1450 3245 ad
1480 3191 1803 3247 oralionem.

635 3284 870 3351 Populus
890 3300 909 3338 :
929 3282 1177 3350 Domine,
1210 3283 1470 3338 miserere
1507 3283 1701 3337 nostri.

639 3376 899 3432 Sacerdos
923 3390 941 3429 :
975 3376 1084 3430 Pax
1122 3376 1295 3432 vobis.

640 3466 878 3538 Populus
906 3466 1013 3523 :Et
1042 3482 1163 3521 cum
1192 3466 1383 3538 Spiritu
1416 3475 1526 3519 tuo.

640 3580 921 3647 Sacerdos,
949 3580 1005 3634 in
1046 3580 1336 3650 gratiarum
1365 3579 1642 3646 actionem,
1690 3577 1815 3633 dicit
1859 3577 2149 3633 orationem

571 3683 865 3742 sequentem
895 3686 915 3725 :

641 3761 855 3818 Gratias
895 3776 1118 3834 agamus
1162 3760 1492 3817 benefactori
1544 3772 1752 3830 nostro,
1795 3763 2023 3819 Domino
2052 3762 2153 3816 mi-

573 3856 856 3922 sericordi,
883 3854 1031 3910 Patri
1072 3853 1282 3910 Domini
1323 3854 1443 3921 Dei,
1486 3864 1541 3910 et
1585 3854 1959 3926 Redemptoris
1982 3853 2151 3911 nostri

573 3945 699 4003 Iesu
735 3947 956 4010 Christi,
985 3946 1110 4017 quia
1138 3947 1376 4017 protexit
1402 3963 1523 4010 nos,
1549 3948 1843 4002 auxiliatus
1864 3957 1949 4003 est
1973 3948 2151 4015 nobis,

575 4039 882 4102 custodivit,
896 4050 953 4094 et
979 4039 1385 4094 commendatos
1400 4053 1499 4093 nos
1514 4038 1615 4093 sibi
1642 4038 1893 4104 reddidit,
1910 4038 2152 4105 attraxit,

577 4131 856 4203 amplexus
880 4137 982 4197 est,
1007 4128 1455 4196 conﬁrmavit,-et
1488 4129 1772 4201 pervenire
1805 4144 1906 4185 nos
1932 4129 2061 4185 fecit
2089 4129 2156 4184 ad

578 4225 721 4278 hanc
750 4222 938 4276 horam
964 4238 980 4287 ;
1006 4235 1363 4292 rogemusque
1386 4222 1585 4290 ipsum,
1614 4220 1859 4275 utetiam
1887 4219 2160 4275 custodiat

580 4327 680 4369 nos
702 4313 756 4369 in
789 4314 889 4368 hac
912 4312 997 4367 die
1023 4320 1229 4377 sancta,
1256 4311 1311 4366 in
1340 4312 1486 4367 omni
1519 4320 1762 4382 tempore
1784 4311 1908 4368 vitze
1933 4321 2154 4378 nostrae,

579 4414 634 4460 et
659 4405 714 4461 in
741 4405 1070 4474 onmi.pace,
1100 4404 1442 4474 omnipotens
1468 4404 1611 4461 Deus
1632 4412 1837 4461 noster.

650 4515 918 4572 Diaconus
945 4517 1073 4571 dicit
1102 4532 1121 4571 :
1146 4517 1328 4573 Orate.

653 4632 913 4688 Sacerdos
943 4633 1668 4704 autemsequitur:Dominc,
1686 4634 1971 4699 oDomiue,
1998 4634 2158 4691 Pater

583 4726 721 4782 bone
750 4733 805 4781 et
832 4727 1192 4797 omnipotens,
1236 4726 1397 4782 Pater
1428 4728 1638 4782 Domini
1687 4728 1805 4793 Dei,
1849 4738 1904 4784 ct
1931 4728 2161 4784 Redem-

580 4819 753 4888 ptoris
782 4820 951 4873 nostri
994 4818 1118 4874 Jesu
1146 4819 1371 4885 Christi,
1418 4819 1697 4876 laudamus
1727 4831 1779 4876 te
1812 4836 1974 4915 ψει
2000 4836 2161 4877 cunne

582 4926 737 4980 opus,
765 4925 865 4981 pro
888 4912 1033 4965 omni
1061 4927 1246 4982 opere,
1286 4921 1341 4967 et
1389 4913 1441 4966 in
1472 4913 1617 4968 ornui
1665 4912 2001 4985 operchuia
2032 4928 2162 4984 pro-

585 5002 769 5059 texisti
817 5017 934 5070 nos,
974 5003 1267 5079 auxiliatos
1315 5018 1374 5059 es
1422 5003 1598 5070 nobis,
1646 5005 1925 5060 custodisti
1954 5019 2075 5069 nos,
2109 5011 2165 5059 et

587 5094 991 5151 commendatos
1035 5095 1131 5151 tibi
1164 5110 1262 5151 nos
1292 5095 1603 5159 reddidisti;
1637 5096 1908 5152 attraxisti
1953 5107 2009 5152 et
2053 5113 2168 5152 am—

587 5189 781 5259 plexus
806 5204 894 5256 es;
927 5188 1263 5246 conﬁrmasti
1291 5198 1345 5245 et
1369 5190 1655 5259 pervenire
1684 5189 1859 5247 fecisti
1897 5208 2071 5264 usque
2100 5196 2166 5250 ad

586 5282 727 5338 hanc
752 5282 963 5338 horam.
994 5280 1239 5337 Petimus
1280 5296 1515 5352 quoque,
1545 5290 1599 5336 et
1628 5297 1932 5352 quaesumus
1955 5299 1986 5339 a
2015 5285 2171 5341 boni-

590 5381 702 5429 tate
734 5381 842 5439 tua,
873 5389 906 5429 o
930 5373 1384 5460 amator.gcneris
1412 5372 1653 5429 humani.

660 5465 928 5523 Diaconus
966 5467 1091 5521 dicit
1117 5478 1136 5519 .·
1159 5466 1332 5523 Petite
1363 5474 1420 5522 et
1458 5476 1648 5538 rogate
1686 5477 1745 5523 ut
1785 5479 1973 5541 parcat
2014 5472 2171 5528 nobis

566 5554 873 5624 Dominus,
919 5566 968 5613 et
1005 5559 1328 5639 misereatur
1372 5560 1564 5623 nostri,
1597 5568 1653 5616 et
1678 5563 1939 5633 suscipiat
1964 5564 2170 5619 oralio-

594 5663 716 5702 nem
741 5652 867 5719 qum‘
887 5665 985 5721 pro
1016 5650 1172 5707 nobis
1217 5650 1275 5707 tit
1305 5666 1333 5707 a
1363 5652 1565 5709 sanctis
1591 5655 1734 5721 suis;
1767 5665 1823 5712 et
1866 5655 2031 5713 faciat
2073 5674 2173 5714 nos

594 5738 786 5811 dignos
834 5736 894 5797 ut
939 5757 1058 5812 quae
1117 5751 1336 5811 prtestat
1376 5744 1736 5814 accipiamus;
1784 5756 1839 5802 et
1894 5764 2172 5805 sumamus

2232 1950 2356 1990 cunt
2385 1951 2514 2007 quo,
2540 1935 2636 1991 tibi
2679 1949 2786 1988 una
2828 1948 2951 1988 cum
2987 1943 3177 1986 sancto
3205 1930 3433 2000 Spiritu,
3464 1936 3518 1983 et
3542 1927 3698 2000 gloria,
3716 1934 3755 1978 ct

2234 2035 2493 2097 potestas,
2526 2041 2693 2093 nunc,
2738 2032 2794 2080 et
2820 2038 3056 2095 semper,
3085 2030 3140 2076 et
3169 2022 3219 2076 in
3248 2019 3448 2076 saecula
3473 2016 3753 2074 saeculorum.

2233 2119 2429 2173 Amen.
3717 2124 3723 2133 '

2310 2209 2420 2265 Pro
2445 2209 2779 2280 offerentibus
2808 2223 3048 2272 munera,
3077 2204 3322 2261 sacerdos
3344 2219 3365 2259 :

2308 2302 2505 2357 lterum
2532 2316 2780 2372 rogemus
2800 2299 3223 2368 omnipotentem
3255 2297 3449 2360 Deum,
3468 2291 3658 2349 Patrem
3680 2290 3757 2345 Do-

2239 2393 2393 2457 mini,
2420 2393 2513 2449 Dei
2537 2401 2594 2447 et
2617 2390 2995 2460 Redemptoris
3025 2387 3195 2443 nostri
3220 2384 3353 2442 Jesu
3377 2384 3590 2449 Christi,
3615 2397 3694 2453 pro
3714 2381 3759 2435 iis

2239 2487 2330 2557 qui
2362 2486 2673 2542 obtulerunt
2698 2500 2920 2539 munera
2946 2488 3164 2546 sanctas,
3192 2479 3387 2545 unico),
3411 2493 3524 2548 qua:
3549 2487 3623 2531 est
3643 2489 3761 2544 super

2241 2591 2451 2642 omnes,
2483 2573 2761 2640 Ecclesim,
2798 2572 3127 2629 sacriﬁcium
3168 2571 3383 2627 scilicet
3411 2568 3677 2639 primarum
3697 2565 3762 2619 dc-

2243 2670 2505 2723 cimarum
2528 2667 2825 2738 gratiarum
2847 2665 3077 2721 actionis
3096 2663 3305 2733 signum
3330 2670 3388 2716 et
3405 2659 3761 2717 monimentum;

2244 2776 2337 2815 seu
2379 2767 2558 2814 autem
2602 2759 2726 2829 quis
2769 2756 2996 2812 multum
3039 2754 3318 2819 obtulerit,
3351 2767 3446 2808 seu
3481 2764 3670 2822 parum,
3692 2762 3760 2803 seu

2243 2858 2475 2913 secreto,
2492 2865 2587 2905 seu
2603 2848 2803 2920 palam,
2818 2862 2913 2904 seu
2930 2846 3116 2902 volens
3141 2853 3196 2900 et
3211 2830 3319 2899 non
3341 2842 3562 2907 habens,
3575 2837 3761 2896 omnium

2246 2941 2606 3013 amplectatur
2649 2939 2981 2996 voluntatem
3008 2936 3100 3008 qui
3134 2935 3417 2991 caelestem
3444 2932 3677 3004 Spiritum
3693 2929 3762 2984 do-

2248 3042 2361 3098 nat,
2379 3041 2437 3086 et
2462 3032 2514 3085 in
2536 3046 2644 3101 quo
2667 3033 2910 3086 omnium
2932 3029 3193 3085 bonorum
3214 3040 3443 3096 cperam
3463 3027 3764 3093 estpotestsS.

2252 3121 2530 3184 Dominus,
2555 3119 2700 3175 Deus
2729 3130 2935 3175 noster.

2322 3211 2489 3268 Caute
2543 3213 2645 3266 ista
2702 3210 2848 3282 lege,
2891 3225 3014 3265 nam
3087 3209 3133 3263 si
3180 3223 3279 3263 vos:
3341 3205 3589 3277 Spiritus,
3634 3201 3687 3257 sit
3724 3199 3762 3251 in

2251 3315 2407 3370 recto,
2436 3303 2569 3358 dicet
2593 3300 2762 3371 [ilium
2787 3316 2898 3355 esse
2918 3297 3173 3370 Spiritum
3204 3297 3415 3365 Sancti,
3444 3298 3498 3351 id
3519 3304 3587 3351 est
3615 3290 3759 3351 Patris.

2250 3408 2474 3468 tuncque
2518 3411 2619 3452 vos:
2671 3393 2906 3466 Spiritus
2951 3397 3185 3477 capietur
3232 3388 3592 3455 essentialiter,
3633 3391 3678 3438 ut
3710 3390 3762 3437 est

2197 3513 2201 3517 “
2252 3488 2543 3543 communis
2588 3486 2753 3540 tribus
2782 3475 3038 3556 personis,
3086 3499 3191 3537 non
3229 3479 3586 3553 personaliter.
3610 3475 3765 3532 Simo

2250 3578 2318 3632 sit
2344 3578 2397 3632 in
2423 3575 2652 3647 obliquo,
2681 3574 3029 3630 certissimum
3057 3581 3129 3626 est
3147 3568 3420 3626 Christum
3440 3565 3691 3624 secundum
3709 3560 3765 3613 di-

2252 3667 2519 3721 vinitatem
2545 3664 2691 3718 nullo
2714 3674 2865 3735 pacto
2904 3678 3013 3737 epse
3035 3659 3086 3715 F
3088 3662 3237 3715 ilium
3263 3659 3494 3732 Spiritus
3512 3654 3677 3719 sancti,
3695 3651 3767 3706 nisi

2253 3771 2440 3810 nomen
2485 3753 2713 3826 Spiritus
2754 3752 2922 3808 sancti
2967 3751 3316 3807 essentialiter
3351 3758 3601 3813 sumatur,
3636 3755 3767 3809 nempe

2253 3864 2347 3919 pro
2383 3844 2562 3910 Patre,
2603 3862 2720 3917 qua:
2750 3854 2924 3899 tamen
2964 3853 3039 3898 est
3068 3841 3298 3898 insolens
3329 3853 3378 3898 et
3406 3842 3571 3897 aliena
3604 3834 3762 3891 locutio

2258 3941 2441 4011 Neque
2472 3955 2592 3995 vero
2623 3937 2909 3994 secundum
2935 3936 3313 3991 humanitatem
3362 3935 3468 3989 dici
3494 3946 3627 4003 posse
3657 3923 3766 3981 Clui-

2254 4044 2390 4091 stum
2452 4033 2622 4104 ﬁlium
2675 4030 2903 4103 Spiritus
2956 4030 3125 4084 sancti
3167 4028 3354 4083 docent
3402 4024 3630 4095 theologi.
3676 4013 3769 4071 Vide

2256 4133 2498 4179 sanctum
2536 4121 2809 4184 Thomam,
2842 4128 2982 4190 part.
3016 4135 3076 4174 ιιι
3104 4159 3119 4182 ,
3146 4135 3197 4189 q.
3230 4117 3302 4173 3'2
3323 4158 3338 4184 ,
3367 4127 3468 4171 art.
3492 4114 3544 4170 3.

2330 4213 2597 4270 Diaconus
2631 4212 2802 4267 dicit:
2823 4212 2992 4268 Orate
3019 4223 3117 4282 pro
3161 4210 3228 4266 iis
3257 4209 3354 4281 qui
3383 4206 3666 4267 obtulerunt
3686 4212 3769 4255 ωυ-

2258 4320 2408 4362 nera.

2331 4395 2590 4453 Sacerdos
2619 4411 2637 4448 :
2663 4395 2910 4463 Domine,
2945 4395 3087 4451 Deus
3117 4394 3480 4464 omnipotens,
3512 4393 3770 4464 rogamth

2261 4496 2316 4546 et
2349 4502 2663 4560 quaesumus
2692 4502 2791 4558 pro
2821 4487 2888 4542 iis
2932 4487 3021 4557 qui
3070 4485 3386 4542 obtulerunt
3427 4485 3558 4540 dona
3602 4485 3767 4537 sancti.

2183 4548 2238 4610 Β
2264 4581 2459 4646 unicae,
2488 4595 2609 4651 quae
2634 4594 2797 4650 super
2836 4594 3025 4635 omnes
3052 4590 3157 4646 est,
3188 4578 3462 4643 Ecclesim,
3490 4591 3578 4632 seu
3600 4568 3769 4628 multum

2263 4674 2557 4730 obtulerint
2585 4688 2678 4729 seu
2707 4688 2918 4743 parum,
2941 4672 3055 4728 sive
3099 4679 3311 4726 secreto
3349 4671 3463 4724 sive
3490 4668 3664 4739 palam,
3693 4659 3770 4713 siit

2264 4765 2508 4820 volentes
2547 4772 2602 4818 et
2643 4779 2751 4818 non
2798 4763 3075 4826 habentes,
3107 4762 3348 4817 onmium
3387 4761 3682 4815 voluntatem
3704 4762 3770 4804 ac-

2267 4864 2513 4924 ceptans,
2553 4855 2617 4907 da
2642 4852 2932 4920 unicuique
2960 4866 3168 4916 eorum,
3206 4865 3304 4922 pro
3343 4850 3578 4921 praemio,
3602 4837 3771 4899 benedi-
3872 4858 3873 4924 ἢ

2267 4948 2502 5003 ctionem
2545 4960 2643 5015 per
2670 4945 2887 5000 unicum
2928 4943 3123 4999 Filium
3164 4952 3335 5009 tuum,
3380 4957 3499 4998 cum
3526 4931 3773 5010 qnotibiet
3872 4964 3873 4973 η

2272 5048 2460 5096 sancto
2485 5039 2709 5110 Spiritui
2739 5046 2822 5093 est
2849 5037 3018 5109 gloria
3048 5047 3102 5092 et
3129 5046 3386 5108 potestas,
3418 5048 3570 5099 nunc,
3596 5038 3643 5086 et
3671 5036 3771 5082 θεω-
3872 5074 3873 5085 χ

2273 5147 2391 5205 per,
2429 5139 2484 5187 et
2514 5132 2568 5187 in
2597 5131 2791 5187 sarcula
2820 5130 3161 5187 saeculorum.
3191 5129 3385 5186 Amen.

2348 5222 2533 5283 Oratio
2565 5221 2841 5277 oblationis
2888 5238 3055 5276 sacrm
3074 5234 3093 5273 :
3116 5219 3160 5276 Ο
3191 5220 3437 5291 princeps
3478 5222 3659 5276 noster,
3680 5204 3770 5262 ἔθευ

2274 5315 2514 5379 Christe,
2545 5313 2698 5383 cujus
2726 5315 3027 5369 substantia
3054 5322 3235 5369 creata
3263 5325 3368 5366 non
3396 5316 3494 5375 est,
3529 5305 3612 5362 sed
3634 5314 3681 5357 es
3700 5310 3769 5366 Ρυ·

2276 5423 2395 5461 rum
2424 5404 2699 5473 Verbum;
2731 5414 2786 5461 tu
2813 5421 2873 5462 es
2898 5405 3067 5462 Filius
3091 5404 3268 5461 Patris
3295 5413 3349 5460 et
3385 5401 3601 5472 Spiritus
3625 5387 3768 5450 sancti.

2276 5496 2354 5551 'l‘u
2383 5512 2442 5553 es
2466 5497 2621 5568 panis
2644 5495 2788 5562 vitae,
2814 5495 3147 5553 descendens
3175 5496 3242 5552 de
3261 5496 3416 5561 caelo,
3436 5493 3521 5566 qui
3547 5489 3769 5554 antequam

2276 5590 2515 5656 venires,
2542 5604 2665 5645 eras
2691 5588 2745 5645 in
2774 5588 2943 5661 ﬁgura
2976 5589 3114 5662 Agni
3139 5588 3458 5645 immaculati
3489 5597 3578 5657 pro
3610 5576 3766 5635 redem‘

2275 5681 2461 5753 ptione
2501 5682 2709 5737 mundi.
2758 5680 2914 5750 Nunc
2962 5680 3257 5737 bonitatem
3306 5668 3451 5735 tuam
3493 5684 3633 5745 super
3668 5666 3768 5721 hunc

2274 5786 2467 5839 panem
2497 5780 2554 5829 et
2591 5771 2814 5830 calicem
2858 5771 2913 5827 in
2941 5771 3045 5827 hoc
3076 5771 3247 5827 altare
3291 5766 3531 5842 portatile
3553 5753 3761 5819 ostendas.
