3924 6318
144 350 255 411 915,

1455 346 1656 402 MISSA
1697 344 2100 406 ETHIOPUM.

3290 355 3394 411 9M

142 461 181 531 1-
206 459 458 527 Benedic,
485 460 525 531 1-
557 457 856 525 sanctiﬁca,
880 459 920 529 1-
942 456 1164 523 munda,
1183 463 1240 511 et
1265 455 1498 512 transfer
1517 472 1710 527 panem
1738 444 1790 535 _A
1816 479 1936 519 rum
1962 474 2273 522 sanctorum
2302 474 2549 536 patrum;
2578 476 2632 521 et
2653 466 2958 537 quindecim
2988 467 3406 538 prophetarum,-

140 552 284 609 hunc
312 551 366 607 in
393 568 612 607 carnem
647 560 794 606 tuam
820 549 1252 615 immaculatam;
1291 557 1345 604 et
1373 549 1555 603 vinum
1587 549 1710 615 hoc,

141 642 197 699 in
223 640 536 712 sanguinem
563 651 711 697 tuum
741 642 1059 711 pretiosum.
1100 639 1223 695 Fiat
1248 639 1579 695 sacriﬁcium
1620 655 1712 694 ar-

140 731 270 788 dens
292 740 346 786 et
379 730 729 803 acuptabile,
756 731 965 786 medela
1005 739 1059 785 et
1098 730 1246 787 salus
1282 730 1478 786 anima:
1503 739 1560 785 et
1588 746 1711 787 eor-

138 823 254 892 pori
294 832 512 889 nostro;
541 822 666 892 quia
698 832 755 879 tu
782 837 842 878 es
868 822 985 878 Rex
1010 829 1194 878 noster
1225 829 1281 877 et
1303 821 1553 877 Christus
1572 820 1715 877 Deus

138 924 345 980 noster,
392 914 540 969 omni
578 915 757 980 laude,
803 910 1129 977 reverentia,
1175 920 1231 969 et
1258 911 1427 983 gloria
1459 912 1554 966 tibi
1590 929 1715 984 gra-

135 1006 241 1061 tias
267 1005 507 1076 agimus;
543 1020 663 1061 cum
690 1004 853 1060 Patre
893 1012 985 1061 tuo
1021 1004 1254 1071 cmlesti,
1280 1002 1487 1074 Spiritu
1524 1015 1714 1061 sancto

135 1094 307 1158 vitali,
354 1110 517 1161 nunc,
548 1104 607 1150 et
653 1110 889 1166 semper,
918 1103 973 1150 et
1021 1095 1077 1150 in
1129 1094 1323 1150 stecula
1370 1094 1711 1150 saeculorum.

133 1186 327 1241 Amen.

206 1279 474 1335 Diacomts
502 1295 518 1332 .'
548 1281 771 1336 Flectite
792 1294 992 1352 genua.

210 1370 443 1440 Populus
470 1389 490 1427 :
521 1375 663 1429 Ante
693 1383 765 1441 te,
798 1373 1045 1440 Domine,
1089 1372 1380 1440 flectimus,
1428 1382 1483 1429 et
1522 1382 1574 1430 te
1605 1374 1716 1428 lar.-

133 1463 347 1518 damus.
1604 1452 1605 1455 Ἴ

206 1554 502 1628 Coadjutor
525 1557 813 1613 sacerdotis
844 1557 972 1614 dicit
997 1560 1138 1630 quod
1173 1559 1453 1629 sequitur:

205 1646 455 1714 Domine,
474 1648 720 1715 Domine,
742 1647 848 1705 Fili
866 1649 1047 1717 unice,
1069 1646 1198 1705 Jesu
1221 1649 1455 1719 Christe,
1481 1651 1719 1707 Verbum

130 1736 229 1794 Dei
254 1737 454 1807 Patris,
475 1741 566 1811 qui
591 1741 749 1797 nobis
772 1757 867 1813 per
893 1752 1040 1797 tuam
1066 1740 1398 1799 salutiferam
1421 1752 1478 1800 et
1496 1743 1714 1805 vitalem

130 1835 464 1904 passionem,
510 1846 855 1906 peccatorum
904 1848 1214 1897 nostrorum
1262 1839 1480 1897 vincula
1530 1840 1714 1897 omnia

128 1924 403 1996 dirupisti,
435 1926 525 1996 qui
562 1927 615 1981 in
662 1928 1047 1999 discipulorum
1083 1937 1415 1996 sanctorum,
1449 1930 1714 1986 immacu-

127 2014 368 2070 latorum
412 2016 785 2073 ministrorum
818 2027 1033 2077 tuorum
1082 2019 1274 2076 faciem
1306 2020 1611 2087 insulliasti,
1637 2022 1718 2075 di-

124 2106 342 2163 cendo:
370 2106 598 2178 Accipite
626 2106 883 2176 Spiritum
924 2121 1201 2166 sanctum:
1238 2128 1459 2184 quorum
1502 2115 1719 2168 remisc-

127 2197 245 2254 titis
267 2206 480 2266 peccata
506 2199 844 2254 remittuntur
881 2201 981 2264 eis,
1027 2212 1073 2255 et
1111 2217 1335 2272 quorum
1377 2202 1717 2267 retiuueritis,

123 2294 330 2342 retenta
354 2297 511 2355 sunt;
538 2298 761 2360 przesta,
793 2290 1037 2357 Domine,
1066 2291 1209 2347 sicut
1230 2293 1312 2349 eis
1353 2293 1457 2349 hoc
1477 2293 1714 2349 ofﬁcium

127 2377 469 2435 sacerdotale
514 2378 756 2434 Ecclesia
803 2390 992 2437 sancta
1047 2398 1160 2448 tua,
1210 2399 1333 2437 cum
1361 2392 1630 2453 potestate
1659 2384 1720 2438 li-

127 2468 293 2538 gandi
318 2476 373 2524 et
400 2468 711 2527 absolvendi
740 2471 793 2526 in
819 2472 966 2527 omni
998 2479 1239 2543 tempore
1272 2482 1492 2543 peccata
1521 2482 1577 2529 et
1604 2477 1721 2529 vin-

124 2562 252 2616 cula
279 2561 631 2630 iniquitatum
656 2571 994 2629 nostrarum,
1022 2564 1285 2630 tribuisti,
1317 2565 1393 2619 ita
1418 2566 1716 2620 bonitatem

124 2662 187 2717 et
211 2652 554 2709 clementiam
605 2662 752 2711 tuam
797 2654 1169 2726 imploramus,
1212 2670 1247 2711 ο
1293 2664 1507 2711 amator
1546 2656 1719 2711 homi-

125 2760 288 2813 num,
311 2754 372 2800 ut
396 2745 678 2802 absolvant
707 2762 806 2802 nos
843 2761 1034 2803 servos
1056 2756 1199 2814 tuos,
1222 2756 1277 2802 et
1302 2756 1577 2817 parentes,
1610 2747 1720 2801 fra-

128 2842 268 2901 tres,
297 2848 535 2901 sorores,
565 2844 622 2891 ct
650 2836 855 2892 amicos
882 2846 1119 2903 nostros,
1150 2843 1205 2895 et
1242 2851 1330 2892 me
1357 2848 1721 2908 peccatorem,

127 2932 186 2979 et
229 2939 422 2981 omnes
469 2924 647 2993 capita
689 2941 784 2981 sua
835 2925 1158 2982 inclinantes
1200 2934 1330 2982 ante
1369 2936 1716 2997 conspectum

126 3024 284 3072 tuum
328 3017 381 3071 in
426 3017 528 3072 hoc
575 3018 844 3073 sacriﬁcio
871 3027 1061 3074 sancto
1097 3028 1227 3086 tuo;
1259 3020 1431 3091 dirige
1457 3035 1577 3085 nos,
1613 3023 1718 3075 Du-

126 3109 302 3177 mine,
332 3108 386 3164 in
416 3109 554 3164 viam
582 3110 968 3167 misericordiae
999 3111 1435 3183 utm;disrumpc
1454 3120 1509 3167 et
1534 3112 1719 3185 frange

128 3201 317 3257 omnia
353 3202 563 3263 vincula
592 3212 937 3273 peccatorum
978 3214 1309 3260 nostrorum.

198 3293 251 3349 Ο
278 3292 529 3360 Domine,
558 3295 605 3350 si
653 3296 887 3351 scienter
912 3305 1005 3351 aut
1032 3297 1365 3369 ignoranter,
1399 3307 1492 3353 aut
1516 3300 1731 3355 malitia

124 3384 338 3449 cordis,
366 3383 588 3440 levitate
616 3385 857 3455 spiritus,
890 3395 985 3441 aut
1023 3387 1374 3444 inclinatione
1416 3398 1470 3445 et
1511 3390 1719 3446 macula

122 3475 339 3541 carnis,
369 3474 559 3543 lactis,
577 3478 778 3544 verbis,
797 3487 850 3534 et
880 3480 1214 3549 temporibus
1236 3482 1578 3549 peccavimus
1601 3484 1718 3547 tibi,

122 3580 323 3636 parce,
365 3564 609 3630 Domine,
658 3568 785 3636 quia
835 3568 944 3624 scis
988 3567 1334 3640 fragilitatem
1382 3580 1643 3626 nostram.
1677 3571 1721 3627 Ο

123 3658 342 3729 optime
371 3658 597 3714 Domine
623 3661 882 3726 universi,
914 3670 969 3717 ct
1012 3669 1225 3717 amator
1257 3663 1556 3728 hominum,
1585 3680 1719 3719 con-

124 3749 268 3804 cede
310 3748 469 3804 nobis
502 3749 877 3806 remissionem
919 3761 1268 3822 peccatorum
1318 3762 1647 3808 nostrorum.
1682 3756 1723 3824 1-

122 3836 394 3902 Benedic,
418 3845 474 3893 et
492 3838 533 3909 1-
556 3840 854 3906 sanctiﬁca,
877 3842 917 3912 1-
947 3840 1235 3897 mundifica
1266 3850 1321 3897 et
1357 3843 1640 3909 odorilica,
1668 3854 1721 3899 et

122 3929 225 3984 fac
247 3943 350 3983 nos
373 3927 572 3983 liberos
596 3938 652 3984 et
671 3930 1224 3989 absolutos._Ahsolve
1247 3933 1548 4005 pontifices,
1575 3936 1721 4006 prin-

124 4018 312 4090 cipes,
342 4025 397 4073 et
421 4032 573 4089 reges
595 4030 841 4087 nostros;
871 4023 1230 4092 patriarchas,
1258 4025 1719 4097 archiepiscopos,

122 4109 443 4180 episcopos,
463 4112 793 4175 sacerdotes,
811 4112 1088 4179 diaconos,
1104 4122 1161 4170 et
1179 4115 1462 4173 ministros
1486 4128 1722 4188 nostros,

124 4208 185 4253 et
213 4197 473 4268 populum
511 4209 695 4277 tuum,
734 4212 990 4271 parentes
1018 4213 1074 4258 et
1121 4203 1321 4261 fratres
1344 4217 1584 4265 nostros.
1613 4208 1727 4267 Me-

121 4297 344 4355 mento,
369 4289 595 4347 Domine
612 4332 628 4358 ,
644 4292 1023 4349 dormientium
1038 4296 1364 4367 principum,
1387 4301 1723 4370 pontificum,

125 4394 354 4448 regum,
375 4382 831 4452 patriarcharum,
856 4385 1413 4458 archiepiscOporum,
1448 4391 1727 4462 episcopo-

122 4487 284 4539 rum,
313 4475 673 4537 sacerdotum,
705 4476 1076 4543 diaconorum,
1109 4488 1166 4533 et
1208 4479 1579 4537 ministrorum
1608 4492 1725 4539 tno~

123 4573 597 4637 rum,-parentum
637 4575 973 4635 nostrorum,
1010 4577 1065 4624 et
1089 4571 1328 4625 omnium
1360 4572 1413 4628 in
1445 4582 1592 4629 recta
1623 4576 1726 4631 ﬁde

122 4652 564 4724 quiescentium,
604 4665 661 4711 et
688 4656 852 4727 imple
897 4673 998 4714 nos
1043 4660 1236 4716 timore
1264 4664 1499 4720 nominis
1542 4666 1638 4731 tui,
1671 4677 1728 4722 et

121 4747 319 4817 dirige
339 4762 438 4802 nos
465 4746 646 4804 facere
674 4748 1005 4805 voluntatem
1031 4761 1200 4807 tuam.
1227 4753 1311 4809 Sit
1336 4755 1429 4810 tibi
1458 4756 1650 4827 gloria,
1673 4769 1730 4813 et

121 4836 343 4902 honor,
368 4836 493 4906 quia
521 4844 576 4891 tu
607 4836 754 4894 solus
787 4839 868 4895 eis
901 4837 1096 4909 dignus
1121 4856 1201 4907 es,
1233 4842 1286 4897 in
1329 4844 1527 4900 smcula
1561 4862 1730 4903 saecu-

121 4926 343 4980 lorum.
372 4927 575 4981 Amen.

214 5013 377 5071 Servi
411 5016 486 5070 tui
515 5017 675 5072 hodie
701 5018 1092 5084 ministrantes,
1128 5024 1403 5088 sacerdos,
1445 5024 1724 5095 diaconus,

122 5115 196 5162 et
235 5121 430 5163 omnes
472 5108 729 5176 ministri,
775 5111 1022 5180 populus,
1068 5122 1122 5166 et
1168 5130 1268 5183 ego
1310 5132 1514 5185 pauper
1542 5134 1730 5174 servus

126 5210 275 5255 tuus
297 5207 354 5253 et
377 5209 653 5268 peccator,
670 5200 1011 5258 absolvamur
1026 5219 1120 5273 per
1136 5222 1198 5261 os
1220 5205 1502 5263 Trinitatis
1528 5220 1729 5265 sancta'

126 5290 350 5356 Patris,
395 5291 515 5346 Filii
544 5301 602 5347 et
653 5292 885 5364 Spiritus
912 5296 1082 5350 sancti
1113 5304 1169 5352 et
1199 5298 1368 5352 beatae
1401 5297 1581 5354 Mariae
1606 5302 1726 5358 cteli

129 5381 398 5445 secundi.
426 5383 614 5439 Matris
631 5383 726 5440 Dei
758 5403 772 5439 :
804 5400 899 5456 per
923 5401 985 5442 os
1026 5386 1323 5455 Michaelis,
1355 5389 1643 5459 Gabrielis,
1674 5404 1728 5449 et

125 5471 392 5526 omnium
421 5473 894 5544 archangclorum,
944 5484 1003 5531 et
1033 5478 1323 5548 nonaginta
1353 5495 1544 5536 novem
1585 5482 1732 5537 ordi-

130 5577 283 5618 num
313 5562 647 5634 angelorum,
672 5572 728 5619 et
755 5564 903 5619 mille
940 5565 1166 5621 millium
1198 5569 1641 5637 ministrantium,
1676 5580 1733 5628 et

132 5670 385 5725 quorum
429 5657 648 5713 nomina
696 5673 986 5715 numerare
1035 5659 1333 5728 nescimus;
1391 5670 1446 5718 et
1491 5674 1725 5733 quatuor

141 5744 491 5817 animalium,
524 5757 579 5803 ct
612 5747 796 5819 viginti
835 5757 1062 5819 quatuor
1103 5748 1398 5819 seniorum,
1434 5762 1487 5809 et
1524 5755 1729 5826 primo-

1815 563 1868 611 ct
1908 555 2194 612 duodecim
2236 572 2425 612 eorum
2477 557 2744 623 ﬁliorum;
2779 566 2832 613 et
2865 571 2962 627 per
3000 573 3065 612 os
3108 555 3393 612 duodecim

1815 646 2203 718 apostolorum,
2233 655 2287 702 et
2322 649 2494 703 sancti
2525 647 2709 704 Jacobi
2735 650 2975 720 episcOpi
3007 649 3426 722 Hierosolymi-'

1815 735 1949 801 tani,
2002 744 2056 791 et
2082 736 2252 791 sancti
2310 737 2486 804 Pauli,
2538 739 2832 805 Timothei,
2881 740 3061 811 Syllze,
3114 739 3393 805 Barnabas,

1815 823 1941 891 Titi,
1970 824 2321 891 Philemonis,
2353 826 2672 895 Clementis,
2703 837 2756 885 et
2786 829 3029 885 omnium
3053 830 3394 898 septuaginta

1814 914 2042 969 duorum
2074 910 2481 987 discipulorum,
2512 926 2569 971 ct
2595 904 3013 988 quingentorum
3046 931 3267 973 suorum
3309 932 3399 971 so-

1815 1007 2023 1063 ciorum
2053 1024 2067 1061 :
2096 1015 2150 1063 et
2176 1023 2274 1077 per
2299 1023 2360 1063 os
2383 1010 2556 1064 sancti
2587 1010 2750 1064 Marci
2785 1011 3122 1065 divinitatum
3156 1010 3396 1065 claman-

1818 1096 1907 1163 tis,
1939 1106 1995 1151 et
2019 1095 2250 1153 aliorum
2279 1098 2766 1169 evan'gelistarum;
2804 1110 2859 1155 ct
2896 1118 2993 1172 per
3037 1117 3100 1156 os
3131 1108 3401 1156 trecento-

1815 1205 1934 1246 rum
1955 1199 2013 1246 et
2038 1191 2222 1247 decem
2246 1199 2303 1246 et
2322 1198 2444 1247 octo
2463 1192 2859 1263 episcoporum,
2887 1193 2976 1263 qui
3001 1208 3097 1262 pro
3123 1201 3268 1249 recta
3294 1192 3401 1247 tida
3492 1232 3497 1237 .

1816 1281 1871 1336 ln
1917 1282 2122 1353 synodo
2164 1281 2378 1339 Nicaena
2424 1286 2736 1355 congregati
2793 1283 3029 1348 fuerunt,
3084 1295 3134 1339 et
3180 1294 3398 1341 centum

1816 1372 2204 1443 quinquaginta
2233 1374 2285 1429 in
2311 1372 2932 1445 Constantinopolitana,
2961 1385 3017 1431 et
3045 1375 3399 1433 ducentorum

1817 1459 1872 1517 in
1912 1463 2120 1534 synodo
2146 1463 2448 1533 Ephesina;
2481 1475 2535 1520 et
2565 1479 2661 1535 per
2692 1481 2754 1520 os
2785 1465 3054 1535 pontificis
3083 1466 3256 1522 nostri
3296 1466 3399 1523 Sa-

1816 1554 1984 1620 viros,
2008 1553 2236 1611 Joannis
2257 1548 2633 1628 Chrysostomi
2663 1558 2774 1613 oris
2814 1556 2985 1624 aurei,
3017 1556 3226 1630 Cyrilli,
3249 1556 3405 1613 Basi-

1815 1644 1897 1713 lii,
1958 1645 2267 1718 Theophili,
2305 1648 2919 1720 .Athanasii,Cregorii,
2973 1659 3030 1706 et
3087 1652 3403 1722 pontificum

1822 1745 2149 1800 nostrorum,
2202 1738 2459 1804 Matthmi,
2508 1737 2798 1806 Gabrielis,
2845 1739 3091 1807 Joannis,
3148 1742 3403 1807 Salamaz,

1823 1828 2223 1897 Bartholomaei,
2251 1829 2419 1894 Isaac,
2436 1829 2645 1896 Marcii,
2668 1840 2723 1886 et
2750 1848 2848 1902 per
2872 1848 2933 1888 os
2954 1832 3208 1887 Ecclesia:
3234 1833 3407 1887 unicae

1821 1935 1943 1991 qua:
1989 1930 2314 1992 congregata
2359 1919 2462 1975 fuit
2503 1936 2601 1992 per
2646 1923 2920 1992 apostolos
2947 1931 3201 1989 sanctos;
3232 1932 3285 1978 et
3310 1937 3407 1993 per

1821 2027 1909 2068 me
1950 2022 2292 2083 peccatorem
2342 2012 2723 2080 absolvamini,
2771 2024 2827 2070 et
2869 2013 3202 2083 impleamini
3231 2013 3405 2084 gratia

1822 2103 1888 2159 ad
1922 2103 2155 2175 gloriam
2193 2110 2249 2159 et
2296 2103 2585 2170 honorem,
2636 2103 2835 2168 Patris,
2885 2103 3032 2169 Filii,
3077 2113 3130 2160 et
3171 2102 3407 2175 Spiritus

1822 2195 2019 2250 sancti.
2039 2195 2236 2251 Amen.

1893 2284 2020 2352 Hic,
2046 2287 2290 2341 sacerdos
2314 2286 2549 2342 declarat
2589 2296 2791 2358 epacta,
2833 2302 3051 2341 aureum
3102 2301 3402 2352 numerum,

1820 2379 2035 2432 mobilia
2084 2388 2132 2431 et
2182 2378 2471 2432 immobilia
2510 2378 2664 2449 festa,
2698 2376 3075 2448 indulgentias,
3123 2385 3171 2432 et
3222 2392 3403 2432 omnes

1821 2472 1954 2524 ritus
1977 2478 2023 2523 et
2051 2469 2374 2525 ceremonias
2409 2486 2442 2523 a
2468 2469 2727 2541 principio
2773 2484 2933 2539 usque
2956 2467 3026 2522 ad
3055 2467 3234 2538 ﬁnem,
3276 2478 3323 2523 et
3353 2471 3407 2523 in

1820 2562 2052 2616 vivorum
2071 2569 2120 2615 et
2141 2560 2510 2631 defunctorum
2532 2561 2837 2615 memoriam
2865 2559 3089 2629 cﬂ‘uudit
3113 2560 3406 2627 incensum,

1819 2663 1868 2708 et
1901 2652 2230 2722 prosequitur
2256 2651 2393 2706 hanc
2421 2652 2716 2706 orationem
2749 2650 2988 2721 ponendo
3031 2657 3111 2705 ter
3138 2651 3407 2706 incensum

1819 2745 1876 2800 in
1905 2743 2193 2811 thuribufo,
2224 2746 2403 2800 dicens
2424 2756 2446 2799 .'

1891 2837 1930 2906 1-
1952 2835 2277 2892 Benedictus
2305 2835 2468 2892 Pater
2491 2837 2852 2907 omnipotens.
2883 2839 2923 2907 1-
2961 2836 3285 2893 Benedictus
3305 2835 3401 2891 Fi-

1820 2927 1925 2981 lius
1970 2926 2163 2982 unicus
2206 2923 2364 2981 Jesus
2404 2925 2675 2982 Christus.
2725 2928 2764 2998 1-
2791 2927 3114 2985 Benedictus
3165 2928 3402 2999 Spiritus

1820 3015 2154 3085 Paracletus,
2179 3016 2380 3088 quibus
2407 3032 2572 3085 nunc,
2597 3026 2659 3075 et
2674 3030 2891 3089 semper
2920 3018 3112 3086 honor,
3130 3028 3187 3075 et
3212 3019 3405 3091 gloria.

1821 3106 2017 3166 Amen.

1900 3201 2099 3257 Deinde
2125 3203 2468 3259 circumcirca
2505 3203 2674 3260 altare
2704 3204 3044 3269 incensaudo,
3076 3202 3202 3259 dicit
3228 3219 3248 3260 :

1895 3293 2121 3349 Alleluia
2164 3291 2351 3360 Patri,
2402 3293 2627 3351 Alleluia
2675 3295 2850 3361 Filio,
2901 3293 3131 3350 Alleluia
3182 3293 3408 3365 Spiritui

1823 3396 2034 3452 sancto,
2064 3396 2228 3453 nunc,
2257 3393 2315 3442 et
2361 3398 2596 3457 semper,
2645 3396 2700 3442 et
2743 3386 2797 3441 in
2828 3385 3021 3442 saecula
3065 3386 3404 3442 saeculorum.

1821 3471 2014 3532 Amen.

1892 3564 1931 3637 1-
1951 3565 1995 3621 O
2019 3565 2161 3622 Deus
2182 3565 2239 3620 in
2257 3573 2553 3631 aeternum;
2590 3575 2643 3621 tu
2663 3582 2721 3622 es
2745 3576 2871 3622 ante
2892 3577 2945 3622 ct
2968 3575 3111 3638 post,
3135 3568 3226 3638 qui
3255 3583 3413 3623 cares

1816 3655 2090 3728 principio
2126 3663 2183 3711 et
2225 3654 2352 3719 line,
2385 3671 2615 3727 magnus
2646 3658 2699 3711 in
2725 3658 3088 3728 providentia,
3134 3664 3327 3727 potens
3356 3657 3411 3712 in

1821 3764 1987 3820 opere
2007 3757 2062 3804 et
2088 3749 2324 3818 prudens
2350 3749 2403 3803 in
2434 3749 2687 3817 consilio,
2715 3764 2836 3819 qua:
2863 3749 3041 3806 omnia
3076 3749 3128 3804 in
3157 3748 3411 3805 omnibus

1823 3839 2245 3895 demonstratur.
2290 3835 2555 3903 Oramus,
2600 3848 2656 3893 et
2702 3838 2972 3909 supplices
3024 3848 3076 3893 te
3127 3853 3401 3910 rogamus,

1823 3925 2077 3998 Domine,
2104 3938 2165 3984 ut
2192 3928 2246 3983 in
2267 3928 2388 3983 'hac
2431 3928 2518 3983 die
2546 3928 2825 3984 nobiscum
2848 3945 3089 3995 maneas,
3134 3941 3187 3985 et
3218 3929 3413 3985 faciem

1824 4028 1971 4074 tuam
1993 4032 2156 4089 super
2177 4033 2274 4074 nos
2299 4018 2592 4085 ostendas;
2618 4019 2900 4075 nobiscum
2919 4020 3122 4086 habita,
3148 4019 3266 4075 dele
3291 4035 3415 4090 pec-

1823 4122 1947 4169 cata
1983 4119 2040 4167 et
2074 4110 2394 4180 iniquitates
2432 4118 2647 4166 nostras
2685 4126 2807 4181 quae
2847 4111 3153 4167 voluntarie
3176 4118 3231 4166 et
3261 4112 3412 4166 invo-

1825 4202 2082 4270 luntarie,
2118 4202 2356 4257 scienter
2383 4210 2438 4256 et
2466 4201 2784 4273 ignoranter
2807 4202 3058 4268 fecimus,
3089 4203 3289 4258 munda
3318 4214 3415 4259 cor

1827 4304 2095 4362 nostrum,
2144 4303 2201 4351 et
2245 4294 2524 4350 sanctiﬁca
2571 4295 2811 4350 animam
2858 4305 3120 4352 nostram.
3154 4295 3416 4352 Permitte

1828 4402 1926 4441 nos
1971 4386 2072 4441 tibi
2117 4386 2571 4456 appropinquare.
2633 4384 2869 4451 Oblatio,
2908 4393 2963 4441 et
2998 4388 3295 4459 gratiarum
3325 4402 3415 4443 sa-

1830 4476 2115 4541 criﬁcium,
2148 4476 2426 4530 incensum
2457 4477 2742 4547 spirituale
2780 4479 2948 4535 intret
2974 4488 3028 4534 et
3055 4480 3319 4537 ascendat
3357 4480 3413 4535 in

1829 4576 2121 4636 conspectu
2149 4567 2458 4622 sanctitatis
2486 4576 2611 4623 tute.

1900 4656 2032 4711 Cum
2054 4658 2285 4710 incensat
2319 4655 2506 4724 altare,
2537 4657 2665 4711 dicit
2692 4658 3019 4713 orationem:

1900 4749 2191 4815 Memento,
2226 4748 2471 4814 Domine,
2524 4749 2698 4804 unicae
2744 4749 3003 4806 Ecclesia:
3057 4760 3160 4808 tua:
3210 4762 3414 4810 sanctze

1831 4839 2229 4912 apostolicasglet
2247 4840 2681 4911 congregationis
2705 4850 2830 4907 tuae,
2849 4855 3009 4911 quam
3032 4844 3321 4912 possedisti
3346 4843 3415 4899 ab

1832 4933 2004 4988 initio.
2040 4932 2336 4995 Memento,
2382 4931 2629 4997 Domine,
2676 4931 2937 5002 principis
2977 4934 3172 4996 nostri.
3222 4933 3313 5001 N.,
3359 4944 3415 4990 et

1832 5024 2137 5077 antistitum
2187 5021 2407 5077 Patrum
2454 5031 2788 5091 nostrorum,
2823 5023 3276 5094 patriarcharum,
3319 5038 3410 5079 ar-

1830 5116 2323 5186 chiepiscoporum,
2347 5116 2723 5186 episcoporum
2735 5157 2749 5182 ,
2765 5116 3131 5182 sacerdotum,
3149 5117 3410 5172 diacono-

1786 5222 1791 5231 τ
1831 5224 1970 5271 rum,
1999 5217 2056 5263 et
2084 5208 2325 5262 omnium
2348 5206 2657 5276 apostolicae
2671 5208 2792 5264 ﬁdei
2814 5197 3406 5273 cultorum.Mcmento,

1833 5297 2077 5362 Domine,
2124 5297 2269 5370 regis
2313 5296 2506 5363 nostri,
2537 5296 2623 5357 N..
2657 5305 2713 5353 et
2743 5297 2984 5353 omnium
3037 5314 3220 5368 regum
3250 5297 3410 5352 Chri—

1831 5391 2156 5454 stianorum,
2214 5397 2530 5459 parentum,
2597 5389 2920 5445 famulorum
2976 5387 3409 5458 fanmlaruurque

1834 5487 2070 5542 tuarum,
2114 5477 2342 5533 fratrum
2373 5487 2427 5533 et
2454 5493 2700 5533 sororum
2743 5477 2982 5533 omnium
3016 5477 3249 5533 ﬁdelium
3280 5478 3408 5533 dor-

1835 5569 2139 5637 mientium,
2169 5578 2227 5627 et
2254 5570 2305 5625 in
2336 5570 2493 5642 signo
2519 5578 2680 5626 recta:
2705 5568 2826 5624 ﬁdei
2850 5571 3269 5641 quiescentium.
3304 5570 3411 5627 Me-

1835 5670 2033 5723 mento.
2066 5663 2311 5730 Domine,
2359 5662 2834 5736 congregationum
2866 5672 3193 5733 nostrarum,
3222 5673 3276 5720 ct
3306 5662 3397 5720 be-

1835 5756 1989 5810 netlic
2020 5756 2118 5810 eis.
