  <div class='ocr_page' id='page_1' title='image "/cluster/home/n/w/nwhite01/storage/ocr_20150623/138/hvd.32044015471774/463.png"; bbox 0 0 3924 6318; ppageno 0'>
   <div class='ocr_carea' id='block_1_1' title="bbox 499 340 3765 443">
    <p class='ocr_par' dir='ltr' id='par_1_1' title="bbox 499 340 3765 443">
     <span class='ocr_line' id='line_1_1' title="bbox 499 340 3765 443; baseline -0.006 -11"><span class='ocrx_word' id='word_1_1' title='bbox 499 386 604 443; x_wconf 71' lang='grc'><strong>915</strong></span> <span class='ocrx_word' id='word_1_2' title='bbox 1325 367 1608 424; x_wconf 67' lang='lat' dir='ltr'><strong>sereno.</strong></span> <span class='ocrx_word' id='word_1_3' title='bbox 1654 365 1746 419; x_wconf 78' lang='lat' dir='ltr'><strong>AD</strong></span> <span class='ocrx_word' id='word_1_4' title='bbox 1786 362 1960 418; x_wconf 60' lang='lat' dir='ltr'><strong>sese.</strong></span> <span class='ocrx_word' id='word_1_5' title='bbox 2003 363 2081 425; x_wconf 74' lang='lat' dir='ltr'><strong>x.</strong></span> <span class='ocrx_word' id='word_1_6' title='bbox 2126 390 2196 402; x_wconf 85' lang='grc'><strong>-</strong></span> <span class='ocrx_word' id='word_1_7' title='bbox 2235 357 2664 417; x_wconf 65' lang='lat' dir='ltr'><strong>manumanu</strong></span> <span class='ocrx_word' id='word_1_8' title='bbox 2704 357 2982 414; x_wconf 76' lang='lat' dir='ltr'><strong>mune.</strong></span> <span class='ocrx_word' id='word_1_9' title='bbox 3468 340 3491 363; x_wconf 87' lang='lat'><strong>&#39;</strong></span> <span class='ocrx_word' id='word_1_10' title='bbox 3672 355 3765 413; x_wconf 80' lang='lat' dir='ltr'><strong>9l6</strong></span> 
     </span>
    </p>
   </div>
   <div class='ocr_carea' id='block_1_2' title="bbox 569 474 3154 561">
    <p class='ocr_par' dir='ltr' id='par_1_2' title="bbox 569 474 3154 561">
     <span class='ocr_line' id='line_1_2' title="bbox 569 474 3154 561; baseline -0.011 -5"><span class='ocrx_word' id='word_1_11' title='bbox 569 501 838 555; x_wconf 84' lang='lat' dir='ltr'><strong><em>Diaconus</em></strong></span> <span class='ocrx_word' id='word_1_12' title='bbox 869 492 1037 549; x_wconf 85' lang='lat' dir='ltr'><strong><em>dicit:</em></strong></span> <span class='ocrx_word' id='word_1_13' title='bbox 1062 486 1278 561; x_wconf 88' lang='lat' dir='ltr'><strong>Surgite</strong></span> <span class='ocrx_word' id='word_1_14' title='bbox 1302 488 1356 542; x_wconf 91' lang='lat' dir='ltr'><strong>in</strong></span> <span class='ocrx_word' id='word_1_15' title='bbox 1383 485 1706 541; x_wconf 85' lang='lat' dir='ltr'><strong>orationem.</strong></span> <span class='ocrx_word' id='word_1_16' title='bbox 1796 537 1800 541; x_wconf 22' lang='lat'><strong>.</strong></span> <span class='ocrx_word' id='word_1_17' title='bbox 2111 481 2158 538; x_wconf 78' lang='grc' dir='ltr'><strong>Α</strong></span> <span class='ocrx_word' id='word_1_18' title='bbox 2261 474 2495 547; x_wconf 83' lang='lat' dir='ltr'><strong><em>Populus</em></strong></span> <span class='ocrx_word' id='word_1_19' title='bbox 2525 493 2544 531; x_wconf 86' lang='lat'><strong><em>:</em></strong></span> <span class='ocrx_word' id='word_1_20' title='bbox 2572 476 2638 531; x_wconf 86' lang='lat' dir='ltr'><strong>Et</strong></span> <span class='ocrx_word' id='word_1_21' title='bbox 2666 491 2787 531; x_wconf 86' lang='lat' dir='ltr'><strong>cum</strong></span> <span class='ocrx_word' id='word_1_22' title='bbox 2820 476 3011 545; x_wconf 84' lang='lat' dir='ltr'><strong>spiritu</strong></span> <span class='ocrx_word' id='word_1_23' title='bbox 3043 474 3154 531; x_wconf 74' lang='lat' dir='ltr'><strong>tuo.</strong></span> 
     </span>
    </p>
   </div>
   <div class='ocr_carea' id='block_1_3' title="bbox 572 564 3772 646">
    <p class='ocr_par' dir='ltr' id='par_1_3' title="bbox 572 564 3772 646">
     <span class='ocr_line' id='line_1_3' title="bbox 572 564 3772 646; baseline -0 -25"><span class='ocrx_word' id='word_1_24' title='bbox 572 588 874 646; x_wconf 51' lang='lat' dir='ltr'><strong>sacerdos.-</strong></span> <span class='ocrx_word' id='word_1_25' title='bbox 897 585 1011 640; x_wconf 55' lang='grc' dir='ltr'><strong>ΡΜ</strong></span> <span class='ocrx_word' id='word_1_26' title='bbox 1040 581 1226 636; x_wconf 66' lang='lat' dir='ltr'><strong>mbis;</strong></span> <span class='ocrx_word' id='word_1_27' title='bbox 2264 568 2522 623; x_wconf 76' lang='lat' dir='ltr'><strong>Sacerdos</strong></span> <span class='ocrx_word' id='word_1_28' title='bbox 2554 568 2790 637; x_wconf 76' lang='lat' dir='ltr'><strong>sequitur</strong></span> <span class='ocrx_word' id='word_1_29' title='bbox 2832 568 3123 621; x_wconf 85' lang='lat' dir='ltr'><strong><em>orationem</em></strong></span> <span class='ocrx_word' id='word_1_30' title='bbox 3160 566 3423 638; x_wconf 82' lang='lat' dir='ltr'><strong><em>signatam</em></strong></span> <span class='ocrx_word' id='word_1_31' title='bbox 3448 564 3548 620; x_wconf 75' lang='lat' dir='ltr'><strong><em>sub</em></strong></span> <span class='ocrx_word' id='word_1_32' title='bbox 3574 567 3718 636; x_wconf 78' lang='lat' dir='ltr'><strong><em>signa</em></strong></span> <span class='ocrx_word' id='word_1_33' title='bbox 3737 568 3772 637; x_wconf 59' lang='lat'><strong>{-</strong></span> 
     </span>
    </p>
   </div>
   <div class='ocr_carea' id='block_1_4' title="bbox 575 657 3771 751">
    <p class='ocr_par' dir='ltr' id='par_1_4' title="bbox 575 657 3771 751">
     <span class='ocr_line' id='line_1_4' title="bbox 575 657 3771 751; baseline -0.003 -33"><span class='ocrx_word' id='word_1_34' title='bbox 575 678 812 751; x_wconf 67' lang='grc' dir='ltr'><strong>Ροριιιηε</strong></span> <span class='ocrx_word' id='word_1_35' title='bbox 835 692 853 730; x_wconf 84' lang='grc'><em>;</em></span> <span class='ocrx_word' id='word_1_36' title='bbox 875 675 942 730; x_wconf 55' lang='lat' dir='ltr'><strong>Et</strong></span> <span class='ocrx_word' id='word_1_37' title='bbox 963 688 1085 729; x_wconf 75' lang='lat' dir='ltr'><strong>cum</strong></span> <span class='ocrx_word' id='word_1_38' title='bbox 1114 671 1307 743; x_wconf 74' lang='lat' dir='ltr'><strong>spiritu</strong></span> <span class='ocrx_word' id='word_1_39' title='bbox 1338 680 1448 725; x_wconf 65' lang='lat' dir='ltr'><strong>tuo,</strong></span> <span class='ocrx_word' id='word_1_40' title='bbox 2192 672 2246 715; x_wconf 89' lang='lat' dir='ltr'><strong>ut</strong></span> <span class='ocrx_word' id='word_1_41' title='bbox 2276 677 2457 730; x_wconf 87' lang='lat' dir='ltr'><strong><em>supra,</em></strong></span> <span class='ocrx_word' id='word_1_42' title='bbox 2482 660 2809 729; x_wconf 76' lang='lat' dir='ltr'><strong>incipientem</strong></span> <span class='ocrx_word' id='word_1_43' title='bbox 2833 676 2848 712; x_wconf 83' lang='lat'><em>:</em></span> <span class='ocrx_word' id='word_1_44' title='bbox 2875 657 2920 714; x_wconf 91' lang='grc' dir='ltr'>Ο</span> <span class='ocrx_word' id='word_1_45' title='bbox 2942 659 3105 724; x_wconf 86' lang='lat' dir='ltr'><strong>Deus,</strong></span> <span class='ocrx_word' id='word_1_46' title='bbox 3130 658 3183 712; x_wconf 90' lang='lat' dir='ltr'><strong>in</strong></span> <span class='ocrx_word' id='word_1_47' title='bbox 3210 666 3471 713; x_wconf 64' lang='lat' dir='ltr'><strong>aeternum</strong></span> <span class='ocrx_word' id='word_1_48' title='bbox 3496 666 3557 711; x_wconf 92' lang='lat' dir='ltr'><strong><em>tu</em></strong></span> <span class='ocrx_word' id='word_1_49' title='bbox 3580 671 3661 722; x_wconf 86' lang='lat' dir='ltr'><strong>es,</strong></span> <span class='ocrx_word' id='word_1_50' title='bbox 3682 668 3771 711; x_wconf 82' lang='lat' dir='ltr'><strong>etc.</strong></span> 
     </span>
    </p>
   </div>
   <div class='ocr_carea' id='block_1_5' title="bbox 576 747 3775 836">
    <p class='ocr_par' dir='ltr' id='par_1_5' title="bbox 576 747 3775 836">
     <span class='ocr_line' id='line_1_5' title="bbox 576 747 3775 836; baseline -0.008 -10"><span class='ocrx_word' id='word_1_51' title='bbox 576 747 855 832; x_wconf 81' lang='lat' dir='ltr'><strong><em>Sacerdos,</em></strong></span> <span class='ocrx_word' id='word_1_52' title='bbox 883 782 1075 836; x_wconf 83' lang='lat' dir='ltr'><strong><em>magna</em></strong></span> <span class='ocrx_word' id='word_1_53' title='bbox 1095 779 1215 819; x_wconf 72' lang='lat' dir='ltr'><strong><em>voce</em></strong></span> <span class='ocrx_word' id='word_1_54' title='bbox 1235 761 1489 833; x_wconf 87' lang='lat' dir='ltr'><strong><em>sequitur,</em></strong></span> <span class='ocrx_word' id='word_1_55' title='bbox 1517 768 1635 813; x_wconf 86' lang='lat' dir='ltr'><strong><em>ter:</em></strong></span> <span class='ocrx_word' id='word_1_56' title='bbox 1659 754 1963 811; x_wconf 84' lang='lat' dir='ltr'><strong>Adoramus</strong></span> <span class='ocrx_word' id='word_1_57' title='bbox 1993 753 2094 809; x_wconf 86' lang='lat' dir='ltr'><strong>Pa-</strong></span> <span class='ocrx_word' id='word_1_58' title='bbox 2265 751 2510 805; x_wconf 78' lang='lat' dir='ltr'><strong><em>Minister</em></strong></span> <span class='ocrx_word' id='word_1_59' title='bbox 2545 752 2651 804; x_wconf 83' lang='lat' dir='ltr'><strong><em>sive</em></strong></span> <span class='ocrx_word' id='word_1_60' title='bbox 2684 751 3037 804; x_wconf 77' lang='lat' dir='ltr'><strong>subdiaconus</strong></span> <span class='ocrx_word' id='word_1_61' title='bbox 3060 790 3075 815; x_wconf 90' lang='lat'><strong>,</strong></span> <span class='ocrx_word' id='word_1_62' title='bbox 3107 758 3231 804; x_wconf 85' lang='lat' dir='ltr'><strong><em>ante</em></strong></span> <span class='ocrx_word' id='word_1_63' title='bbox 3274 748 3571 819; x_wconf 75' lang='lat' dir='ltr'><strong><em>Epistulam</em></strong></span> <span class='ocrx_word' id='word_1_64' title='bbox 3614 747 3775 801; x_wconf 80' lang='lat' dir='ltr'><strong><em>dicit:</em></strong></span> 
     </span>
    </p>
   </div>
   <div class='ocr_carea' id='block_1_6' title="bbox 509 836 3781 925">
    <p class='ocr_par' dir='ltr' id='par_1_6' title="bbox 509 836 3781 925">
     <span class='ocr_line' id='line_1_6' title="bbox 509 836 3781 925; baseline -0.007 -8"><span class='ocrx_word' id='word_1_65' title='bbox 509 859 905 925; x_wconf 87' lang='lat' dir='ltr'><strong>trem,Filium,</strong></span> <span class='ocrx_word' id='word_1_66' title='bbox 925 866 981 910; x_wconf 89' lang='lat' dir='ltr'><strong>et</strong></span> <span class='ocrx_word' id='word_1_67' title='bbox 1004 853 1267 924; x_wconf 88' lang='lat' dir='ltr'><strong>Spiritum</strong></span> <span class='ocrx_word' id='word_1_68' title='bbox 1292 858 1560 913; x_wconf 89' lang='lat' dir='ltr'><strong>sanctum,</strong></span> <span class='ocrx_word' id='word_1_69' title='bbox 1591 847 1790 902; x_wconf 89' lang='lat' dir='ltr'><strong>trinum</strong></span> <span class='ocrx_word' id='word_1_70' title='bbox 1820 854 1877 901; x_wconf 86' lang='lat' dir='ltr'><strong>et</strong></span> <span class='ocrx_word' id='word_1_71' title='bbox 1902 858 2088 899; x_wconf 82' lang='lat' dir='ltr'><strong>unum.</strong></span> <span class='ocrx_word' id='word_1_72' title='bbox 2193 841 2273 896; x_wconf 88' lang='lat' dir='ltr'><strong><em>De</em></strong></span> <span class='ocrx_word' id='word_1_73' title='bbox 2300 840 2537 912; x_wconf 79' lang='lat' dir='ltr'><strong><em>Epistula</em></strong></span> <span class='ocrx_word' id='word_1_74' title='bbox 2574 839 2741 905; x_wconf 83' lang='lat' dir='ltr'><strong><em>Petri,</em></strong></span> <span class='ocrx_word' id='word_1_75' title='bbox 2769 841 2874 894; x_wconf 74' lang='lat' dir='ltr'><strong><em>sive</em></strong></span> <span class='ocrx_word' id='word_1_76' title='bbox 2917 840 3138 896; x_wconf 84' lang='lat' dir='ltr'><strong><em>alterius</em></strong></span> <span class='ocrx_word' id='word_1_77' title='bbox 3180 839 3404 910; x_wconf 77' lang='lat' dir='ltr'><strong>apostoli</strong></span> <span class='ocrx_word' id='word_1_78' title='bbox 3434 855 3451 893; x_wconf 90' lang='lat'><em>:</em></span> <span class='ocrx_word' id='word_1_79' title='bbox 3476 836 3781 906; x_wconf 83' lang='lat' dir='ltr'><strong>Discipulos</strong></span> 
     </span>
    </p>
   </div>
   <div class='ocr_carea' id='block_1_7' title="bbox 575 929 3783 1020">
    <p class='ocr_par' dir='ltr' id='par_1_7' title="bbox 575 929 3783 1020">
     <span class='ocr_line' id='line_1_7' title="bbox 575 929 3783 1020; baseline -0.007 -14"><span class='ocrx_word' id='word_1_80' title='bbox 575 947 770 1020; x_wconf 80' lang='lat' dir='ltr'><strong>Populi</strong></span> <span class='ocrx_word' id='word_1_81' title='bbox 796 945 1048 1017; x_wconf 86' lang='lat' dir='ltr'><strong><em>replicant</em></strong></span> <span class='ocrx_word' id='word_1_82' title='bbox 1072 944 1208 997; x_wconf 81' lang='lat' dir='ltr'><strong><em>idem</em></strong></span> <span class='ocrx_word' id='word_1_83' title='bbox 1233 951 1328 997; x_wconf 87' lang='lat' dir='ltr'><strong>ter.</strong></span> <span class='ocrx_word' id='word_1_84' title='bbox 1461 996 1465 1001; x_wconf 63' lang='grc'><strong><em>,</em></strong></span> <span class='ocrx_word' id='word_1_85' title='bbox 1692 1008 1699 1013; x_wconf 24' lang='grc' dir='ltr'><em>ι</em></span> <span class='ocrx_word' id='word_1_86' title='bbox 1746 970 1749 973; x_wconf 54' lang='grc' dir='ltr'>λ</span> <span class='ocrx_word' id='word_1_87' title='bbox 2195 942 2251 989; x_wconf 92' lang='lat' dir='ltr'><strong>et</strong></span> <span class='ocrx_word' id='word_1_88' title='bbox 2278 933 2559 1002; x_wconf 87' lang='lat' dir='ltr'><strong>apostolus</strong></span> <span class='ocrx_word' id='word_1_89' title='bbox 2586 931 2820 996; x_wconf 84' lang='lat' dir='ltr'><strong>Domini,</strong></span> <span class='ocrx_word' id='word_1_90' title='bbox 2854 941 2909 986; x_wconf 89' lang='lat' dir='ltr'><strong>et</strong></span> <span class='ocrx_word' id='word_1_91' title='bbox 2938 930 3237 986; x_wconf 86' lang='lat' dir='ltr'><strong>Salvatoris</strong></span> <span class='ocrx_word' id='word_1_92' title='bbox 3266 930 3436 986; x_wconf 81' lang='lat' dir='ltr'><strong><em>nostri</em></strong></span> <span class='ocrx_word' id='word_1_93' title='bbox 3468 929 3601 985; x_wconf 82' lang='lat' dir='ltr'><strong>Jesu</strong></span> <span class='ocrx_word' id='word_1_94' title='bbox 3634 929 3783 984; x_wconf 80' lang='lat' dir='ltr'><strong>Chri-</strong></span> 
     </span>
    </p>
   </div>
   <div class='ocr_carea' id='block_1_8' title="bbox 524 1008 3782 1107">
    <p class='ocr_par' dir='ltr' id='par_1_8' title="bbox 524 1008 3782 1107">
     <span class='ocr_line' id='line_1_8' title="bbox 524 1008 3782 1107; baseline -0.007 -12"><span class='ocrx_word' id='word_1_95' title='bbox 524 1090 529 1095; x_wconf 83' lang='lat'><strong>.</strong></span> <span class='ocrx_word' id='word_1_96' title='bbox 577 1008 1138 1107; x_wconf 40' lang='lat' dir='ltr'><strong><em>Sacerdos-sequitur:</em></strong></span> <span class='ocrx_word' id='word_1_97' title='bbox 1166 1032 1275 1086; x_wconf 76' lang='lat' dir='ltr'><strong>Pax</strong></span> <span class='ocrx_word' id='word_1_98' title='bbox 1306 1031 1425 1093; x_wconf 86' lang='lat' dir='ltr'><strong>tihi,</strong></span> <span class='ocrx_word' id='word_1_99' title='bbox 1461 1038 1648 1095; x_wconf 71' lang='lat' dir='ltr'><strong>sancta</strong></span> <span class='ocrx_word' id='word_1_100' title='bbox 1692 1008 1959 1090; x_wconf 74' lang='lat' dir='ltr'><strong>Ecclesia,</strong></span> <span class='ocrx_word' id='word_1_101' title='bbox 1992 1027 2093 1080; x_wconf 53' lang='lat' dir='ltr'><strong>hac</strong></span> <span class='ocrx_word' id='word_1_102' title='bbox 2197 1025 2290 1088; x_wconf 86' lang='lat' dir='ltr'><strong>sti,</strong></span> <span class='ocrx_word' id='word_1_103' title='bbox 2323 1025 2476 1095; x_wconf 85' lang='lat' dir='ltr'><strong>cujus</strong></span> <span class='ocrx_word' id='word_1_104' title='bbox 2497 1023 2764 1079; x_wconf 83' lang='lat' dir='ltr'><strong>oratioet</strong></span> <span class='ocrx_word' id='word_1_105' title='bbox 2790 1023 3097 1078; x_wconf 78' lang='lat' dir='ltr'><strong>benedictio</strong></span> <span class='ocrx_word' id='word_1_106' title='bbox 3132 1023 3204 1078; x_wconf 86' lang='lat' dir='ltr'><strong><em>sit</em></strong></span> <span class='ocrx_word' id='word_1_107' title='bbox 3229 1038 3390 1094; x_wconf 84' lang='lat' dir='ltr'><strong>super</strong></span> <span class='ocrx_word' id='word_1_108' title='bbox 3418 1037 3521 1076; x_wconf 90' lang='lat' dir='ltr'><strong>nos</strong></span> <span class='ocrx_word' id='word_1_109' title='bbox 3551 1034 3782 1091; x_wconf 78' lang='lat' dir='ltr'><strong>semper.</strong></span> 
     </span>
    </p>
   </div>
   <div class='ocr_carea' id='block_1_9' title="bbox 505 1116 2392 1198">
    <p class='ocr_par' dir='ltr' id='par_1_9' title="bbox 505 1116 2392 1198">
     <span class='ocr_line' id='line_1_9' title="bbox 505 1116 2392 1198; baseline -0.01 -13"><span class='ocrx_word' id='word_1_110' title='bbox 505 1129 698 1195; x_wconf 86' lang='lat' dir='ltr'><strong>bitatio</strong></span> <span class='ocrx_word' id='word_1_111' title='bbox 725 1127 894 1198; x_wconf 82' lang='lat' dir='ltr'><strong>pacis.</strong></span> <span class='ocrx_word' id='word_1_112' title='bbox 928 1124 1107 1189; x_wconf 88' lang='lat' dir='ltr'><strong>Salve,</strong></span> <span class='ocrx_word' id='word_1_113' title='bbox 1141 1123 1292 1194; x_wconf 90' lang='lat' dir='ltr'><strong>virgo</strong></span> <span class='ocrx_word' id='word_1_114' title='bbox 1325 1121 1516 1184; x_wconf 89' lang='lat' dir='ltr'><strong>Maria,</strong></span> <span class='ocrx_word' id='word_1_115' title='bbox 1550 1120 1643 1173; x_wconf 87' lang='lat' dir='ltr'><strong>Dei</strong></span> <span class='ocrx_word' id='word_1_116' title='bbox 1666 1119 1925 1188; x_wconf 77' lang='lat' dir='ltr'><strong>genitrix,</strong></span> <span class='ocrx_word' id='word_1_117' title='bbox 1959 1126 2012 1172; x_wconf 90' lang='lat' dir='ltr'><strong>tu</strong></span> <span class='ocrx_word' id='word_1_118' title='bbox 2038 1133 2098 1173; x_wconf 91' lang='lat' dir='ltr'><strong>es</strong></span> <span class='ocrx_word' id='word_1_119' title='bbox 2196 1116 2392 1169; x_wconf 83' lang='lat' dir='ltr'><strong>Amen.</strong></span> 
     </span>
    </p>
   </div>
   <div class='ocr_carea' id='block_1_10' title="bbox 506 1200 3322 1282">
    <p class='ocr_par' dir='ltr' id='par_1_10' title="bbox 506 1200 3322 1282">
     <span class='ocr_line' id='line_1_10' title="bbox 506 1200 3322 1282; baseline -0.006 -10"><span class='ocrx_word' id='word_1_120' title='bbox 506 1216 842 1273; x_wconf 89' lang='lat' dir='ltr'><strong>thurihulum</strong></span> <span class='ocrx_word' id='word_1_121' title='bbox 866 1230 1113 1279; x_wconf 87' lang='lat' dir='ltr'><strong>aureum,</strong></span> <span class='ocrx_word' id='word_1_122' title='bbox 1138 1228 1258 1282; x_wconf 76' lang='lat' dir='ltr'><strong>quas</strong></span> <span class='ocrx_word' id='word_1_123' title='bbox 1278 1211 1569 1267; x_wconf 79' lang='lat' dir='ltr'><strong>carbonem</strong></span> <span class='ocrx_word' id='word_1_124' title='bbox 1599 1210 1827 1280; x_wconf 78' lang='lat' dir='ltr'><strong>ignitum</strong></span> <span class='ocrx_word' id='word_1_125' title='bbox 1848 1208 2095 1279; x_wconf 88' lang='lat' dir='ltr'><strong>portasti.</strong></span> <span class='ocrx_word' id='word_1_126' title='bbox 2271 1200 2462 1257; x_wconf 81' lang='lat' dir='ltr'><strong><em>Postea</em></strong></span> <span class='ocrx_word' id='word_1_127' title='bbox 2491 1219 2682 1274; x_wconf 87' lang='lat' dir='ltr'><strong><em>magna</em></strong></span> <span class='ocrx_word' id='word_1_128' title='bbox 2705 1219 2825 1258; x_wconf 85' lang='lat' dir='ltr'><strong><em>voce</em></strong></span> <span class='ocrx_word' id='word_1_129' title='bbox 2849 1203 2977 1257; x_wconf 85' lang='lat' dir='ltr'><strong><em>dicit</em></strong></span> <span class='ocrx_word' id='word_1_130' title='bbox 3008 1201 3322 1273; x_wconf 84' lang='lat' dir='ltr'><strong><em>Epistolam.</em></strong></span> 
     </span>
    </p>
   </div>
   <div class='ocr_carea' id='block_1_11' title="bbox 507 1293 3567 1376">
    <p class='ocr_par' dir='ltr' id='par_1_11' title="bbox 507 1293 3567 1376">
     <span class='ocr_line' id='line_1_11' title="bbox 507 1293 3567 1376; baseline -0.005 -14"><span class='ocrx_word' id='word_1_131' title='bbox 507 1308 835 1363; x_wconf 76' lang='lat' dir='ltr'><strong>Benedictus</strong></span> <span class='ocrx_word' id='word_1_132' title='bbox 858 1306 949 1376; x_wconf 87' lang='lat' dir='ltr'><strong>qui</strong></span> <span class='ocrx_word' id='word_1_133' title='bbox 980 1319 1104 1359; x_wconf 91' lang='lat' dir='ltr'><strong>eum</strong></span> <span class='ocrx_word' id='word_1_134' title='bbox 1129 1304 1194 1357; x_wconf 88' lang='lat' dir='ltr'><strong>de</strong></span> <span class='ocrx_word' id='word_1_135' title='bbox 1220 1302 1533 1357; x_wconf 85' lang='lat' dir='ltr'><strong>sanctuario</strong></span> <span class='ocrx_word' id='word_1_136' title='bbox 1564 1300 1778 1370; x_wconf 82' lang='lat' dir='ltr'><strong>recipit,</strong></span> <span class='ocrx_word' id='word_1_137' title='bbox 1817 1299 1943 1368; x_wconf 83' lang='lat' dir='ltr'><strong>quia</strong></span> <span class='ocrx_word' id='word_1_138' title='bbox 1972 1313 2100 1353; x_wconf 83' lang='lat' dir='ltr'><strong><em>vere</em></strong></span> <span class='ocrx_word' id='word_1_139' title='bbox 2271 1293 2455 1349; x_wconf 82' lang='lat' dir='ltr'><strong><em>Finita</em></strong></span> <span class='ocrx_word' id='word_1_140' title='bbox 2481 1304 2528 1349; x_wconf 86' lang='lat' dir='ltr'><strong>et</strong></span> <span class='ocrx_word' id='word_1_141' title='bbox 2557 1294 2687 1349; x_wconf 86' lang='lat' dir='ltr'><strong><em>lecta</em></strong></span> <span class='ocrx_word' id='word_1_142' title='bbox 2722 1294 2981 1364; x_wconf 86' lang='lat' dir='ltr'><strong><em>Epistola,</em></strong></span> <span class='ocrx_word' id='word_1_143' title='bbox 3005 1295 3259 1349; x_wconf 84' lang='lat' dir='ltr'><strong><em>diaconus</em></strong></span> <span class='ocrx_word' id='word_1_144' title='bbox 3283 1295 3525 1365; x_wconf 83' lang='lat' dir='ltr'><strong><em>sequitur</em></strong></span> <span class='ocrx_word' id='word_1_145' title='bbox 3545 1309 3567 1347; x_wconf 91' lang='lat'><strong><em>:</em></strong></span> 
     </span>
    </p>
   </div>
   <div class='ocr_carea' id='block_1_12' title="bbox 511 1384 3789 1475">
    <p class='ocr_par' dir='ltr' id='par_1_12' title="bbox 511 1384 3789 1475">
     <span class='ocr_line' id='line_1_12' title="bbox 511 1384 3789 1475; baseline -0.005 -20"><span class='ocrx_word' id='word_1_146' title='bbox 511 1400 749 1475; x_wconf 70' lang='lat' dir='ltr'><strong>Verbum</strong></span> <span class='ocrx_word' id='word_1_147' title='bbox 774 1398 866 1453; x_wconf 87' lang='lat' dir='ltr'><strong>Dei</strong></span> <span class='ocrx_word' id='word_1_148' title='bbox 900 1398 1015 1468; x_wconf 89' lang='lat' dir='ltr'><strong>ipse</strong></span> <span class='ocrx_word' id='word_1_149' title='bbox 1044 1404 1146 1459; x_wconf 88' lang='lat' dir='ltr'><strong>est,</strong></span> <span class='ocrx_word' id='word_1_150' title='bbox 1171 1395 1262 1465; x_wconf 87' lang='lat' dir='ltr'><strong>qui</strong></span> <span class='ocrx_word' id='word_1_151' title='bbox 1287 1402 1508 1464; x_wconf 88' lang='lat' dir='ltr'><strong>peccata</strong></span> <span class='ocrx_word' id='word_1_152' title='bbox 1540 1392 1772 1448; x_wconf 82' lang='lat' dir='ltr'><strong>remittit</strong></span> <span class='ocrx_word' id='word_1_153' title='bbox 1800 1399 1856 1445; x_wconf 87' lang='lat' dir='ltr'><strong>et</strong></span> <span class='ocrx_word' id='word_1_154' title='bbox 1882 1390 2097 1460; x_wconf 86' lang='lat' dir='ltr'><strong>culpam</strong></span> <span class='ocrx_word' id='word_1_155' title='bbox 2270 1384 2492 1440; x_wconf 88' lang='lat' dir='ltr'><strong>Fratres</strong></span> <span class='ocrx_word' id='word_1_156' title='bbox 2523 1384 2650 1449; x_wconf 90' lang='lat' dir='ltr'><strong>mei,</strong></span> <span class='ocrx_word' id='word_1_157' title='bbox 2686 1384 2853 1439; x_wconf 91' lang='lat' dir='ltr'><strong>nolite</strong></span> <span class='ocrx_word' id='word_1_158' title='bbox 2897 1385 3126 1455; x_wconf 82' lang='lat' dir='ltr'><strong>diligere</strong></span> <span class='ocrx_word' id='word_1_159' title='bbox 3164 1386 3457 1449; x_wconf 84' lang='lat' dir='ltr'><strong>mundum,</strong></span> <span class='ocrx_word' id='word_1_160' title='bbox 3510 1397 3690 1454; x_wconf 84' lang='lat' dir='ltr'><strong>neque</strong></span> <span class='ocrx_word' id='word_1_161' title='bbox 3730 1399 3789 1437; x_wconf 81' lang='lat' dir='ltr'><strong>ea</strong></span> 
     </span>
    </p>
   </div>
   <div class='ocr_carea' id='block_1_13' title="bbox 513 1474 3788 1556">
    <p class='ocr_par' dir='ltr' id='par_1_13' title="bbox 513 1474 3788 1556">
     <span class='ocr_line' id='line_1_13' title="bbox 513 1474 3788 1556; baseline -0.006 -9"><span class='ocrx_word' id='word_1_162' title='bbox 513 1474 677 1556; x_wconf 89' lang='lat' dir='ltr'><strong>delet,</strong></span> <span class='ocrx_word' id='word_1_163' title='bbox 706 1500 762 1545; x_wconf 90' lang='lat' dir='ltr'><strong>et</strong></span> <span class='ocrx_word' id='word_1_164' title='bbox 787 1505 852 1542; x_wconf 81' lang='lat' dir='ltr'><strong>ex</strong></span> <span class='ocrx_word' id='word_1_165' title='bbox 903 1498 954 1543; x_wconf 86' lang='lat' dir='ltr'><strong>te</strong></span> <span class='ocrx_word' id='word_1_166' title='bbox 992 1488 1154 1541; x_wconf 91' lang='lat' dir='ltr'><strong>homo</strong></span> <span class='ocrx_word' id='word_1_167' title='bbox 1200 1485 1377 1540; x_wconf 81' lang='lat' dir='ltr'><strong>factus</strong></span> <span class='ocrx_word' id='word_1_168' title='bbox 1416 1492 1517 1546; x_wconf 90' lang='lat' dir='ltr'><strong>est,</strong></span> <span class='ocrx_word' id='word_1_169' title='bbox 1568 1492 1623 1536; x_wconf 90' lang='lat' dir='ltr'><strong>et</strong></span> <span class='ocrx_word' id='word_1_170' title='bbox 1667 1483 1813 1537; x_wconf 83' lang='lat' dir='ltr'><strong>Patri</strong></span> <span class='ocrx_word' id='word_1_171' title='bbox 1863 1482 2100 1552; x_wconf 88' lang='lat' dir='ltr'><strong>seipsum</strong></span> <span class='ocrx_word' id='word_1_172' title='bbox 2203 1489 2323 1544; x_wconf 65' lang='lat' dir='ltr'><strong>qua”:</strong></span> <span class='ocrx_word' id='word_1_173' title='bbox 2372 1482 2499 1528; x_wconf 76' lang='lat' dir='ltr'><strong>sunt</strong></span> <span class='ocrx_word' id='word_1_174' title='bbox 2550 1475 2603 1528; x_wconf 88' lang='lat' dir='ltr'><strong>in</strong></span> <span class='ocrx_word' id='word_1_175' title='bbox 2621 1476 2858 1542; x_wconf 63' lang='lat' dir='ltr'><strong>anumlo,</strong></span> <span class='ocrx_word' id='word_1_176' title='bbox 2909 1477 3168 1545; x_wconf 88' lang='lat' dir='ltr'><strong>quoniam</strong></span> <span class='ocrx_word' id='word_1_177' title='bbox 3214 1489 3376 1530; x_wconf 90' lang='lat' dir='ltr'><strong>omne</strong></span> <span class='ocrx_word' id='word_1_178' title='bbox 3415 1474 3562 1545; x_wconf 87' lang='lat' dir='ltr'><strong>quod</strong></span> <span class='ocrx_word' id='word_1_179' title='bbox 3606 1483 3695 1529; x_wconf 88' lang='lat' dir='ltr'><strong>est</strong></span> <span class='ocrx_word' id='word_1_180' title='bbox 3739 1476 3788 1528; x_wconf 90' lang='lat' dir='ltr'><strong>in</strong></span> 
     </span>
    </p>
   </div>
   <div class='ocr_carea' id='block_1_14' title="bbox 509 1566 3790 1650">
    <p class='ocr_par' dir='ltr' id='par_1_14' title="bbox 509 1566 3790 1650">
     <span class='ocr_line' id='line_1_14' title="bbox 509 1566 3790 1650; baseline -0.007 -12"><span class='ocrx_word' id='word_1_181' title='bbox 509 1598 702 1640; x_wconf 77' lang='lat' dir='ltr'><strong>verum</strong></span> <span class='ocrx_word' id='word_1_182' title='bbox 750 1583 1030 1637; x_wconf 87' lang='lat' dir='ltr'><strong>incensum</strong></span> <span class='ocrx_word' id='word_1_183' title='bbox 1076 1589 1131 1635; x_wconf 89' lang='lat' dir='ltr'><strong>et</strong></span> <span class='ocrx_word' id='word_1_184' title='bbox 1171 1579 1470 1650; x_wconf 87' lang='lat' dir='ltr'><strong>pretiosum</strong></span> <span class='ocrx_word' id='word_1_185' title='bbox 1517 1576 1843 1632; x_wconf 79' lang='lat' dir='ltr'><strong>sacriﬁcium</strong></span> <span class='ocrx_word' id='word_1_186' title='bbox 1885 1575 2101 1631; x_wconf 84' lang='lat' dir='ltr'><strong>obtulit.</strong></span> <span class='ocrx_word' id='word_1_187' title='bbox 2205 1567 2427 1632; x_wconf 87' lang='lat' dir='ltr'><strong>mundo,</strong></span> <span class='ocrx_word' id='word_1_188' title='bbox 2481 1566 2915 1636; x_wconf 82' lang='lat' dir='ltr'><strong>concupiscentia</strong></span> <span class='ocrx_word' id='word_1_189' title='bbox 2959 1573 3053 1621; x_wconf 89' lang='lat' dir='ltr'><strong>est&#39;</strong></span> <span class='ocrx_word' id='word_1_190' title='bbox 3091 1567 3304 1632; x_wconf 89' lang='lat' dir='ltr'><strong>carnis,</strong></span> <span class='ocrx_word' id='word_1_191' title='bbox 3351 1566 3790 1636; x_wconf 76' lang='lat' dir='ltr'><strong>concupiscentia</strong></span> 
     </span>
    </p>
   </div>
   <div class='ocr_carea' id='block_1_15' title="bbox 509 1656 3791 1736">
    <p class='ocr_par' dir='ltr' id='par_1_15' title="bbox 509 1656 3791 1736">
     <span class='ocr_line' id='line_1_15' title="bbox 509 1656 3791 1736; baseline -0.006 -7"><span class='ocrx_word' id='word_1_192' title='bbox 509 1674 817 1729; x_wconf 82' lang='lat' dir='ltr'><strong>Adoramns</strong></span> <span class='ocrx_word' id='word_1_193' title='bbox 842 1682 913 1736; x_wconf 88' lang='lat' dir='ltr'><strong>te,</strong></span> <span class='ocrx_word' id='word_1_194' title='bbox 939 1671 1180 1735; x_wconf 84' lang='lat' dir='ltr'><strong>Christe,</strong></span> <span class='ocrx_word' id='word_1_195' title='bbox 1221 1684 1341 1724; x_wconf 90' lang='lat' dir='ltr'><strong>cum</strong></span> <span class='ocrx_word' id='word_1_196' title='bbox 1368 1667 1530 1722; x_wconf 83' lang='lat' dir='ltr'><strong>Patre</strong></span> <span class='ocrx_word' id='word_1_197' title='bbox 1563 1674 1655 1720; x_wconf 91' lang='lat' dir='ltr'><strong><em>tuo</em></strong></span> <span class='ocrx_word' id='word_1_198' title='bbox 1683 1665 1891 1735; x_wconf 90' lang='lat' dir='ltr'><strong>optimo</strong></span> <span class='ocrx_word' id='word_1_199' title='bbox 1921 1672 1976 1720; x_wconf 90' lang='lat' dir='ltr'><strong>et</strong></span> <span class='ocrx_word' id='word_1_200' title='bbox 2004 1664 2106 1718; x_wconf 84' lang='lat' dir='ltr'><strong>mi-</strong></span> <span class='ocrx_word' id='word_1_201' title='bbox 2205 1657 2510 1723; x_wconf 86' lang='lat' dir='ltr'><strong>oculorum,</strong></span> <span class='ocrx_word' id='word_1_202' title='bbox 2541 1665 2596 1713; x_wconf 79' lang='lat' dir='ltr'><strong>et</strong></span> <span class='ocrx_word' id='word_1_203' title='bbox 2625 1657 2876 1727; x_wconf 86' lang='lat' dir='ltr'><strong>superbia</strong></span> <span class='ocrx_word' id='word_1_204' title='bbox 2906 1657 3064 1723; x_wconf 62' lang='lat' dir='ltr'><strong>vitae;</strong></span> <span class='ocrx_word' id='word_1_205' title='bbox 3097 1672 3215 1726; x_wconf 68' lang='lat' dir='ltr'><strong>quae</strong></span> <span class='ocrx_word' id='word_1_206' title='bbox 3256 1672 3362 1711; x_wconf 88' lang='lat' dir='ltr'><strong>non</strong></span> <span class='ocrx_word' id='word_1_207' title='bbox 3385 1672 3450 1711; x_wconf 80' lang='lat' dir='ltr'><strong>ex</strong></span> <span class='ocrx_word' id='word_1_208' title='bbox 3486 1656 3671 1720; x_wconf 83' lang='lat' dir='ltr'><strong>Patre,</strong></span> <span class='ocrx_word' id='word_1_209' title='bbox 3700 1656 3791 1710; x_wconf 83' lang='lat' dir='ltr'><strong>sed</strong></span> 
     </span>
    </p>
   </div>
   <div class='ocr_carea' id='block_1_16' title="bbox 512 1749 3791 1836">
    <p class='ocr_par' dir='ltr' id='par_1_16' title="bbox 512 1749 3791 1836">
     <span class='ocr_line' id='line_1_16' title="bbox 512 1749 3791 1836; baseline -0.006 -16"><span class='ocrx_word' id='word_1_210' title='bbox 512 1766 809 1827; x_wconf 84' lang='lat' dir='ltr'><strong>sericorde,</strong></span> <span class='ocrx_word' id='word_1_211' title='bbox 839 1774 896 1821; x_wconf 89' lang='lat' dir='ltr'><strong>et</strong></span> <span class='ocrx_word' id='word_1_212' title='bbox 918 1764 1119 1836; x_wconf 89' lang='lat' dir='ltr'><strong>Spiritu</strong></span> <span class='ocrx_word' id='word_1_213' title='bbox 1155 1771 1246 1818; x_wconf 91' lang='lat' dir='ltr'><strong>tuo</strong></span> <span class='ocrx_word' id='word_1_214' title='bbox 1281 1761 1455 1829; x_wconf 80' lang='lat' dir='ltr'><strong>vitali,</strong></span> <span class='ocrx_word' id='word_1_215' title='bbox 1483 1760 1610 1832; x_wconf 84' lang='lat' dir='ltr'><strong>quia</strong></span> <span class='ocrx_word' id='word_1_216' title='bbox 1642 1768 1697 1815; x_wconf 93' lang='lat' dir='ltr'><strong>tu</strong></span> <span class='ocrx_word' id='word_1_217' title='bbox 1721 1757 1940 1823; x_wconf 83' lang='lat' dir='ltr'><strong>venisti,</strong></span> <span class='ocrx_word' id='word_1_218' title='bbox 1967 1765 2022 1813; x_wconf 89' lang='lat' dir='ltr'><strong>et</strong></span> <span class='ocrx_word' id='word_1_219' title='bbox 2046 1756 2106 1810; x_wconf 83' lang='lat' dir='ltr'><strong>li-</strong></span> <span class='ocrx_word' id='word_1_220' title='bbox 2137 1832 2169 1836; x_wconf 75' lang='lat'><strong><em>_</em></strong></span> <span class='ocrx_word' id='word_1_221' title='bbox 2203 1765 2273 1805; x_wconf 82' lang='lat' dir='ltr'><strong>ex</strong></span> <span class='ocrx_word' id='word_1_222' title='bbox 2314 1751 2515 1805; x_wconf 90' lang='lat' dir='ltr'><strong>mundo</strong></span> <span class='ocrx_word' id='word_1_223' title='bbox 2541 1758 2657 1815; x_wconf 88' lang='lat' dir='ltr'><strong>est;</strong></span> <span class='ocrx_word' id='word_1_224' title='bbox 2683 1762 2740 1805; x_wconf 83' lang='lat' dir='ltr'><strong>et</strong></span> <span class='ocrx_word' id='word_1_225' title='bbox 2767 1750 3002 1807; x_wconf 87' lang='lat' dir='ltr'><strong>mundus</strong></span> <span class='ocrx_word' id='word_1_226' title='bbox 3027 1750 3246 1816; x_wconf 84' lang='lat' dir='ltr'><strong>transit,</strong></span> <span class='ocrx_word' id='word_1_227' title='bbox 3279 1758 3335 1804; x_wconf 90' lang='lat' dir='ltr'><strong>et</strong></span> <span class='ocrx_word' id='word_1_228' title='bbox 3356 1749 3791 1817; x_wconf 79' lang='lat' dir='ltr'><strong>concupiscentia</strong></span> 
     </span>
    </p>
   </div>
   <div class='ocr_carea' id='block_1_17' title="bbox 511 1832 3794 1913">
    <p class='ocr_par' dir='ltr' id='par_1_17' title="bbox 511 1832 3794 1913">
     <span class='ocr_line' id='line_1_17' title="bbox 511 1832 3794 1913; baseline -0.005 -1"><span class='ocrx_word' id='word_1_229' title='bbox 511 1857 713 1912; x_wconf 89' lang='lat' dir='ltr'><strong>berasti</strong></span> <span class='ocrx_word' id='word_1_230' title='bbox 742 1846 894 1911; x_wconf 54' lang='lat' dir='ltr'><strong>nos.&#39;</strong></span> <span class='ocrx_word' id='word_1_231' title='bbox 959 1832 975 1836; x_wconf 36' lang='grc'>⁷</span> <span class='ocrx_word' id='word_1_232' title='bbox 2136 1832 2341 1912; x_wconf 80' lang='lat' dir='ltr'><strong>Bejus.</strong></span> <span class='ocrx_word' id='word_1_233' title='bbox 2389 1843 2491 1911; x_wconf 86' lang='lat' dir='ltr'><strong>Qui</strong></span> <span class='ocrx_word' id='word_1_234' title='bbox 2538 1851 2719 1897; x_wconf 88' lang='lat' dir='ltr'><strong>autem</strong></span> <span class='ocrx_word' id='word_1_235' title='bbox 2764 1842 2897 1898; x_wconf 81' lang='lat' dir='ltr'><strong>facit</strong></span> <span class='ocrx_word' id='word_1_236' title='bbox 2956 1843 3292 1900; x_wconf 76' lang='lat' dir='ltr'><strong><em>voluntatem</em></strong></span> <span class='ocrx_word' id='word_1_237' title='bbox 3341 1842 3463 1913; x_wconf 82' lang='lat' dir='ltr'><strong>ejus</strong></span> <span class='ocrx_word' id='word_1_238' title='bbox 3513 1851 3701 1897; x_wconf 82' lang='lat' dir='ltr'><strong>manet</strong></span> <span class='ocrx_word' id='word_1_239' title='bbox 3742 1843 3794 1897; x_wconf 82' lang='lat' dir='ltr'><strong>in</strong></span> 
     </span>
    </p>
   </div>
   <div class='ocr_carea' id='block_1_18' title="bbox 586 1944 2493 2027">
    <p class='ocr_par' dir='ltr' id='par_1_18' title="bbox 586 1944 2493 2027">
     <span class='ocr_line' id='line_1_18' title="bbox 586 1944 2493 2027; baseline -0.006 -28"><span class='ocrx_word' id='word_1_240' title='bbox 586 1946 827 2017; x_wconf 83' lang='lat' dir='ltr'><strong><em>Populus</em></strong></span> <span class='ocrx_word' id='word_1_241' title='bbox 869 1947 1080 2015; x_wconf 78' lang='lat' dir='ltr'><strong>replicat</strong></span> <span class='ocrx_word' id='word_1_242' title='bbox 1112 1947 1267 2000; x_wconf 85' lang='lat' dir='ltr'><strong><em>idem.</em></strong></span> <span class='ocrx_word' id='word_1_243' title='bbox 2034 2020 2037 2027; x_wconf 33' lang='grc' dir='ltr'><strong>Ι</strong></span> <span class='ocrx_word' id='word_1_244' title='bbox 2208 1944 2493 1995; x_wconf 61' lang='lat' dir='ltr'><strong>aeternum.</strong></span> 
     </span>
    </p>
   </div>
   <div class='ocr_carea' id='block_1_19' title="bbox 588 2028 3796 2108">
    <p class='ocr_par' dir='ltr' id='par_1_19' title="bbox 588 2028 3796 2108">
     <span class='ocr_line' id='line_1_19' title="bbox 588 2028 3796 2108; baseline -0.003 -17"><span class='ocrx_word' id='word_1_245' title='bbox 588 2037 786 2094; x_wconf 84' lang='lat' dir='ltr'><strong><em>Postea</em></strong></span> <span class='ocrx_word' id='word_1_246' title='bbox 811 2038 1090 2108; x_wconf 83' lang='lat' dir='ltr'><strong><em>coadjutar</em></strong></span> <span class='ocrx_word' id='word_1_247' title='bbox 1127 2037 1417 2093; x_wconf 84' lang='lat' dir='ltr'><strong><em>sacerdotis</em></strong></span> <span class='ocrx_word' id='word_1_248' title='bbox 1452 2035 1686 2106; x_wconf 86' lang='lat' dir='ltr'><strong><em>sequitur</em></strong></span> <span class='ocrx_word' id='word_1_249' title='bbox 1709 2034 2034 2089; x_wconf 82' lang='lat' dir='ltr'><strong><em>orationem:</em></strong></span> <span class='ocrx_word' id='word_1_250' title='bbox 2278 2028 2468 2082; x_wconf 84' lang='lat' dir='ltr'><strong><em>Dicunt</em></strong></span> <span class='ocrx_word' id='word_1_251' title='bbox 2490 2028 2711 2099; x_wconf 87' lang='lat' dir='ltr'><strong>populi:</strong></span> <span class='ocrx_word' id='word_1_252' title='bbox 2742 2028 2977 2085; x_wconf 87' lang='lat' dir='ltr'><strong>Sanctus</strong></span> <span class='ocrx_word' id='word_1_253' title='bbox 3013 2031 3191 2086; x_wconf 85' lang='lat' dir='ltr'><strong>trinus</strong></span> <span class='ocrx_word' id='word_1_254' title='bbox 3210 2039 3264 2086; x_wconf 88' lang='lat' dir='ltr'><strong>et</strong></span> <span class='ocrx_word' id='word_1_255' title='bbox 3288 2044 3431 2085; x_wconf 85' lang='lat' dir='ltr'><strong>unus</strong></span> <span class='ocrx_word' id='word_1_256' title='bbox 3461 2030 3518 2083; x_wconf 86' lang='lat' dir='ltr'><strong>in</strong></span> <span class='ocrx_word' id='word_1_257' title='bbox 3543 2028 3796 2083; x_wconf 81' lang='lat' dir='ltr'><strong>substan-</strong></span> 
     </span>
    </p>
   </div>
   <div class='ocr_carea' id='block_1_20' title="bbox 593 2121 3797 2201">
    <p class='ocr_par' dir='ltr' id='par_1_20' title="bbox 593 2121 3797 2201">
     <span class='ocr_line' id='line_1_20' title="bbox 593 2121 3797 2201; baseline -0.003 -16"><span class='ocrx_word' id='word_1_258' title='bbox 593 2132 819 2186; x_wconf 87' lang='lat' dir='ltr'><strong>Domine</strong></span> <span class='ocrx_word' id='word_1_259' title='bbox 874 2130 1261 2201; x_wconf 71' lang='lat' dir='ltr'><strong>intelligentim,</strong></span> <span class='ocrx_word' id='word_1_260' title='bbox 1311 2138 1365 2184; x_wconf 92' lang='lat' dir='ltr'><strong>et</strong></span> <span class='ocrx_word' id='word_1_261' title='bbox 1423 2129 1776 2184; x_wconf 89' lang='lat' dir='ltr'><strong>annuntiator</strong></span> <span class='ocrx_word' id='word_1_262' title='bbox 1830 2125 2109 2197; x_wconf 80' lang='lat' dir='ltr'><strong>sapientiae</strong></span> <span class='ocrx_word' id='word_1_263' title='bbox 2210 2121 2280 2175; x_wconf 84' lang='lat' dir='ltr'><strong>lia</strong></span> <span class='ocrx_word' id='word_1_264' title='bbox 2331 2130 2442 2186; x_wconf 88' lang='lat' dir='ltr'><strong>tua,</strong></span> <span class='ocrx_word' id='word_1_265' title='bbox 2474 2124 2683 2197; x_wconf 87' lang='lat' dir='ltr'><strong>custodi</strong></span> <span class='ocrx_word' id='word_1_266' title='bbox 2731 2126 3211 2196; x_wconf 76' lang='lat' dir='ltr'><strong>congregationem</strong></span> <span class='ocrx_word' id='word_1_267' title='bbox 3258 2134 3537 2189; x_wconf 89' lang='lat' dir='ltr'><strong>nostram,</strong></span> <span class='ocrx_word' id='word_1_268' title='bbox 3574 2132 3797 2194; x_wconf 82' lang='lat' dir='ltr'><strong>propter</strong></span> 
     </span>
    </p>
   </div>
   <div class='ocr_carea' id='block_1_21' title="bbox 518 2212 3796 2294">
    <p class='ocr_par' dir='ltr' id='par_1_21' title="bbox 518 2212 3796 2294">
     <span class='ocr_line' id='line_1_21' title="bbox 518 2212 3796 2294; baseline -0.002 -17"><span class='ocrx_word' id='word_1_269' title='bbox 518 2238 639 2293; x_wconf 60' lang='lat' dir='ltr'><strong>urire</strong></span> <span class='ocrx_word' id='word_1_270' title='bbox 670 2223 820 2294; x_wconf 86' lang='lat' dir='ltr'><strong>prius</strong></span> <span class='ocrx_word' id='word_1_271' title='bbox 863 2222 1019 2276; x_wconf 86' lang='lat' dir='ltr'><strong>nobis</strong></span> <span class='ocrx_word' id='word_1_272' title='bbox 1050 2221 1361 2277; x_wconf 85' lang='lat' dir='ltr'><strong>abscondita</strong></span> <span class='ocrx_word' id='word_1_273' title='bbox 1405 2229 1544 2283; x_wconf 85' lang='lat' dir='ltr'><strong>erat,</strong></span> <span class='ocrx_word' id='word_1_274' title='bbox 1576 2235 1694 2274; x_wconf 90' lang='lat' dir='ltr'><strong>eam</strong></span> <span class='ocrx_word' id='word_1_275' title='bbox 1724 2218 2109 2281; x_wconf 82' lang='lat' dir='ltr'><strong>manifestasti,</strong></span> <span class='ocrx_word' id='word_1_276' title='bbox 2211 2220 2430 2267; x_wconf 88' lang='lat' dir='ltr'><strong>sanctos</strong></span> <span class='ocrx_word' id='word_1_277' title='bbox 2459 2212 2662 2269; x_wconf 89' lang='lat' dir='ltr'><strong>electos</strong></span> <span class='ocrx_word' id='word_1_278' title='bbox 2710 2224 2831 2270; x_wconf 90' lang='lat' dir='ltr'><strong>tuos</strong></span> <span class='ocrx_word' id='word_1_279' title='bbox 2877 2225 2933 2270; x_wconf 88' lang='lat' dir='ltr'><strong>et</strong></span> <span class='ocrx_word' id='word_1_280' title='bbox 2981 2216 3276 2288; x_wconf 85' lang='lat' dir='ltr'><strong>discipulus</strong></span> <span class='ocrx_word' id='word_1_281' title='bbox 3326 2226 3484 2284; x_wconf 89' lang='lat' dir='ltr'><strong>tuos,</strong></span> <span class='ocrx_word' id='word_1_282' title='bbox 3512 2216 3796 2272; x_wconf 77' lang='lat' dir='ltr'><strong>consolare</strong></span> 
     </span>
    </p>
   </div>
   <div class='ocr_carea' id='block_1_22' title="bbox 519 2307 3796 2384">
    <p class='ocr_par' dir='ltr' id='par_1_22' title="bbox 519 2307 3796 2384">
     <span class='ocr_line' id='line_1_22' title="bbox 519 2307 3796 2384; baseline -0.002 -13"><span class='ocrx_word' id='word_1_283' title='bbox 519 2315 751 2371; x_wconf 85' lang='lat' dir='ltr'><strong>Domine</strong></span> <span class='ocrx_word' id='word_1_284' title='bbox 774 2314 998 2384; x_wconf 83' lang='lat' dir='ltr'><strong>largitor</strong></span> <span class='ocrx_word' id='word_1_285' title='bbox 1034 2314 1184 2368; x_wconf 83' lang='lat' dir='ltr'><strong>verbi</strong></span> <span class='ocrx_word' id='word_1_286' title='bbox 1208 2313 1588 2369; x_wconf 79' lang='lat' dir='ltr'><strong>exsultationis</strong></span> <span class='ocrx_word' id='word_1_287' title='bbox 1618 2321 1667 2367; x_wconf 90' lang='lat' dir='ltr'><strong>et</strong></span> <span class='ocrx_word' id='word_1_288' title='bbox 1718 2312 1938 2376; x_wconf 69' lang='lat' dir='ltr'><strong>notitiae,</strong></span> <span class='ocrx_word' id='word_1_289' title='bbox 1974 2326 2115 2380; x_wconf 75' lang='lat' dir='ltr'><strong>pnn-</strong></span> <span class='ocrx_word' id='word_1_290' title='bbox 2211 2321 2309 2359; x_wconf 83' lang='lat' dir='ltr'><strong>nos</strong></span> <span class='ocrx_word' id='word_1_291' title='bbox 2351 2320 2449 2374; x_wconf 85' lang='lat' dir='ltr'><strong>per</strong></span> <span class='ocrx_word' id='word_1_292' title='bbox 2500 2307 2931 2364; x_wconf 89' lang='lat' dir='ltr'><strong>misericordiam</strong></span> <span class='ocrx_word' id='word_1_293' title='bbox 2980 2317 3162 2375; x_wconf 88' lang='lat' dir='ltr'><strong>tuam,</strong></span> <span class='ocrx_word' id='word_1_294' title='bbox 3215 2320 3271 2365; x_wconf 88' lang='lat' dir='ltr'><strong>et</strong></span> <span class='ocrx_word' id='word_1_295' title='bbox 3325 2319 3550 2381; x_wconf 88' lang='lat' dir='ltr'><strong>propter</strong></span> <span class='ocrx_word' id='word_1_296' title='bbox 3601 2325 3796 2365; x_wconf 86' lang='lat' dir='ltr'><strong>nomen</strong></span> 
     </span>
    </p>
   </div>
   <div class='ocr_carea' id='block_1_23' title="bbox 522 2402 2668 2477">
    <p class='ocr_par' dir='ltr' id='par_1_23' title="bbox 522 2402 2668 2477">
     <span class='ocr_line' id='line_1_23' title="bbox 522 2402 2668 2477; baseline -0.002 -19"><span class='ocrx_word' id='word_1_297' title='bbox 522 2406 830 2460; x_wconf 87' lang='lat' dir='ltr'><strong>dicantibus</strong></span> <span class='ocrx_word' id='word_1_298' title='bbox 875 2404 1340 2477; x_wconf 88' lang='lat' dir='ltr'><strong>magniﬁcentiam</strong></span> <span class='ocrx_word' id='word_1_299' title='bbox 1388 2404 1602 2459; x_wconf 87' lang='lat' dir='ltr'><strong>virtutis</strong></span> <span class='ocrx_word' id='word_1_300' title='bbox 1651 2413 1774 2457; x_wconf 70' lang='lat' dir='ltr'><strong>tum.</strong></span> <span class='ocrx_word' id='word_1_301' title='bbox 1819 2402 1900 2456; x_wconf 91' lang='lat' dir='ltr'><strong>Tu</strong></span> <span class='ocrx_word' id='word_1_302' title='bbox 1930 2417 1992 2458; x_wconf 90' lang='lat' dir='ltr'><strong>es</strong></span> <span class='ocrx_word' id='word_1_303' title='bbox 2019 2402 2111 2471; x_wconf 87' lang='lat' dir='ltr'><strong>qui</strong></span> <span class='ocrx_word' id='word_1_304' title='bbox 2213 2406 2461 2452; x_wconf 79' lang='lat' dir='ltr'><strong>sanctum</strong></span> <span class='ocrx_word' id='word_1_305' title='bbox 2491 2407 2668 2453; x_wconf 86' lang='lat' dir='ltr'><strong>tuum.</strong></span> 
     </span>
    </p>
   </div>
   <div class='ocr_carea' id='block_1_24' title="bbox 519 2489 3429 2567">
    <p class='ocr_par' dir='ltr' id='par_1_24' title="bbox 519 2489 3429 2567">
     <span class='ocr_line' id='line_1_24' title="bbox 519 2489 3429 2567; baseline -0.003 -12"><span class='ocrx_word' id='word_1_306' title='bbox 519 2498 771 2567; x_wconf 87' lang='lat' dir='ltr'><strong>Paulum,</strong></span> <span class='ocrx_word' id='word_1_307' title='bbox 828 2498 1175 2553; x_wconf 80' lang='lat' dir='ltr'><strong>multitudine</strong></span> <span class='ocrx_word' id='word_1_308' title='bbox 1225 2498 1481 2553; x_wconf 86' lang='lat' dir='ltr'><strong>bonitatis</strong></span> <span class='ocrx_word' id='word_1_309' title='bbox 1539 2506 1664 2560; x_wconf 79' lang='lat' dir='ltr'><strong>tuae,</strong></span> <span class='ocrx_word' id='word_1_310' title='bbox 1716 2494 1961 2559; x_wconf 83' lang='lat' dir='ltr'><strong>vocasti,</strong></span> <span class='ocrx_word' id='word_1_311' title='bbox 2020 2495 2112 2565; x_wconf 90' lang='lat' dir='ltr'><strong>qui</strong></span> <span class='ocrx_word' id='word_1_312' title='bbox 2283 2489 2424 2544; x_wconf 87' lang='lat' dir='ltr'><strong><em>Dicit</em></strong></span> <span class='ocrx_word' id='word_1_313' title='bbox 2450 2491 2998 2564; x_wconf 87' lang='lat' dir='ltr'><strong><em>diaconus:Surgite</em></strong></span> <span class='ocrx_word' id='word_1_314' title='bbox 3022 2493 3075 2549; x_wconf 90' lang='lat' dir='ltr'><strong>in</strong></span> <span class='ocrx_word' id='word_1_315' title='bbox 3103 2494 3429 2549; x_wconf 86' lang='lat' dir='ltr'><strong>orationem.</strong></span> 
     </span>
    </p>
   </div>
   <div class='ocr_carea' id='block_1_25' title="bbox 525 2580 3337 2662">
    <p class='ocr_par' dir='ltr' id='par_1_25' title="bbox 525 2580 3337 2662">
     <span class='ocr_line' id='line_1_25' title="bbox 525 2580 3337 2662; baseline -0.002 -17"><span class='ocrx_word' id='word_1_316' title='bbox 525 2591 681 2662; x_wconf 85' lang='lat' dir='ltr'><strong>prius</strong></span> <span class='ocrx_word' id='word_1_317' title='bbox 725 2598 844 2646; x_wconf 88' lang='lat' dir='ltr'><strong>erat</strong></span> <span class='ocrx_word' id='word_1_318' title='bbox 873 2598 1190 2660; x_wconf 86' lang='lat' dir='ltr'><strong>persecutor</strong></span> <span class='ocrx_word' id='word_1_319' title='bbox 1217 2589 1492 2654; x_wconf 69' lang='lat' dir='ltr'><strong>Ecclesim,</strong></span> <span class='ocrx_word' id='word_1_320' title='bbox 1529 2598 1584 2644; x_wconf 91' lang='lat' dir='ltr'><strong>et</strong></span> <span class='ocrx_word' id='word_1_321' title='bbox 1631 2588 1961 2644; x_wconf 85' lang='lat' dir='ltr'><strong>constituisti</strong></span> <span class='ocrx_word' id='word_1_322' title='bbox 1988 2603 2112 2642; x_wconf 91' lang='lat' dir='ltr'><strong>eum</strong></span> <span class='ocrx_word' id='word_1_323' title='bbox 2286 2580 2522 2650; x_wconf 78' lang='lat' dir='ltr'><strong><em>Populus</em></strong></span> <span class='ocrx_word' id='word_1_324' title='bbox 2545 2597 2565 2635; x_wconf 88' lang='lat'><strong><em>:</em></strong></span> <span class='ocrx_word' id='word_1_325' title='bbox 2595 2582 2838 2647; x_wconf 88' lang='lat' dir='ltr'><strong>Domine,</strong></span> <span class='ocrx_word' id='word_1_326' title='bbox 2868 2586 3130 2641; x_wconf 87' lang='lat' dir='ltr'><strong>miserere</strong></span> <span class='ocrx_word' id='word_1_327' title='bbox 3159 2586 3337 2642; x_wconf 90' lang='lat' dir='ltr'><strong>nobis.</strong></span> 
     </span>
    </p>
   </div>
   <div class='ocr_carea' id='block_1_26' title="bbox 536 2671 2949 2751">
    <p class='ocr_par' dir='ltr' id='par_1_26' title="bbox 536 2671 2949 2751">
     <span class='ocr_line' id='line_1_26' title="bbox 536 2671 2949 2751; baseline -0.003 -17"><span class='ocrx_word' id='word_1_328' title='bbox 536 2682 645 2738; x_wconf 67' lang='lat' dir='ltr'><strong>Vas</strong></span> <span class='ocrx_word' id='word_1_329' title='bbox 688 2681 972 2738; x_wconf 83' lang='lat' dir='ltr'><strong>electionis</strong></span> <span class='ocrx_word' id='word_1_330' title='bbox 998 2680 1148 2751; x_wconf 81' lang='lat' dir='ltr'><strong>regni</strong></span> <span class='ocrx_word' id='word_1_331' title='bbox 1194 2680 1291 2744; x_wconf 86' lang='lat' dir='ltr'><strong>tui,</strong></span> <span class='ocrx_word' id='word_1_332' title='bbox 1320 2689 1376 2734; x_wconf 89' lang='lat' dir='ltr'><strong>ct</strong></span> <span class='ocrx_word' id='word_1_333' title='bbox 1417 2679 1694 2751; x_wconf 74' lang='lat' dir='ltr'><strong>Evangelii</strong></span> <span class='ocrx_word' id='word_1_334' title='bbox 1733 2678 2035 2749; x_wconf 85' lang='lat' dir='ltr'><strong>apostolum</strong></span> <span class='ocrx_word' id='word_1_335' title='bbox 2061 2688 2116 2733; x_wconf 91' lang='lat' dir='ltr'><strong>et</strong></span> <span class='ocrx_word' id='word_1_336' title='bbox 2289 2671 2549 2727; x_wconf 84' lang='lat' dir='ltr'><strong><em>Sacerdos</em></strong></span> <span class='ocrx_word' id='word_1_337' title='bbox 2586 2673 2743 2729; x_wconf 80' lang='lat' dir='ltr'><strong>:Pax</strong></span> <span class='ocrx_word' id='word_1_338' title='bbox 2775 2675 2949 2731; x_wconf 80' lang='lat' dir='ltr'><strong>vobis.</strong></span> 
     </span>
    </p>
   </div>
   <div class='ocr_carea' id='block_1_27' title="bbox 524 2762 3178 2844">
    <p class='ocr_par' dir='ltr' id='par_1_27' title="bbox 524 2762 3178 2844">
     <span class='ocr_line' id='line_1_27' title="bbox 524 2762 3178 2844; baseline 0 -19"><span class='ocrx_word' id='word_1_339' title='bbox 524 2773 939 2843; x_wconf 75' lang='lat' dir='ltr'><strong>praedicatorem</strong></span> <span class='ocrx_word' id='word_1_340' title='bbox 988 2770 1220 2841; x_wconf 90' lang='lat' dir='ltr'><strong>elegisti,</strong></span> <span class='ocrx_word' id='word_1_341' title='bbox 1249 2780 1304 2825; x_wconf 90' lang='lat' dir='ltr'><strong>et</strong></span> <span class='ocrx_word' id='word_1_342' title='bbox 1333 2771 1776 2827; x_wconf 86' lang='lat' dir='ltr'><strong>concionatorem</strong></span> <span class='ocrx_word' id='word_1_343' title='bbox 1815 2770 1969 2840; x_wconf 80' lang='lat' dir='ltr'><strong>regni</strong></span> <span class='ocrx_word' id='word_1_344' title='bbox 2016 2770 2115 2824; x_wconf 92' lang='lat' dir='ltr'><strong>tui.</strong></span> <span class='ocrx_word' id='word_1_345' title='bbox 2288 2762 2526 2835; x_wconf 85' lang='lat' dir='ltr'><strong><em>Populus</em></strong></span> <span class='ocrx_word' id='word_1_346' title='bbox 2550 2779 2568 2819; x_wconf 89' lang='lat'><strong><em>:</em></strong></span> <span class='ocrx_word' id='word_1_347' title='bbox 2595 2766 2663 2822; x_wconf 79' lang='lat' dir='ltr'><strong>Et</strong></span> <span class='ocrx_word' id='word_1_348' title='bbox 2692 2783 2814 2823; x_wconf 91' lang='lat' dir='ltr'><strong>cum</strong></span> <span class='ocrx_word' id='word_1_349' title='bbox 2843 2769 3034 2838; x_wconf 87' lang='lat' dir='ltr'><strong>spiritu</strong></span> <span class='ocrx_word' id='word_1_350' title='bbox 3063 2778 3178 2844; x_wconf 72' lang='lat' dir='ltr'><strong>tuo.</strong></span> 
     </span>
    </p>
   </div>
   <div class='ocr_carea' id='block_1_28' title="bbox 596 2858 3804 2933">
    <p class='ocr_par' dir='ltr' id='par_1_28' title="bbox 596 2858 3804 2933">
     <span class='ocr_line' id='line_1_28' title="bbox 596 2858 3804 2933; baseline 0.001 -15"><span class='ocrx_word' id='word_1_351' title='bbox 596 2861 640 2918; x_wconf 93' lang='grc' dir='ltr'><strong>Ο</strong></span> <span class='ocrx_word' id='word_1_352' title='bbox 672 2864 908 2928; x_wconf 86' lang='lat' dir='ltr'><strong>Christe,</strong></span> <span class='ocrx_word' id='word_1_353' title='bbox 942 2862 1085 2917; x_wconf 82' lang='lat' dir='ltr'><strong>Deus</strong></span> <span class='ocrx_word' id='word_1_354' title='bbox 1116 2870 1318 2929; x_wconf 84' lang='lat' dir='ltr'><strong>noster,</strong></span> <span class='ocrx_word' id='word_1_355' title='bbox 1348 2870 1401 2917; x_wconf 93' lang='lat' dir='ltr'><strong>tu</strong></span> <span class='ocrx_word' id='word_1_356' title='bbox 1431 2877 1492 2917; x_wconf 84' lang='lat' dir='ltr'><strong>es</strong></span> <span class='ocrx_word' id='word_1_357' title='bbox 1520 2862 1757 2932; x_wconf 89' lang='lat' dir='ltr'><strong>optimus</strong></span> <span class='ocrx_word' id='word_1_358' title='bbox 1783 2869 1995 2916; x_wconf 89' lang='lat' dir='ltr'><strong>amator</strong></span> <span class='ocrx_word' id='word_1_359' title='bbox 2021 2862 2117 2916; x_wconf 83' lang='lat' dir='ltr'><strong>ho-</strong></span> <span class='ocrx_word' id='word_1_360' title='bbox 2290 2858 2565 2914; x_wconf 80' lang='lat' dir='ltr'><strong><em>Sacerdos.</em></strong></span> <span class='ocrx_word' id='word_1_361' title='bbox 2596 2876 2616 2914; x_wconf 94' lang='lat'><strong><em>:</em></strong></span> <span class='ocrx_word' id='word_1_362' title='bbox 2666 2860 2924 2927; x_wconf 89' lang='lat' dir='ltr'><strong>Domine,</strong></span> <span class='ocrx_word' id='word_1_363' title='bbox 2978 2862 3241 2920; x_wconf 89' lang='lat' dir='ltr'><strong>Dominus</strong></span> <span class='ocrx_word' id='word_1_364' title='bbox 3292 2872 3513 2933; x_wconf 82' lang='lat' dir='ltr'><strong>noster,</strong></span> <span class='ocrx_word' id='word_1_365' title='bbox 3565 2874 3620 2921; x_wconf 87' lang='lat' dir='ltr'><strong>et</strong></span> <span class='ocrx_word' id='word_1_366' title='bbox 3667 2864 3804 2923; x_wconf 79' lang='lat' dir='ltr'><strong><em>Deus</em></strong></span> 
     </span>
    </p>
   </div>
   <div class='ocr_carea' id='block_1_29' title="bbox 525 2950 3803 3031">
    <p class='ocr_par' dir='ltr' id='par_1_29' title="bbox 525 2950 3803 3031">
     <span class='ocr_line' id='line_1_29' title="bbox 525 2950 3803 3031; baseline 0.001 -21"><span class='ocrx_word' id='word_1_367' title='bbox 525 2954 758 3020; x_wconf 88' lang='lat' dir='ltr'><strong>minmn,</strong></span> <span class='ocrx_word' id='word_1_368' title='bbox 779 2951 1016 3010; x_wconf 85' lang='lat' dir='ltr'><strong>concede</strong></span> <span class='ocrx_word' id='word_1_369' title='bbox 1042 2952 1216 3019; x_wconf 87' lang='lat' dir='ltr'><strong>nobis,</strong></span> <span class='ocrx_word' id='word_1_370' title='bbox 1242 2966 1571 3023; x_wconf 65' lang='lat' dir='ltr'><strong>quaesumus,</strong></span> <span class='ocrx_word' id='word_1_371' title='bbox 1595 2950 2105 3022; x_wconf 85' lang='lat' dir='ltr'><strong>sapientiam,intel-</strong></span> <span class='ocrx_word' id='word_1_372' title='bbox 2221 2964 2438 3021; x_wconf 86' lang='lat' dir='ltr'><strong>noster;</strong></span> <span class='ocrx_word' id='word_1_373' title='bbox 2481 2964 2534 3009; x_wconf 93' lang='lat' dir='ltr'><strong><em>tu</em></strong></span> <span class='ocrx_word' id='word_1_374' title='bbox 2564 2970 2624 3010; x_wconf 92' lang='lat' dir='ltr'><strong>es</strong></span> <span class='ocrx_word' id='word_1_375' title='bbox 2663 2956 2754 3026; x_wconf 92' lang='lat' dir='ltr'><strong>qui</strong></span> <span class='ocrx_word' id='word_1_376' title='bbox 2802 2957 3060 3028; x_wconf 83' lang='lat' dir='ltr'><strong>apostolis</strong></span> <span class='ocrx_word' id='word_1_377' title='bbox 3113 2959 3219 3014; x_wconf 92' lang='lat' dir='ltr'><strong>tuis</strong></span> <span class='ocrx_word' id='word_1_378' title='bbox 3252 2959 3461 3015; x_wconf 87' lang='lat' dir='ltr'><strong>sanctis</strong></span> <span class='ocrx_word' id='word_1_379' title='bbox 3492 2960 3803 3031; x_wconf 79' lang='lat' dir='ltr'><strong>mysterium</strong></span> 
     </span>
    </p>
   </div>
   <div class='ocr_carea' id='block_1_30' title="bbox 525 3040 3802 3121">
    <p class='ocr_par' dir='ltr' id='par_1_30' title="bbox 525 3040 3802 3121">
     <span class='ocr_line' id='line_1_30' title="bbox 525 3040 3802 3121; baseline 0.002 -24"><span class='ocrx_word' id='word_1_380' title='bbox 525 3043 842 3116; x_wconf 85' lang='lat' dir='ltr'><strong>ligentiam,</strong></span> <span class='ocrx_word' id='word_1_381' title='bbox 892 3042 1177 3099; x_wconf 88' lang='lat' dir='ltr'><strong>scientiam</strong></span> <span class='ocrx_word' id='word_1_382' title='bbox 1232 3050 1287 3096; x_wconf 91' lang='lat' dir='ltr'><strong>et</strong></span> <span class='ocrx_word' id='word_1_383' title='bbox 1331 3040 1685 3107; x_wconf 91' lang='lat' dir='ltr'><strong>intellectum,</strong></span> <span class='ocrx_word' id='word_1_384' title='bbox 1721 3055 1842 3113; x_wconf 64' lang='lat' dir='ltr'><strong>quas</strong></span> <span class='ocrx_word' id='word_1_385' title='bbox 1905 3055 2120 3109; x_wconf 86' lang='lat' dir='ltr'><strong>semper</strong></span> <span class='ocrx_word' id='word_1_386' title='bbox 2223 3043 2409 3114; x_wconf 82' lang='lat' dir='ltr'><strong>gloriae</strong></span> <span class='ocrx_word' id='word_1_387' title='bbox 2444 3043 2648 3099; x_wconf 86' lang='lat' dir='ltr'><strong>Christi</strong></span> <span class='ocrx_word' id='word_1_388' title='bbox 2682 3045 2757 3100; x_wconf 91' lang='lat' dir='ltr'><strong>tui</strong></span> <span class='ocrx_word' id='word_1_389' title='bbox 2805 3044 3201 3115; x_wconf 81' lang='lat' dir='ltr'><strong>manilestasti,</strong></span> <span class='ocrx_word' id='word_1_390' title='bbox 3233 3057 3289 3103; x_wconf 90' lang='lat' dir='ltr'><strong>et</strong></span> <span class='ocrx_word' id='word_1_391' title='bbox 3332 3064 3532 3121; x_wconf 82' lang='lat' dir='ltr'><strong>magna</strong></span> <span class='ocrx_word' id='word_1_392' title='bbox 3560 3058 3617 3105; x_wconf 92' lang='lat' dir='ltr'><strong>et</strong></span> <span class='ocrx_word' id='word_1_393' title='bbox 3648 3051 3802 3103; x_wconf 72' lang='lat' dir='ltr'><strong>innu~</strong></span> 
     </span>
    </p>
   </div>
   <div class='ocr_carea' id='block_1_31' title="bbox 528 3130 3807 3206">
    <p class='ocr_par' dir='ltr' id='par_1_31' title="bbox 528 3130 3807 3206">
     <span class='ocr_line' id='line_1_31' title="bbox 528 3130 3807 3206; baseline 0.004 -22"><span class='ocrx_word' id='word_1_394' title='bbox 528 3134 811 3190; x_wconf 81' lang='lat' dir='ltr'><strong>nobiscum</strong></span> <span class='ocrx_word' id='word_1_395' title='bbox 854 3139 1233 3203; x_wconf 88' lang='lat' dir='ltr'><strong>permaneant,</strong></span> <span class='ocrx_word' id='word_1_396' title='bbox 1277 3140 1339 3186; x_wconf 85' lang='lat' dir='ltr'><strong><em>ut</em></strong></span> <span class='ocrx_word' id='word_1_397' title='bbox 1385 3131 1661 3202; x_wconf 82' lang='lat' dir='ltr'><strong>sapiamus</strong></span> <span class='ocrx_word' id='word_1_398' title='bbox 1684 3171 1699 3197; x_wconf 90' lang='lat'><strong>,</strong></span> <span class='ocrx_word' id='word_1_399' title='bbox 1736 3130 2114 3202; x_wconf 74' lang='lat' dir='ltr'><strong>intelligamUS,</strong></span> <span class='ocrx_word' id='word_1_400' title='bbox 2166 3196 2196 3206; x_wconf 39' lang='grc' dir='ltr'><strong><em>Α</em></strong></span> <span class='ocrx_word' id='word_1_401' title='bbox 2228 3136 2508 3192; x_wconf 81' lang='lat' dir='ltr'><strong>merabilia</strong></span> <span class='ocrx_word' id='word_1_402' title='bbox 2543 3140 2683 3193; x_wconf 80' lang='lat' dir='ltr'><strong>dona</strong></span> <span class='ocrx_word' id='word_1_403' title='bbox 2717 3138 2798 3193; x_wconf 92' lang='lat' dir='ltr'><strong>eis</strong></span> <span class='ocrx_word' id='word_1_404' title='bbox 2834 3139 3096 3206; x_wconf 91' lang='lat' dir='ltr'><strong>tribuisti,</strong></span> <span class='ocrx_word' id='word_1_405' title='bbox 3127 3140 3347 3196; x_wconf 86' lang='lat' dir='ltr'><strong>divitias</strong></span> <span class='ocrx_word' id='word_1_406' title='bbox 3391 3152 3449 3197; x_wconf 89' lang='lat' dir='ltr'><strong>et</strong></span> <span class='ocrx_word' id='word_1_407' title='bbox 3477 3153 3687 3199; x_wconf 79' lang='lat' dir='ltr'><strong>secreta</strong></span> <span class='ocrx_word' id='word_1_408' title='bbox 3714 3143 3807 3197; x_wconf 84' lang='lat' dir='ltr'><strong>mi-</strong></span> 
     </span>
    </p>
   </div>
   <div class='ocr_carea' id='block_1_32' title="bbox 529 3196 3806 3303">
    <p class='ocr_par' dir='ltr' id='par_1_32' title="bbox 529 3196 3806 3303">
     <span class='ocr_line' id='line_1_32' title="bbox 529 3196 3806 3303; baseline -0.002 -22"><span class='ocrx_word' id='word_1_409' title='bbox 529 3227 766 3281; x_wconf 87' lang='lat' dir='ltr'><strong>sciamus</strong></span> <span class='ocrx_word' id='word_1_410' title='bbox 797 3232 854 3280; x_wconf 86' lang='lat' dir='ltr'><strong>et</strong></span> <span class='ocrx_word' id='word_1_411' title='bbox 882 3224 1275 3294; x_wconf 86' lang='lat' dir='ltr'><strong>perspiciamus</strong></span> <span class='ocrx_word' id='word_1_412' title='bbox 1304 3222 1642 3292; x_wconf 87' lang='lat' dir='ltr'><strong>Seripturam</strong></span> <span class='ocrx_word' id='word_1_413' title='bbox 1670 3221 1974 3278; x_wconf 86' lang='lat' dir='ltr'><strong>sanctitatis</strong></span> <span class='ocrx_word' id='word_1_414' title='bbox 1999 3231 2125 3286; x_wconf 59' lang='lat' dir='ltr'><strong>tua,</strong></span> <span class='ocrx_word' id='word_1_415' title='bbox 2156 3196 2197 3252; x_wconf 52' lang='grc' dir='ltr'><strong>(ἶ</strong></span> <span class='ocrx_word' id='word_1_416' title='bbox 2234 3229 2546 3283; x_wconf 78' lang='lat' dir='ltr'><strong>sericordite</strong></span> <span class='ocrx_word' id='word_1_417' title='bbox 2576 3237 2701 3294; x_wconf 66' lang='lat' dir='ltr'><strong>ture,</strong></span> <span class='ocrx_word' id='word_1_418' title='bbox 2733 3245 2830 3285; x_wconf 89' lang='lat' dir='ltr'><strong>eos</strong></span> <span class='ocrx_word' id='word_1_419' title='bbox 2875 3231 2942 3286; x_wconf 85' lang='lat' dir='ltr'><strong>ad</strong></span> <span class='ocrx_word' id='word_1_420' title='bbox 2988 3196 3392 3303; x_wconf 68' lang='lat' dir='ltr'><strong>prtedicandum</strong></span> <span class='ocrx_word' id='word_1_421' title='bbox 3433 3234 3648 3289; x_wconf 62' lang='lat' dir='ltr'><strong>misisti,</strong></span> <span class='ocrx_word' id='word_1_422' title='bbox 3678 3233 3806 3289; x_wconf 69' lang='grc' dir='ltr'><strong>Ριυο.</strong></span> 
     </span>
    </p>
   </div>
   <div class='ocr_carea' id='block_1_33' title="bbox 531 3312 3807 3394">
    <p class='ocr_par' dir='ltr' id='par_1_33' title="bbox 531 3312 3807 3394">
     <span class='ocr_line' id='line_1_33' title="bbox 531 3312 3807 3394; baseline 0.003 -26"><span class='ocrx_word' id='word_1_423' title='bbox 531 3332 654 3387; x_wconf 72' lang='lat' dir='ltr'><strong>quia:</strong></span> <span class='ocrx_word' id='word_1_424' title='bbox 698 3317 751 3371; x_wconf 92' lang='lat' dir='ltr'><strong><em>in</em></strong></span> <span class='ocrx_word' id='word_1_425' title='bbox 795 3324 1089 3386; x_wconf 86' lang='lat' dir='ltr'><strong>conspectu</strong></span> <span class='ocrx_word' id='word_1_426' title='bbox 1136 3324 1228 3369; x_wconf 92' lang='lat' dir='ltr'><strong>tuo</strong></span> <span class='ocrx_word' id='word_1_427' title='bbox 1276 3314 1494 3387; x_wconf 81' lang='lat' dir='ltr'><strong>legitur.</strong></span> <span class='ocrx_word' id='word_1_428' title='bbox 1549 3314 1702 3369; x_wconf 90' lang='lat' dir='ltr'><strong>Sicut</strong></span> <span class='ocrx_word' id='word_1_429' title='bbox 1746 3314 1888 3371; x_wconf 91' lang='lat' dir='ltr'><strong>dono</strong></span> <span class='ocrx_word' id='word_1_430' title='bbox 1933 3313 2128 3369; x_wconf 82' lang='lat' dir='ltr'><strong>dedisti</strong></span> <span class='ocrx_word' id='word_1_431' title='bbox 2236 3318 2404 3388; x_wconf 76' lang='lat' dir='ltr'><strong>pitius</strong></span> <span class='ocrx_word' id='word_1_432' title='bbox 2429 3326 2568 3384; x_wconf 91' lang='lat' dir='ltr'><strong>esto,</strong></span> <span class='ocrx_word' id='word_1_433' title='bbox 2600 3319 2857 3385; x_wconf 88' lang='lat' dir='ltr'><strong>Domine,</strong></span> <span class='ocrx_word' id='word_1_434' title='bbox 2905 3316 2964 3375; x_wconf 86' lang='lat' dir='ltr'><strong>et</strong></span> <span class='ocrx_word' id='word_1_435' title='bbox 3006 3312 3308 3379; x_wconf 87' lang='lat' dir='ltr'><strong>concedere</strong></span> <span class='ocrx_word' id='word_1_436' title='bbox 3352 3323 3598 3394; x_wconf 87' lang='lat' dir='ltr'><strong>dignare,</strong></span> <span class='ocrx_word' id='word_1_437' title='bbox 3640 3325 3807 3379; x_wconf 77' lang='lat' dir='ltr'><strong>facere</strong></span> 
     </span>
    </p>
   </div>
   <div class='ocr_carea' id='block_1_34' title="bbox 530 3404 3808 3481">
    <p class='ocr_par' dir='ltr' id='par_1_34' title="bbox 530 3404 3808 3481">
     <span class='ocr_line' id='line_1_34' title="bbox 530 3404 3808 3481; baseline 0.002 -18"><span class='ocrx_word' id='word_1_438' title='bbox 530 3406 721 3475; x_wconf 85' lang='lat' dir='ltr'><strong>Paulo,</strong></span> <span class='ocrx_word' id='word_1_439' title='bbox 749 3415 804 3462; x_wconf 90' lang='lat' dir='ltr'><strong>et</strong></span> <span class='ocrx_word' id='word_1_440' title='bbox 837 3407 1059 3476; x_wconf 88' lang='lat' dir='ltr'><strong>dignum</strong></span> <span class='ocrx_word' id='word_1_441' title='bbox 1104 3414 1254 3461; x_wconf 91' lang='lat' dir='ltr'><strong>tanta</strong></span> <span class='ocrx_word' id='word_1_442' title='bbox 1284 3406 1455 3478; x_wconf 86' lang='lat' dir='ltr'><strong>gratia</strong></span> <span class='ocrx_word' id='word_1_443' title='bbox 1497 3420 1621 3461; x_wconf 88' lang='lat' dir='ltr'><strong>eum</strong></span> <span class='ocrx_word' id='word_1_444' title='bbox 1661 3404 1861 3469; x_wconf 82' lang='lat' dir='ltr'><strong>iecisti,</strong></span> <span class='ocrx_word' id='word_1_445' title='bbox 1895 3405 1970 3460; x_wconf 90' lang='lat' dir='ltr'><strong>ita</strong></span> <span class='ocrx_word' id='word_1_446' title='bbox 2008 3421 2130 3469; x_wconf 87' lang='lat' dir='ltr'><strong>nos,</strong></span> <span class='ocrx_word' id='word_1_447' title='bbox 2235 3427 2335 3467; x_wconf 90' lang='lat' dir='ltr'><strong>nos</strong></span> <span class='ocrx_word' id='word_1_448' title='bbox 2381 3411 2675 3481; x_wconf 88' lang='lat' dir='ltr'><strong>participes</strong></span> <span class='ocrx_word' id='word_1_449' title='bbox 2721 3420 2780 3467; x_wconf 87' lang='lat' dir='ltr'><strong>et</strong></span> <span class='ocrx_word' id='word_1_450' title='bbox 2822 3420 3105 3468; x_wconf 87' lang='lat' dir='ltr'><strong>consortes</strong></span> <span class='ocrx_word' id='word_1_451' title='bbox 3150 3414 3486 3470; x_wconf 84' lang='lat' dir='ltr'><strong>haereditatis</strong></span> <span class='ocrx_word' id='word_1_452' title='bbox 3529 3430 3735 3481; x_wconf 88' lang='lat' dir='ltr'><strong>eorum,</strong></span> <span class='ocrx_word' id='word_1_453' title='bbox 3760 3424 3808 3469; x_wconf 88' lang='lat' dir='ltr'><strong>et</strong></span> 
     </span>
    </p>
   </div>
   <div class='ocr_carea' id='block_1_35' title="bbox 533 3497 3809 3576">
    <p class='ocr_par' dir='ltr' id='par_1_35' title="bbox 533 3497 3809 3576">
     <span class='ocr_line' id='line_1_35' title="bbox 533 3497 3809 3576; baseline 0.002 -22"><span class='ocrx_word' id='word_1_454' title='bbox 533 3515 865 3571; x_wconf 65' lang='lat' dir='ltr'><strong>quaesumus,</strong></span> <span class='ocrx_word' id='word_1_455' title='bbox 893 3513 1108 3571; x_wconf 86' lang='lat' dir='ltr'><strong>quoque</strong></span> <span class='ocrx_word' id='word_1_456' title='bbox 1132 3499 1322 3571; x_wconf 80' lang='lat' dir='ltr'><strong>dignos</strong></span> <span class='ocrx_word' id='word_1_457' title='bbox 1364 3497 1467 3564; x_wconf 84' lang='lat' dir='ltr'><strong>fac,</strong></span> <span class='ocrx_word' id='word_1_458' title='bbox 1499 3504 1662 3569; x_wconf 85' lang='lat' dir='ltr'><strong>caput</strong></span> <span class='ocrx_word' id='word_1_459' title='bbox 1699 3498 1859 3564; x_wconf 67' lang='lat' dir='ltr'><strong>vitae,</strong></span> <span class='ocrx_word' id='word_1_460' title='bbox 1901 3506 1962 3553; x_wconf 90' lang='lat' dir='ltr'><strong>ut</strong></span> <span class='ocrx_word' id='word_1_461' title='bbox 2007 3513 2132 3554; x_wconf 86' lang='lat' dir='ltr'><strong>eum</strong></span> <span class='ocrx_word' id='word_1_462' title='bbox 2238 3502 2517 3558; x_wconf 88' lang='lat' dir='ltr'><strong>ambulare</strong></span> <span class='ocrx_word' id='word_1_463' title='bbox 2542 3512 2599 3557; x_wconf 90' lang='lat' dir='ltr'><strong>et</strong></span> <span class='ocrx_word' id='word_1_464' title='bbox 2645 3502 2796 3573; x_wconf 91' lang='lat' dir='ltr'><strong>sequi</strong></span> <span class='ocrx_word' id='word_1_465' title='bbox 2824 3503 3053 3575; x_wconf 86' lang='lat' dir='ltr'><strong>vestigia</strong></span> <span class='ocrx_word' id='word_1_466' title='bbox 3082 3518 3292 3559; x_wconf 86' lang='lat' dir='ltr'><strong>eorum.</strong></span> <span class='ocrx_word' id='word_1_467' title='bbox 3338 3504 3579 3570; x_wconf 59' lang='lat' dir='ltr'><strong>Praesta,</strong></span> <span class='ocrx_word' id='word_1_468' title='bbox 3610 3521 3809 3576; x_wconf 56' lang='lat' dir='ltr'><strong>quassu-</strong></span> 
     </span>
    </p>
   </div>
   <div class='ocr_carea' id='block_1_36' title="bbox 533 3590 3807 3666">
    <p class='ocr_par' dir='ltr' id='par_1_36' title="bbox 533 3590 3807 3666">
     <span class='ocr_line' id='line_1_36' title="bbox 533 3590 3807 3666; baseline -0 -17"><span class='ocrx_word' id='word_1_469' title='bbox 533 3595 833 3656; x_wconf 88' lang='lat' dir='ltr'><strong>imitemur,</strong></span> <span class='ocrx_word' id='word_1_470' title='bbox 869 3600 925 3648; x_wconf 86' lang='lat' dir='ltr'><strong>et</strong></span> <span class='ocrx_word' id='word_1_471' title='bbox 955 3592 1009 3647; x_wconf 91' lang='lat' dir='ltr'><strong>in</strong></span> <span class='ocrx_word' id='word_1_472' title='bbox 1042 3591 1181 3646; x_wconf 83' lang='lat' dir='ltr'><strong>viam</strong></span> <span class='ocrx_word' id='word_1_473' title='bbox 1205 3590 1324 3662; x_wconf 85' lang='lat' dir='ltr'><strong>ejus</strong></span> <span class='ocrx_word' id='word_1_474' title='bbox 1352 3591 1712 3656; x_wconf 85' lang='lat' dir='ltr'><strong>ambulemus,</strong></span> <span class='ocrx_word' id='word_1_475' title='bbox 1743 3600 1798 3646; x_wconf 90' lang='lat' dir='ltr'><strong>et</strong></span> <span class='ocrx_word' id='word_1_476' title='bbox 1821 3590 1937 3661; x_wconf 85' lang='lat' dir='ltr'><strong>ejus</strong></span> <span class='ocrx_word' id='word_1_477' title='bbox 1965 3592 2131 3647; x_wconf 88' lang='lat' dir='ltr'><strong>vesti-</strong></span> <span class='ocrx_word' id='word_1_478' title='bbox 2242 3609 2384 3661; x_wconf 88' lang='lat' dir='ltr'><strong>mus,</strong></span> <span class='ocrx_word' id='word_1_479' title='bbox 2428 3603 2491 3649; x_wconf 84' lang='lat' dir='ltr'><strong>ut</strong></span> <span class='ocrx_word' id='word_1_480' title='bbox 2517 3594 2569 3648; x_wconf 92' lang='lat' dir='ltr'><strong>in</strong></span> <span class='ocrx_word' id='word_1_481' title='bbox 2601 3595 2748 3650; x_wconf 91' lang='lat' dir='ltr'><strong>omni</strong></span> <span class='ocrx_word' id='word_1_482' title='bbox 2799 3603 3041 3666; x_wconf 89' lang='lat' dir='ltr'><strong>tempore</strong></span> <span class='ocrx_word' id='word_1_483' title='bbox 3080 3595 3164 3651; x_wconf 90' lang='lat' dir='ltr'><strong>eis</strong></span> <span class='ocrx_word' id='word_1_484' title='bbox 3192 3595 3399 3651; x_wconf 86' lang='lat' dir='ltr'><strong>similes</strong></span> <span class='ocrx_word' id='word_1_485' title='bbox 3448 3597 3619 3651; x_wconf 81' lang='lat' dir='ltr'><strong>simus</strong></span> <span class='ocrx_word' id='word_1_486' title='bbox 3639 3636 3656 3660; x_wconf 91' lang='lat'><strong>,</strong></span> <span class='ocrx_word' id='word_1_487' title='bbox 3686 3605 3740 3650; x_wconf 92' lang='lat' dir='ltr'><strong>et</strong></span> <span class='ocrx_word' id='word_1_488' title='bbox 3764 3597 3807 3651; x_wconf 73' lang='lat' dir='ltr'><strong>in</strong></span> 
     </span>
    </p>
   </div>
   <div class='ocr_carea' id='block_1_37' title="bbox 534 3682 3807 3762">
    <p class='ocr_par' dir='ltr' id='par_1_37' title="bbox 534 3682 3807 3762">
     <span class='ocr_line' id='line_1_37' title="bbox 534 3682 3807 3762; baseline 0.002 -22"><span class='ocrx_word' id='word_1_489' title='bbox 534 3688 620 3758; x_wconf 86' lang='lat' dir='ltr'><strong>gia</strong></span> <span class='ocrx_word' id='word_1_490' title='bbox 652 3700 969 3756; x_wconf 88' lang='lat' dir='ltr'><strong>sequamur,</strong></span> <span class='ocrx_word' id='word_1_491' title='bbox 1014 3693 1071 3739; x_wconf 92' lang='lat' dir='ltr'><strong>et</strong></span> <span class='ocrx_word' id='word_1_492' title='bbox 1109 3699 1304 3739; x_wconf 89' lang='lat' dir='ltr'><strong>nomen</strong></span> <span class='ocrx_word' id='word_1_493' title='bbox 1341 3694 1488 3739; x_wconf 88' lang='lat' dir='ltr'><strong>tuum</strong></span> <span class='ocrx_word' id='word_1_494' title='bbox 1533 3691 1782 3738; x_wconf 89' lang='lat' dir='ltr'><strong>sanctum</strong></span> <span class='ocrx_word' id='word_1_495' title='bbox 1824 3682 2132 3749; x_wconf 89' lang='lat' dir='ltr'><strong>laudemus,</strong></span> <span class='ocrx_word' id='word_1_496' title='bbox 2239 3703 2430 3744; x_wconf 84' lang='lat' dir='ltr'><strong>eorum</strong></span> <span class='ocrx_word' id='word_1_497' title='bbox 2479 3702 2665 3744; x_wconf 84' lang='lat' dir='ltr'><strong>amore</strong></span> <span class='ocrx_word' id='word_1_498' title='bbox 2695 3687 3072 3755; x_wconf 80' lang='lat' dir='ltr'><strong>fortiﬁcemur,</strong></span> <span class='ocrx_word' id='word_1_499' title='bbox 3098 3696 3151 3744; x_wconf 91' lang='lat' dir='ltr'><strong>et</strong></span> <span class='ocrx_word' id='word_1_500' title='bbox 3187 3704 3373 3744; x_wconf 91' lang='lat' dir='ltr'><strong>eorum</strong></span> <span class='ocrx_word' id='word_1_501' title='bbox 3414 3690 3627 3746; x_wconf 86' lang='lat' dir='ltr'><strong>labores</strong></span> <span class='ocrx_word' id='word_1_502' title='bbox 3653 3691 3807 3762; x_wconf 63' lang='lat' dir='ltr'><strong>partio</strong></span> 
     </span>
    </p>
   </div>
   <div class='ocr_carea' id='block_1_38' title="bbox 534 3771 3807 3852">
    <p class='ocr_par' dir='ltr' id='par_1_38' title="bbox 534 3771 3807 3852">
     <span class='ocr_line' id='line_1_38' title="bbox 534 3771 3807 3852; baseline -0.003 -6"><span class='ocrx_word' id='word_1_503' title='bbox 534 3788 591 3833; x_wconf 75' lang='grc' dir='ltr'><strong>ει</strong></span> <span class='ocrx_word' id='word_1_504' title='bbox 614 3777 666 3831; x_wconf 75' lang='grc' dir='ltr'><strong>ί¹¹</strong></span> <span class='ocrx_word' id='word_1_505' title='bbox 699 3785 980 3845; x_wconf 72' lang='grc' dir='ltr'><strong>ετυεεωει</strong></span> <span class='ocrx_word' id='word_1_506' title='bbox 1008 3774 1064 3829; x_wconf 68' lang='lat' dir='ltr'><strong>in</strong></span> <span class='ocrx_word' id='word_1_507' title='bbox 1106 3773 1254 3829; x_wconf 70' lang='lat' dir='ltr'><strong>omni</strong></span> <span class='ocrx_word' id='word_1_508' title='bbox 1288 3782 1526 3843; x_wconf 70' lang='grc' dir='ltr'>ιθῐηροτθ</span> <span class='ocrx_word' id='word_1_509' title='bbox 1556 3771 1871 3844; x_wconf 72' lang='lat' dir='ltr'><strong>gloriemur.</strong></span> <span class='ocrx_word' id='word_1_510' title='bbox 1901 3771 2044 3826; x_wconf 76' lang='grc' dir='ltr'><strong>δίουι</strong></span> <span class='ocrx_word' id='word_1_511' title='bbox 2080 3779 2137 3824; x_wconf 69' lang='grc' dir='ltr'><strong>ει</strong></span> <span class='ocrx_word' id='word_1_512' title='bbox 2242 3781 2506 3852; x_wconf 87' lang='lat' dir='ltr'><strong>cipemus.</strong></span> <span class='ocrx_word' id='word_1_513' title='bbox 2535 3779 2786 3846; x_wconf 87' lang='lat' dir='ltr'><strong>Custodi,</strong></span> <span class='ocrx_word' id='word_1_514' title='bbox 2829 3780 3091 3846; x_wconf 88' lang='lat' dir='ltr'><strong>Domine,</strong></span> <span class='ocrx_word' id='word_1_515' title='bbox 3123 3781 3435 3838; x_wconf 83' lang='lat' dir='ltr'><strong>Ecclesianr</strong></span> <span class='ocrx_word' id='word_1_516' title='bbox 3456 3782 3807 3838; x_wconf 77' lang='lat' dir='ltr'><strong>Christianam</strong></span> 
     </span>
    </p>
   </div>
   <div class='ocr_carea' id='block_1_39' title="bbox 534 3863 3807 3945">
    <p class='ocr_par' dir='ltr' id='par_1_39' title="bbox 534 3863 3807 3945">
     <span class='ocr_line' id='line_1_39' title="bbox 534 3863 3807 3945; baseline -0.003 -23"><span class='ocrx_word' id='word_1_517' title='bbox 534 3867 671 3939; x_wconf 29' lang='lat' dir='ltr'><strong>ipse,</strong></span> <span class='ocrx_word' id='word_1_518' title='bbox 698 3880 911 3938; x_wconf 87' lang='lat' dir='ltr'><strong>semper</strong></span> <span class='ocrx_word' id='word_1_519' title='bbox 954 3864 1217 3936; x_wconf 87' lang='lat' dir='ltr'><strong>gloriatus</strong></span> <span class='ocrx_word' id='word_1_520' title='bbox 1266 3863 1383 3919; x_wconf 79' lang='lat' dir='ltr'><strong>fuit.</strong></span> <span class='ocrx_word' id='word_1_521' title='bbox 1439 3863 1558 3919; x_wconf 86' lang='lat' dir='ltr'><strong>Tibi</strong></span> <span class='ocrx_word' id='word_1_522' title='bbox 1606 3864 1811 3930; x_wconf 89' lang='lat' dir='ltr'><strong>virtus,</strong></span> <span class='ocrx_word' id='word_1_523' title='bbox 1869 3879 2094 3934; x_wconf 88' lang='lat' dir='ltr'><strong>regnum</strong></span> <span class='ocrx_word' id='word_1_524' title='bbox 2243 3881 2519 3938; x_wconf 55' lang='lat' dir='ltr'><strong>sanciam</strong></span> <span class='ocrx_word' id='word_1_525' title='bbox 2546 3871 2601 3927; x_wconf 78' lang='lat' dir='ltr'><strong>in</strong></span> <span class='ocrx_word' id='word_1_526' title='bbox 2634 3873 2774 3927; x_wconf 71' lang='lat' dir='ltr'><strong>bona</strong></span> <span class='ocrx_word' id='word_1_527' title='bbox 2806 3871 3149 3939; x_wconf 64' lang='grc' dir='ltr'><strong>εάοι-θιίοηε,</strong></span> <span class='ocrx_word' id='word_1_528' title='bbox 3178 3888 3299 3945; x_wconf 56' lang='lat' dir='ltr'><strong>qua;</strong></span> <span class='ocrx_word' id='word_1_529' title='bbox 3323 3872 3591 3929; x_wconf 65' lang='grc' dir='ltr'><strong>ωάίίίρειιει</strong></span> <span class='ocrx_word' id='word_1_530' title='bbox 3617 3883 3671 3929; x_wconf 73' lang='grc' dir='ltr'><strong>ει</strong></span> <span class='ocrx_word' id='word_1_531' title='bbox 3699 3872 3807 3928; x_wconf 69' lang='lat' dir='ltr'><strong>run-</strong></span> 
     </span>
    </p>
   </div>
   <div class='ocr_carea' id='block_1_40' title="bbox 542 3954 3185 4037">
    <p class='ocr_par' dir='ltr' id='par_1_40' title="bbox 542 3954 3185 4037">
     <span class='ocr_line' id='line_1_40' title="bbox 542 3954 3185 4037; baseline -0.002 -24"><span class='ocrx_word' id='word_1_532' title='bbox 542 3959 872 4028; x_wconf 84' lang='lat' dir='ltr'><strong>triumphus,</strong></span> <span class='ocrx_word' id='word_1_533' title='bbox 899 3957 1320 4029; x_wconf 85' lang='lat' dir='ltr'><strong>magniﬁcentia,</strong></span> <span class='ocrx_word' id='word_1_534' title='bbox 1346 3956 1541 4022; x_wconf 85' lang='lat' dir='ltr'><strong>honor,</strong></span> <span class='ocrx_word' id='word_1_535' title='bbox 1569 3964 1621 4010; x_wconf 91' lang='lat' dir='ltr'><strong>et</strong></span> <span class='ocrx_word' id='word_1_536' title='bbox 1645 3955 1839 4027; x_wconf 85' lang='lat' dir='ltr'><strong>gloria,</strong></span> <span class='ocrx_word' id='word_1_537' title='bbox 1866 3954 2138 4012; x_wconf 62' lang='lat' dir='ltr'><strong>iu&#39;saecula</strong></span> <span class='ocrx_word' id='word_1_538' title='bbox 2244 3966 2373 4021; x_wconf 57' lang='lat' dir='ltr'><strong>data</strong></span> <span class='ocrx_word' id='word_1_539' title='bbox 2405 3964 2504 4020; x_wconf 60' lang='lat' dir='ltr'><strong>fuit</strong></span> <span class='ocrx_word' id='word_1_540' title='bbox 2529 3979 2624 4037; x_wconf 70' lang='lat' dir='ltr'><strong>per</strong></span> <span class='ocrx_word' id='word_1_541' title='bbox 2646 3964 2921 4036; x_wconf 62' lang='lat' dir='ltr'><strong>apostolos</strong></span> <span class='ocrx_word' id='word_1_542' title='bbox 2949 3974 3185 4022; x_wconf 56' lang='lat' dir='ltr'><strong>sanctos,</strong></span> 
     </span>
    </p>
   </div>
   <div class='ocr_carea' id='block_1_41' title="bbox 540 4045 3316 4131">
    <p class='ocr_par' dir='ltr' id='par_1_41' title="bbox 540 4045 3316 4131">
     <span class='ocr_line' id='line_1_41' title="bbox 540 4045 3316 4131; baseline 0.001 -19"><span class='ocrx_word' id='word_1_543' title='bbox 540 4053 886 4109; x_wconf 60' lang='lat' dir='ltr'><strong>saeculorum-</strong></span> <span class='ocrx_word' id='word_1_544' title='bbox 905 4045 1113 4106; x_wconf 33' lang='lat' dir='ltr'><strong>.Amcn-</strong></span> <span class='ocrx_word' id='word_1_545' title='bbox 2318 4060 2579 4116; x_wconf 83' lang='lat' dir='ltr'><strong><em>Sacerdos</em></strong></span> <span class='ocrx_word' id='word_1_546' title='bbox 2614 4061 2849 4130; x_wconf 86' lang='lat' dir='ltr'><strong><em>sequitur</em></strong></span> <span class='ocrx_word' id='word_1_547' title='bbox 2879 4076 3002 4131; x_wconf 90' lang='lat' dir='ltr'><strong><em>erga</em></strong></span> <span class='ocrx_word' id='word_1_548' title='bbox 3024 4060 3272 4131; x_wconf 78' lang='lat' dir='ltr'><strong>populum</strong></span> <span class='ocrx_word' id='word_1_549' title='bbox 3294 4077 3316 4116; x_wconf 90' lang='lat'><strong><em>:</em></strong></span> 
     </span>
    </p>
   </div>
   <div class='ocr_carea' id='block_1_42' title="bbox 612 4140 3810 4225">
    <p class='ocr_par' dir='ltr' id='par_1_42' title="bbox 612 4140 3810 4225">
     <span class='ocr_line' id='line_1_42' title="bbox 612 4140 3810 4225; baseline -0.002 -26"><span class='ocrx_word' id='word_1_550' title='bbox 612 4143 882 4200; x_wconf 86' lang='lat' dir='ltr'><strong><em>Diaconus</em></strong></span> <span class='ocrx_word' id='word_1_551' title='bbox 913 4154 1196 4213; x_wconf 86' lang='lat' dir='ltr'><strong><em>antequam</em></strong></span> <span class='ocrx_word' id='word_1_552' title='bbox 1226 4142 1433 4213; x_wconf 86' lang='lat' dir='ltr'><strong><em>legatur</em></strong></span> <span class='ocrx_word' id='word_1_553' title='bbox 1455 4140 1711 4209; x_wconf 85' lang='lat' dir='ltr'><strong><em>Epistola,</em></strong></span> <span class='ocrx_word' id='word_1_554' title='bbox 1743 4140 1913 4195; x_wconf 89' lang='lat' dir='ltr'><strong><em>dicit:</em></strong></span> <span class='ocrx_word' id='word_1_555' title='bbox 1940 4140 2142 4197; x_wconf 82' lang='lat' dir='ltr'><strong>Omnes</strong></span> <span class='ocrx_word' id='word_1_556' title='bbox 2317 4155 2357 4224; x_wconf 61' lang='grc' dir='ltr'><strong>σί-</strong></span> <span class='ocrx_word' id='word_1_557' title='bbox 2389 4153 2620 4208; x_wconf 72' lang='lat' dir='ltr'><strong>Benedic</strong></span> <span class='ocrx_word' id='word_1_558' title='bbox 2664 4152 2834 4223; x_wconf 62' lang='lat' dir='ltr'><strong>gregi,</strong></span> <span class='ocrx_word' id='word_1_559' title='bbox 2883 4162 2939 4207; x_wconf 72' lang='grc' dir='ltr'>ει</span> <span class='ocrx_word' id='word_1_560' title='bbox 2981 4154 3136 4224; x_wconf 71' lang='lat' dir='ltr'><strong>agnis</strong></span> <span class='ocrx_word' id='word_1_561' title='bbox 3185 4155 3318 4218; x_wconf 64' lang='grc' dir='ltr'><strong>ιιιῖς,</strong></span> <span class='ocrx_word' id='word_1_562' title='bbox 3366 4154 3694 4225; x_wconf 51' lang='lat' dir='ltr'><strong>manipli“,</strong></span> <span class='ocrx_word' id='word_1_563' title='bbox 3721 4153 3810 4209; x_wconf 72' lang='lat' dir='ltr'><strong>Do.</strong></span> 
     </span>
    </p>
   </div>
   <div class='ocr_carea' id='block_1_43' title="bbox 546 4231 3811 4315">
    <p class='ocr_par' dir='ltr' id='par_1_43' title="bbox 546 4231 3811 4315">
     <span class='ocr_line' id='line_1_43' title="bbox 546 4231 3811 4315; baseline -0.002 -25"><span class='ocrx_word' id='word_1_564' title='bbox 546 4237 637 4306; x_wconf 84' lang='lat' dir='ltr'><strong>qui</strong></span> <span class='ocrx_word' id='word_1_565' title='bbox 669 4251 775 4292; x_wconf 89' lang='lat' dir='ltr'><strong>non</strong></span> <span class='ocrx_word' id='word_1_566' title='bbox 805 4245 992 4290; x_wconf 88' lang='lat' dir='ltr'><strong>amant</strong></span> <span class='ocrx_word' id='word_1_567' title='bbox 1020 4233 1303 4289; x_wconf 91' lang='lat' dir='ltr'><strong>Dominum</strong></span> <span class='ocrx_word' id='word_1_568' title='bbox 1334 4242 1602 4296; x_wconf 78' lang='lat' dir='ltr'><strong>nostrum,</strong></span> <span class='ocrx_word' id='word_1_569' title='bbox 1632 4231 1767 4287; x_wconf 89' lang='lat' dir='ltr'><strong>etin</strong></span> <span class='ocrx_word' id='word_1_570' title='bbox 1799 4233 2139 4288; x_wconf 86' lang='lat' dir='ltr'><strong>nativitatem</strong></span> <span class='ocrx_word' id='word_1_571' title='bbox 2246 4245 2416 4308; x_wconf 69' lang='lat' dir='ltr'><strong>mine,</strong></span> <span class='ocrx_word' id='word_1_572' title='bbox 2453 4244 2593 4298; x_wconf 70' lang='lat' dir='ltr'><strong>hanc</strong></span> <span class='ocrx_word' id='word_1_573' title='bbox 2622 4259 2846 4297; x_wconf 66' lang='lat' dir='ltr'><strong>uvarum</strong></span> <span class='ocrx_word' id='word_1_574' title='bbox 2895 4243 3093 4310; x_wconf 58' lang='lat' dir='ltr'><strong>vilem,</strong></span> <span class='ocrx_word' id='word_1_575' title='bbox 3132 4260 3293 4315; x_wconf 67' lang='lat' dir='ltr'><strong>quam</strong></span> <span class='ocrx_word' id='word_1_576' title='bbox 3345 4260 3444 4315; x_wconf 73' lang='grc' dir='ltr'><strong>ροι-</strong></span> <span class='ocrx_word' id='word_1_577' title='bbox 3488 4262 3678 4301; x_wconf 63' lang='lat' dir='ltr'><strong>manus</strong></span> <span class='ocrx_word' id='word_1_578' title='bbox 3705 4255 3811 4299; x_wconf 66' lang='grc' dir='ltr'><strong>ιυεη</strong></span> 
     </span>
    </p>
   </div>
   <div class='ocr_carea' id='block_1_44' title="bbox 545 4324 3808 4407">
    <p class='ocr_par' dir='ltr' id='par_1_44' title="bbox 545 4324 3808 4407">
     <span class='ocr_line' id='line_1_44' title="bbox 545 4324 3808 4407; baseline -0.001 -14"><span class='ocrx_word' id='word_1_579' title='bbox 545 4345 703 4387; x_wconf 75' lang='lat' dir='ltr'><strong>suam</strong></span> <span class='ocrx_word' id='word_1_580' title='bbox 749 4328 974 4383; x_wconf 73' lang='lat' dir='ltr'><strong>minime</strong></span> <span class='ocrx_word' id='word_1_581' title='bbox 1012 4325 1263 4391; x_wconf 71' lang='grc' dir='ltr'><strong>εῐεάιιηι,</strong></span> <span class='ocrx_word' id='word_1_582' title='bbox 1294 4335 1350 4381; x_wconf 69' lang='grc' dir='ltr'><strong>ει</strong></span> <span class='ocrx_word' id='word_1_583' title='bbox 1391 4326 1446 4379; x_wconf 74' lang='lat' dir='ltr'><strong>in</strong></span> <span class='ocrx_word' id='word_1_584' title='bbox 1485 4334 1728 4381; x_wconf 60' lang='lat' dir='ltr'><strong>sanetam</strong></span> <span class='ocrx_word' id='word_1_585' title='bbox 1757 4324 1979 4380; x_wconf 65' lang='lat' dir='ltr'><strong>Mariam</strong></span> <span class='ocrx_word' id='word_1_586' title='bbox 2014 4326 2140 4381; x_wconf 67' lang='grc' dir='ltr'><strong>νίτ-</strong></span> <span class='ocrx_word' id='word_1_587' title='bbox 2247 4346 2486 4401; x_wconf 88' lang='lat' dir='ltr'><strong>sanctas,</strong></span> <span class='ocrx_word' id='word_1_588' title='bbox 2532 4351 2631 4407; x_wconf 87' lang='lat' dir='ltr'><strong>per</strong></span> <span class='ocrx_word' id='word_1_589' title='bbox 2676 4324 2959 4391; x_wconf 89' lang='lat' dir='ltr'><strong>Dominum</strong></span> <span class='ocrx_word' id='word_1_590' title='bbox 3011 4346 3254 4392; x_wconf 90' lang='lat' dir='ltr'><strong>nostrum</strong></span> <span class='ocrx_word' id='word_1_591' title='bbox 3301 4336 3488 4393; x_wconf 81' lang='lat' dir='ltr'><strong>Jesum</strong></span> <span class='ocrx_word' id='word_1_592' title='bbox 3538 4337 3808 4399; x_wconf 81' lang='lat' dir='ltr'><strong>Christum,</strong></span> 
     </span>
    </p>
   </div>
   <div class='ocr_carea' id='block_1_45' title="bbox 546 4416 3809 4501">
    <p class='ocr_par' dir='ltr' id='par_1_45' title="bbox 546 4416 3809 4501">
     <span class='ocr_line' id='line_1_45' title="bbox 546 4416 3809 4501; baseline -0.003 -11"><span class='ocrx_word' id='word_1_593' title='bbox 546 4424 749 4495; x_wconf 70' lang='grc' dir='ltr'><strong>Βῖηοῐην</strong></span> <span class='ocrx_word' id='word_1_594' title='bbox 782 4419 1074 4476; x_wconf 65' lang='lat' dir='ltr'><strong>anaulema</strong></span> <span class='ocrx_word' id='word_1_595' title='bbox 1101 4417 1212 4474; x_wconf 70' lang='lat' dir='ltr'><strong><em>Sim</em></strong></span> <span class='ocrx_word' id='word_1_596' title='bbox 1235 4432 1403 4488; x_wconf 76' lang='grc' dir='ltr'><strong>ιιείιιιθ</strong></span> <span class='ocrx_word' id='word_1_597' title='bbox 1429 4417 1496 4472; x_wconf 62' lang='grc' dir='ltr'><strong>πά</strong></span> <span class='ocrx_word' id='word_1_598' title='bbox 1524 4418 1816 4474; x_wconf 53' lang='lat' dir='ltr'><strong>adventum</strong></span> <span class='ocrx_word' id='word_1_599' title='bbox 1841 4416 1980 4486; x_wconf 54' lang='lat' dir='ltr'><strong>(ilus-</strong></span> <span class='ocrx_word' id='word_1_600' title='bbox 2247 4420 2542 4499; x_wconf 19' lang='lat' dir='ltr'><strong>planta‘sti;</strong></span> <span class='ocrx_word' id='word_1_601' title='bbox 2577 4426 2688 4492; x_wconf 89' lang='lat' dir='ltr'><strong>cui,</strong></span> <span class='ocrx_word' id='word_1_602' title='bbox 2719 4436 2773 4481; x_wconf 89' lang='lat' dir='ltr'><strong>et</strong></span> <span class='ocrx_word' id='word_1_603' title='bbox 2805 4427 2923 4493; x_wconf 89' lang='lat' dir='ltr'><strong>tibi,</strong></span> <span class='ocrx_word' id='word_1_604' title='bbox 2954 4435 3010 4482; x_wconf 87' lang='lat' dir='ltr'><strong>et</strong></span> <span class='ocrx_word' id='word_1_605' title='bbox 3056 4427 3281 4497; x_wconf 87' lang='lat' dir='ltr'><strong>Spiritui</strong></span> <span class='ocrx_word' id='word_1_606' title='bbox 3330 4437 3520 4484; x_wconf 86' lang='lat' dir='ltr'><strong>sancto</strong></span> <span class='ocrx_word' id='word_1_607' title='bbox 3567 4430 3723 4501; x_wconf 84' lang='lat' dir='ltr'><strong>gloria</strong></span> <span class='ocrx_word' id='word_1_608' title='bbox 3766 4436 3809 4480; x_wconf 87' lang='lat' dir='ltr'><strong>et</strong></span> 
     </span>
    </p>
   </div>
   <div class='ocr_carea' id='block_1_46' title="bbox 620 4510 3808 4610">
    <p class='ocr_par' dir='ltr' id='par_1_46' title="bbox 620 4510 3808 4610">
     <span class='ocr_line' id='line_1_46' title="bbox 620 4510 3808 4610; baseline -0.003 -40"><span class='ocrx_word' id='word_1_609' title='bbox 620 4514 822 4570; x_wconf 82' lang='lat' dir='ltr'><strong><em>Deinde</em></strong></span> <span class='ocrx_word' id='word_1_610' title='bbox 871 4512 1062 4583; x_wconf 84' lang='lat' dir='ltr'><strong>legitur</strong></span> <span class='ocrx_word' id='word_1_611' title='bbox 1109 4511 1348 4581; x_wconf 84' lang='lat' dir='ltr'><strong><em>Epistola</em></strong></span> <span class='ocrx_word' id='word_1_612' title='bbox 1397 4510 1578 4576; x_wconf 87' lang='lat' dir='ltr'><strong><em>Pauli,</em></strong></span> <span class='ocrx_word' id='word_1_613' title='bbox 1619 4528 1738 4582; x_wconf 64' lang='lat' dir='ltr'><strong><em>qua:</em></strong></span> <span class='ocrx_word' id='word_1_614' title='bbox 1786 4514 2047 4577; x_wconf 83' lang='lat' dir='ltr'><strong><em>occurrit,</em></strong></span> <span class='ocrx_word' id='word_1_615' title='bbox 2094 4521 2143 4567; x_wconf 84' lang='lat' dir='ltr'><strong>et</strong></span> <span class='ocrx_word' id='word_1_616' title='bbox 2176 4552 2220 4610; x_wconf 68' lang='grc' dir='ltr'>υ</span> <span class='ocrx_word' id='word_1_617' title='bbox 2252 4520 2513 4590; x_wconf 74' lang='lat' dir='ltr'><strong>potentia,</strong></span> <span class='ocrx_word' id='word_1_618' title='bbox 2546 4528 2599 4574; x_wconf 76' lang='lat' dir='ltr'><strong>et</strong></span> <span class='ocrx_word' id='word_1_619' title='bbox 2630 4534 2803 4584; x_wconf 78' lang='lat' dir='ltr'><strong>nunc,</strong></span> <span class='ocrx_word' id='word_1_620' title='bbox 2837 4527 2893 4573; x_wconf 74' lang='lat' dir='ltr'><strong>et</strong></span> <span class='ocrx_word' id='word_1_621' title='bbox 2917 4534 3153 4589; x_wconf 64' lang='lat' dir='ltr'><strong>semper,</strong></span> <span class='ocrx_word' id='word_1_622' title='bbox 3186 4530 3238 4575; x_wconf 72' lang='grc' dir='ltr'><strong>ει</strong></span> <span class='ocrx_word' id='word_1_623' title='bbox 3283 4521 3337 4575; x_wconf 78' lang='lat' dir='ltr'><strong>in</strong></span> <span class='ocrx_word' id='word_1_624' title='bbox 3381 4521 3581 4575; x_wconf 55' lang='lat' dir='ltr'><strong>summa</strong></span> <span class='ocrx_word' id='word_1_625' title='bbox 3612 4519 3808 4576; x_wconf 61' lang='grc' dir='ltr'><strong>εωαιιο.</strong></span> 
     </span>
    </p>
   </div>
   <div class='ocr_carea' id='block_1_47' title="bbox 548 4602 2615 4679">
    <p class='ocr_par' dir='ltr' id='par_1_47' title="bbox 548 4602 2615 4679">
     <span class='ocr_line' id='line_1_47' title="bbox 548 4602 2615 4679; baseline -0.003 -17"><span class='ocrx_word' id='word_1_626' title='bbox 548 4606 834 4679; x_wconf 82' lang='lat' dir='ltr'><strong><em>usquelibet</em></strong></span> <span class='ocrx_word' id='word_1_627' title='bbox 880 4604 1167 4659; x_wconf 87' lang='lat' dir='ltr'><strong><em>secundum</em></strong></span> <span class='ocrx_word' id='word_1_628' title='bbox 1201 4604 1337 4657; x_wconf 86' lang='lat' dir='ltr'><strong><em>diem</em></strong></span> <span class='ocrx_word' id='word_1_629' title='bbox 1380 4613 1752 4657; x_wconf 85' lang='lat' dir='ltr'><strong><em>occurrentem.</em></strong></span> <span class='ocrx_word' id='word_1_630' title='bbox 1804 4602 1962 4658; x_wconf 88' lang='lat' dir='ltr'><strong><em>Lecta</em></strong></span> <span class='ocrx_word' id='word_1_631' title='bbox 2012 4602 2141 4674; x_wconf 82' lang='lat' dir='ltr'><strong>Epi-</strong></span> <span class='ocrx_word' id='word_1_632' title='bbox 2176 4602 2212 4610; x_wconf 68' lang='grc'><strong>⁷</strong></span> <span class='ocrx_word' id='word_1_633' title='bbox 2250 4627 2389 4666; x_wconf 73' lang='lat' dir='ltr'><strong>mm,</strong></span> <span class='ocrx_word' id='word_1_634' title='bbox 2420 4610 2615 4666; x_wconf 76' lang='lat' dir='ltr'><strong>Amen,</strong></span> 
     </span>
    </p>
   </div>
   <div class='ocr_carea' id='block_1_48' title="bbox 548 4698 3809 4772">
    <p class='ocr_par' dir='ltr' id='par_1_48' title="bbox 548 4698 3809 4772">
     <span class='ocr_line' id='line_1_48' title="bbox 548 4698 3809 4772; baseline -0.001 -18"><span class='ocrx_word' id='word_1_635' title='bbox 548 4699 706 4764; x_wconf 86' lang='lat' dir='ltr'><strong><em>stola,</em></strong></span> <span class='ocrx_word' id='word_1_636' title='bbox 740 4699 867 4752; x_wconf 82' lang='lat' dir='ltr'><strong><em>dicit</em></strong></span> <span class='ocrx_word' id='word_1_637' title='bbox 893 4698 1146 4751; x_wconf 85' lang='lat' dir='ltr'><strong><em>diaconus</em></strong></span> <span class='ocrx_word' id='word_1_638' title='bbox 1172 4712 1192 4750; x_wconf 92' lang='lat'><strong><em>:</em></strong></span> <span class='ocrx_word' id='word_1_639' title='bbox 1638 4738 1643 4743; x_wconf 62' lang='grc' dir='ltr'><em>ι</em></span> <span class='ocrx_word' id='word_1_640' title='bbox 2325 4701 2427 4755; x_wconf 84' lang='lat' dir='ltr'><strong><em>Hic</em></strong></span> <span class='ocrx_word' id='word_1_641' title='bbox 2456 4703 2699 4755; x_wconf 82' lang='lat' dir='ltr'><strong><em>sacerdos</em></strong></span> <span class='ocrx_word' id='word_1_642' title='bbox 2727 4702 2871 4772; x_wconf 84' lang='lat' dir='ltr'><strong><em>ponit</em></strong></span> <span class='ocrx_word' id='word_1_643' title='bbox 2896 4702 3165 4757; x_wconf 86' lang='lat' dir='ltr'><strong><em>incensum</em></strong></span> <span class='ocrx_word' id='word_1_644' title='bbox 3208 4703 3263 4756; x_wconf 88' lang='lat' dir='ltr'><strong><em>in</em></strong></span> <span class='ocrx_word' id='word_1_645' title='bbox 3298 4702 3591 4769; x_wconf 84' lang='lat' dir='ltr'><strong>tlntribulo,</strong></span> <span class='ocrx_word' id='word_1_646' title='bbox 3614 4703 3809 4756; x_wconf 74' lang='lat' dir='ltr'><strong><em>dicens:</em></strong></span> 
     </span>
    </p>
   </div>
   <div class='ocr_carea' id='block_1_49' title="bbox 580 4786 3808 4863">
    <p class='ocr_par' dir='ltr' id='par_1_49' title="bbox 580 4786 3808 4863">
     <span class='ocr_line' id='line_1_49' title="bbox 580 4786 3808 4863; baseline -0 -17"><span class='ocrx_word' id='word_1_647' title='bbox 580 4844 585 4850; x_wconf 81' lang='grc'>,</span> <span class='ocrx_word' id='word_1_648' title='bbox 622 4790 803 4846; x_wconf 83' lang='lat' dir='ltr'><strong>Gloria</strong></span> <span class='ocrx_word' id='word_1_649' title='bbox 834 4789 1030 4856; x_wconf 85' lang='lat' dir='ltr'><strong>Patris,</strong></span> <span class='ocrx_word' id='word_1_650' title='bbox 1064 4802 1218 4843; x_wconf 90' lang='lat' dir='ltr'><strong>amor</strong></span> <span class='ocrx_word' id='word_1_651' title='bbox 1244 4787 1396 4851; x_wconf 89' lang='lat' dir='ltr'><strong>Filii,</strong></span> <span class='ocrx_word' id='word_1_652' title='bbox 1430 4797 1486 4843; x_wconf 85' lang='lat' dir='ltr'><strong>et</strong></span> <span class='ocrx_word' id='word_1_653' title='bbox 1520 4787 1721 4844; x_wconf 89' lang='lat' dir='ltr'><strong>donum</strong></span> <span class='ocrx_word' id='word_1_654' title='bbox 1746 4786 1982 4857; x_wconf 86' lang='lat' dir='ltr'><strong>Spiritus</strong></span> <span class='ocrx_word' id='word_1_655' title='bbox 2020 4802 2144 4842; x_wconf 84' lang='lat' dir='ltr'><strong>san-</strong></span> <span class='ocrx_word' id='word_1_656' title='bbox 2324 4791 2582 4859; x_wconf 89' lang='lat' dir='ltr'><strong>Domine,</strong></span> <span class='ocrx_word' id='word_1_657' title='bbox 2640 4791 2784 4847; x_wconf 89' lang='lat' dir='ltr'><strong>Deus</strong></span> <span class='ocrx_word' id='word_1_658' title='bbox 2829 4801 3053 4860; x_wconf 88' lang='lat' dir='ltr'><strong>noster,</strong></span> <span class='ocrx_word' id='word_1_659' title='bbox 3097 4794 3191 4863; x_wconf 90' lang='lat' dir='ltr'><strong>qui</strong></span> <span class='ocrx_word' id='word_1_660' title='bbox 3239 4793 3571 4849; x_wconf 87' lang='lat' dir='ltr'><strong>sacriﬁcium</strong></span> <span class='ocrx_word' id='word_1_661' title='bbox 3612 4792 3808 4847; x_wconf 73' lang='lat' dir='ltr'><strong>Ahraha:</strong></span> 
     </span>
    </p>
   </div>
   <div class='ocr_carea' id='block_1_50' title="bbox 546 4876 2095 4961">
    <p class='ocr_par' dir='ltr' id='par_1_50' title="bbox 546 4876 2095 4949">
     <span class='ocr_line' id='line_1_50' title="bbox 546 4876 2095 4949; baseline -0.003 -14"><span class='ocrx_word' id='word_1_662' title='bbox 546 4882 641 4944; x_wconf 88' lang='lat' dir='ltr'><strong>eti,</strong></span> <span class='ocrx_word' id='word_1_663' title='bbox 676 4894 795 4949; x_wconf 72' lang='lat' dir='ltr'><strong>qum</strong></span> <span class='ocrx_word' id='word_1_664' title='bbox 831 4880 1226 4934; x_wconf 87' lang='lat' dir='ltr'><strong>descenderunt</strong></span> <span class='ocrx_word' id='word_1_665' title='bbox 1253 4878 1724 4949; x_wconf 85' lang='lat' dir='ltr'><strong>super_apostolos</strong></span> <span class='ocrx_word' id='word_1_666' title='bbox 1754 4876 2095 4933; x_wconf 37' lang='lat' dir='ltr'><strong>benedictosi</strong></span> 
     </span>
    </p>
   </div>
   <div class='ocr_carea' id='block_1_51' title="bbox 2259 4876 3808 4961">
    <p class='ocr_par' dir='ltr' id='par_1_51' title="bbox 2259 4887 3808 4961">
     <span class='ocr_line' id='line_1_51' title="bbox 2259 4887 3808 4961; baseline -0.004 -18"><span class='ocrx_word' id='word_1_667' title='bbox 2259 4890 2426 4960; x_wconf 90' lang='lat' dir='ltr'><strong>patris</strong></span> <span class='ocrx_word' id='word_1_668' title='bbox 2474 4889 2646 4944; x_wconf 89' lang='lat' dir='ltr'><strong>nostri</strong></span> <span class='ocrx_word' id='word_1_669' title='bbox 2683 4890 2996 4960; x_wconf 89' lang='lat' dir='ltr'><strong>suscepisti,</strong></span> <span class='ocrx_word' id='word_1_670' title='bbox 3042 4898 3098 4945; x_wconf 89' lang='lat' dir='ltr'><strong>et</strong></span> <span class='ocrx_word' id='word_1_671' title='bbox 3130 4904 3231 4961; x_wconf 88' lang='lat' dir='ltr'><strong>pro</strong></span> <span class='ocrx_word' id='word_1_672' title='bbox 3275 4891 3394 4946; x_wconf 89' lang='lat' dir='ltr'><strong>vice</strong></span> <span class='ocrx_word' id='word_1_673' title='bbox 3444 4899 3501 4946; x_wconf 89' lang='lat' dir='ltr'><strong>et</strong></span> <span class='ocrx_word' id='word_1_674' title='bbox 3547 4887 3808 4945; x_wconf 81' lang='lat' dir='ltr'><strong>salvatione</strong></span> 
     </span>
    </p>
   </div>
   <div class='ocr_carea' id='block_1_52' title="bbox 550 4968 3811 5050">
    <p class='ocr_par' dir='ltr' id='par_1_52' title="bbox 550 4968 3811 5050">
     <span class='ocr_line' id='line_1_52' title="bbox 550 4968 3811 5050; baseline -0.001 -27"><span class='ocrx_word' id='word_1_675' title='bbox 550 4971 785 5026; x_wconf 77' lang='lat' dir='ltr'><strong>IllundOS</strong></span> <span class='ocrx_word' id='word_1_676' title='bbox 812 4970 862 5023; x_wconf 86' lang='lat' dir='ltr'><strong>in</strong></span> <span class='ocrx_word' id='word_1_677' title='bbox 887 4968 1019 5025; x_wconf 75' lang='lat' dir='ltr'><strong>Sion</strong></span> <span class='ocrx_word' id='word_1_678' title='bbox 1048 4969 1168 5025; x_wconf 74' lang='grc'><strong>1000</strong></span> <span class='ocrx_word' id='word_1_679' title='bbox 1209 4977 1421 5035; x_wconf 86' lang='lat' dir='ltr'><strong>sancto,</strong></span> <span class='ocrx_word' id='word_1_680' title='bbox 1449 4968 1794 5040; x_wconf 84' lang='lat' dir='ltr'><strong>duplicentur</strong></span> <span class='ocrx_word' id='word_1_681' title='bbox 1834 4982 1999 5039; x_wconf 88' lang='lat' dir='ltr'><strong>super</strong></span> <span class='ocrx_word' id='word_1_682' title='bbox 2023 4981 2144 5034; x_wconf 87' lang='lat' dir='ltr'><strong>nos,</strong></span> <span class='ocrx_word' id='word_1_683' title='bbox 2256 4981 2434 5036; x_wconf 60' lang='lat' dir='ltr'><strong>Isaac.</strong></span> <span class='ocrx_word' id='word_1_684' title='bbox 2590 4980 2729 5050; x_wconf 60' lang='lat' dir='ltr'><strong>ejus,</strong></span> <span class='ocrx_word' id='word_1_685' title='bbox 2758 4996 2956 5050; x_wconf 74' lang='lat' dir='ltr'><strong>agnum</strong></span> <span class='ocrx_word' id='word_1_686' title='bbox 3001 4981 3332 5038; x_wconf 69' lang='lat' dir='ltr'><strong>descendere</strong></span> <span class='ocrx_word' id='word_1_687' title='bbox 3358 4980 3567 5046; x_wconf 57' lang='lat' dir='ltr'><strong>fecisti;</strong></span> <span class='ocrx_word' id='word_1_688' title='bbox 3598 4981 3701 5042; x_wconf 60' lang='lat' dir='ltr'><strong>sic,</strong></span> <span class='ocrx_word' id='word_1_689' title='bbox 3727 4977 3811 5029; x_wconf 72' lang='lat' dir='ltr'><strong>Do-</strong></span> 
     </span>
    </p>
   </div>
   <div class='ocr_carea' id='block_1_53' title="bbox 551 5060 2100 5142">
    <p class='ocr_par' dir='ltr' id='par_1_53' title="bbox 551 5060 1803 5127">
     <span class='ocr_line' id='line_1_53' title="bbox 551 5060 1803 5127; baseline -0.002 -10"><span class='ocrx_word' id='word_1_690' title='bbox 551 5061 913 5127; x_wconf 88' lang='lat' dir='ltr'><strong>Cbristianos,</strong></span> <span class='ocrx_word' id='word_1_691' title='bbox 940 5062 993 5116; x_wconf 92' lang='lat' dir='ltr'><strong><em>in</em></strong></span> <span class='ocrx_word' id='word_1_692' title='bbox 1022 5062 1218 5117; x_wconf 84' lang='lat' dir='ltr'><strong>saecula</strong></span> <span class='ocrx_word' id='word_1_693' title='bbox 1244 5061 1585 5118; x_wconf 60' lang='lat' dir='ltr'><strong>seculorum.</strong></span> <span class='ocrx_word' id='word_1_694' title='bbox 1608 5060 1803 5116; x_wconf 85' lang='lat' dir='ltr'><strong>Amen.</strong></span> 
     </span>
    </p>
   </div>
   <div class='ocr_carea' id='block_1_54' title="bbox 2256 5060 3805 5142">
    <p class='ocr_par' dir='ltr' id='par_1_54' title="bbox 2256 5066 3805 5142">
     <span class='ocr_line' id='line_1_54' title="bbox 2256 5066 3805 5142; baseline -0.006 -15"><span class='ocrx_word' id='word_1_695' title='bbox 2256 5072 2423 5138; x_wconf 90' lang='lat' dir='ltr'><strong>mine,</strong></span> <span class='ocrx_word' id='word_1_696' title='bbox 2452 5072 2674 5127; x_wconf 92' lang='lat' dir='ltr'><strong>odorem</strong></span> <span class='ocrx_word' id='word_1_697' title='bbox 2703 5070 2858 5126; x_wconf 89' lang='lat' dir='ltr'><strong>istius</strong></span> <span class='ocrx_word' id='word_1_698' title='bbox 2888 5072 3093 5127; x_wconf 91' lang='lat' dir='ltr'><strong>incensi</strong></span> <span class='ocrx_word' id='word_1_699' title='bbox 3121 5072 3353 5142; x_wconf 78' lang='lat' dir='ltr'><strong>suscipe,</strong></span> <span class='ocrx_word' id='word_1_700' title='bbox 3378 5080 3436 5127; x_wconf 90' lang='lat' dir='ltr'><strong>et</strong></span> <span class='ocrx_word' id='word_1_701' title='bbox 3460 5070 3605 5127; x_wconf 90' lang='lat' dir='ltr'><strong>sicut</strong></span> <span class='ocrx_word' id='word_1_702' title='bbox 3631 5066 3805 5125; x_wconf 80' lang='lat' dir='ltr'><strong>sacriﬁ-</strong></span> 
     </span>
    </p>
   </div>
   <div class='ocr_carea' id='block_1_55' title="bbox 629 5153 2178 5236">
    <p class='ocr_par' dir='ltr' id='par_1_55' title="bbox 629 5153 2146 5229">
     <span class='ocr_line' id='line_1_55' title="bbox 629 5153 2146 5229; baseline -0.002 -18"><span class='ocrx_word' id='word_1_703' title='bbox 629 5155 870 5229; x_wconf 85' lang='lat' dir='ltr'><strong><em>Populus</em></strong></span> <span class='ocrx_word' id='word_1_704' title='bbox 921 5171 938 5208; x_wconf 89' lang='lat'><em>:</em></span> <span class='ocrx_word' id='word_1_705' title='bbox 994 5155 1039 5213; x_wconf 84' lang='lat'>0</span> <span class='ocrx_word' id='word_1_706' title='bbox 1082 5158 1223 5212; x_wconf 90' lang='lat' dir='ltr'><strong>bone</strong></span> <span class='ocrx_word' id='word_1_707' title='bbox 1269 5157 1539 5220; x_wconf 89' lang='lat' dir='ltr'><strong>minister,</strong></span> <span class='ocrx_word' id='word_1_708' title='bbox 1588 5165 1775 5210; x_wconf 87' lang='lat' dir='ltr'><strong>sancte</strong></span> <span class='ocrx_word' id='word_1_709' title='bbox 1824 5153 2013 5220; x_wconf 90' lang='lat' dir='ltr'><strong>Paule,</strong></span> <span class='ocrx_word' id='word_1_710' title='bbox 2058 5170 2146 5210; x_wconf 90' lang='lat' dir='ltr'><strong>sa-</strong></span> 
     </span>
    </p>
   </div>
   <div class='ocr_carea' id='block_1_56' title="bbox 2259 5153 3808 5236">
    <p class='ocr_par' dir='ltr' id='par_1_56' title="bbox 2259 5160 3808 5236">
     <span class='ocr_line' id='line_1_56' title="bbox 2259 5160 3808 5236; baseline -0.008 -15"><span class='ocrx_word' id='word_1_711' title='bbox 2259 5167 2398 5222; x_wconf 89' lang='lat' dir='ltr'><strong>cium</strong></span> <span class='ocrx_word' id='word_1_712' title='bbox 2423 5164 2566 5220; x_wconf 89' lang='lat' dir='ltr'><strong>illius</strong></span> <span class='ocrx_word' id='word_1_713' title='bbox 2593 5164 2718 5234; x_wconf 84' lang='lat' dir='ltr'><strong>agni</strong></span> <span class='ocrx_word' id='word_1_714' title='bbox 2740 5164 3016 5236; x_wconf 90' lang='lat' dir='ltr'><strong>recepisti,</strong></span> <span class='ocrx_word' id='word_1_715' title='bbox 3044 5165 3140 5230; x_wconf 89' lang='lat' dir='ltr'><strong>ita,</strong></span> <span class='ocrx_word' id='word_1_716' title='bbox 3168 5164 3419 5231; x_wconf 81' lang='lat' dir='ltr'><strong>Domine,</strong></span> <span class='ocrx_word' id='word_1_717' title='bbox 3444 5165 3601 5220; x_wconf 90' lang='lat' dir='ltr'><strong>mitte</strong></span> <span class='ocrx_word' id='word_1_718' title='bbox 3625 5160 3808 5219; x_wconf 77' lang='lat' dir='ltr'><strong>divitias</strong></span> 
     </span>
    </p>
   </div>
   <div class='ocr_carea' id='block_1_57' title="bbox 556 5246 3808 5329">
    <p class='ocr_par' dir='ltr' id='par_1_57' title="bbox 556 5246 3808 5329">
     <span class='ocr_line' id='line_1_57' title="bbox 556 5246 3808 5329; baseline -0.001 -24"><span class='ocrx_word' id='word_1_719' title='bbox 556 5259 720 5307; x_wconf 89' lang='lat' dir='ltr'><strong>nator</strong></span> <span class='ocrx_word' id='word_1_720' title='bbox 765 5249 1128 5313; x_wconf 88' lang='lat' dir='ltr'><strong>inﬁrmorum,</strong></span> <span class='ocrx_word' id='word_1_721' title='bbox 1178 5248 1267 5319; x_wconf 89' lang='lat' dir='ltr'><strong>qui</strong></span> <span class='ocrx_word' id='word_1_722' title='bbox 1316 5264 1589 5309; x_wconf 45' lang='lat' dir='ltr'><strong>coronam,</strong></span> <span class='ocrx_word' id='word_1_723' title='bbox 1628 5246 1902 5318; x_wconf 88' lang='lat' dir='ltr'><strong>recepisti,</strong></span> <span class='ocrx_word' id='word_1_724' title='bbox 1950 5262 2047 5301; x_wconf 89' lang='lat' dir='ltr'><strong>ora</strong></span> <span class='ocrx_word' id='word_1_725' title='bbox 2094 5256 2148 5302; x_wconf 89' lang='lat' dir='ltr'><strong>et</strong></span> <span class='ocrx_word' id='word_1_726' title='bbox 2257 5256 2447 5329; x_wconf 66' lang='lat' dir='ltr'><strong>gratia;</strong></span> <span class='ocrx_word' id='word_1_727' title='bbox 2475 5264 2530 5310; x_wconf 80' lang='lat' dir='ltr'><strong>et</strong></span> <span class='ocrx_word' id='word_1_728' title='bbox 2560 5254 2946 5310; x_wconf 67' lang='lat' dir='ltr'><strong>misericordia:</strong></span> <span class='ocrx_word' id='word_1_729' title='bbox 2977 5265 3100 5310; x_wconf 63' lang='lat' dir='ltr'><strong>tua}.</strong></span> <span class='ocrx_word' id='word_1_730' title='bbox 3134 5253 3245 5310; x_wconf 86' lang='lat' dir='ltr'><strong>Fac</strong></span> <span class='ocrx_word' id='word_1_731' title='bbox 3277 5268 3378 5309; x_wconf 88' lang='lat' dir='ltr'><strong><em>nos</em></strong></span> <span class='ocrx_word' id='word_1_732' title='bbox 3406 5270 3571 5325; x_wconf 89' lang='lat' dir='ltr'><strong>puros</strong></span> <span class='ocrx_word' id='word_1_733' title='bbox 3596 5264 3648 5309; x_wconf 87' lang='lat' dir='ltr'><strong>et</strong></span> <span class='ocrx_word' id='word_1_734' title='bbox 3686 5264 3808 5307; x_wconf 87' lang='lat' dir='ltr'><strong>mun-</strong></span> 
     </span>
    </p>
   </div>
   <div class='ocr_carea' id='block_1_58' title="bbox 558 5341 3808 5419">
    <p class='ocr_par' dir='ltr' id='par_1_58' title="bbox 558 5341 3808 5419">
     <span class='ocr_line' id='line_1_58' title="bbox 558 5341 3808 5419; baseline -0.003 -20"><span class='ocrx_word' id='word_1_735' title='bbox 558 5343 837 5401; x_wconf 88' lang='lat' dir='ltr'><strong>intercede</strong></span> <span class='ocrx_word' id='word_1_736' title='bbox 875 5359 974 5415; x_wconf 91' lang='lat' dir='ltr'><strong>pro</strong></span> <span class='ocrx_word' id='word_1_737' title='bbox 1007 5344 1184 5407; x_wconf 92' lang='lat' dir='ltr'><strong>nobis,</strong></span> <span class='ocrx_word' id='word_1_738' title='bbox 1216 5351 1275 5397; x_wconf 92' lang='lat' dir='ltr'><strong>ut</strong></span> <span class='ocrx_word' id='word_1_739' title='bbox 1299 5341 1559 5397; x_wconf 87' lang='lat' dir='ltr'><strong>liberetur</strong></span> <span class='ocrx_word' id='word_1_740' title='bbox 1582 5341 1761 5395; x_wconf 90' lang='lat' dir='ltr'><strong>anima</strong></span> <span class='ocrx_word' id='word_1_741' title='bbox 1802 5347 1986 5396; x_wconf 86' lang='lat' dir='ltr'><strong>nostra</strong></span> <span class='ocrx_word' id='word_1_742' title='bbox 2019 5353 2147 5410; x_wconf 87' lang='lat' dir='ltr'><strong>pro-</strong></span> <span class='ocrx_word' id='word_1_743' title='bbox 2259 5351 2357 5405; x_wconf 78' lang='lat' dir='ltr'><strong>dos</strong></span> <span class='ocrx_word' id='word_1_744' title='bbox 2385 5349 2453 5403; x_wconf 73' lang='lat' dir='ltr'><strong>ab</strong></span> <span class='ocrx_word' id='word_1_745' title='bbox 2481 5347 2732 5403; x_wconf 76' lang='lat' dir='ltr'><strong>omnibus</strong></span> <span class='ocrx_word' id='word_1_746' title='bbox 2764 5347 2924 5402; x_wconf 68' lang='lat' dir='ltr'><strong>malis</strong></span> <span class='ocrx_word' id='word_1_747' title='bbox 2953 5348 3212 5404; x_wconf 69' lang='lat' dir='ltr'><strong>odoribus</strong></span> <span class='ocrx_word' id='word_1_748' title='bbox 3257 5358 3630 5419; x_wconf 58' lang='lat' dir='ltr'><strong>peccatorum,</strong></span> <span class='ocrx_word' id='word_1_749' title='bbox 3655 5356 3704 5401; x_wconf 72' lang='grc' dir='ltr'><strong>ει</strong></span> <span class='ocrx_word' id='word_1_750' title='bbox 3726 5352 3808 5398; x_wconf 71' lang='lat' dir='ltr'><strong>tu</strong></span> 
     </span>
    </p>
   </div>
   <div class='ocr_carea' id='block_1_59' title="bbox 558 5435 3802 5511">
    <p class='ocr_par' dir='ltr' id='par_1_59' title="bbox 558 5435 3802 5511">
     <span class='ocr_line' id='line_1_59' title="bbox 558 5435 3802 5511; baseline -0.001 -15"><span class='ocrx_word' id='word_1_751' title='bbox 558 5448 682 5511; x_wconf 87' lang='lat' dir='ltr'><strong>pter</strong></span> <span class='ocrx_word' id='word_1_752' title='bbox 728 5438 1127 5496; x_wconf 89' lang='lat' dir='ltr'><strong>multitudinem</strong></span> <span class='ocrx_word' id='word_1_753' title='bbox 1176 5438 1587 5495; x_wconf 89' lang='lat' dir='ltr'><strong>miserationum</strong></span> <span class='ocrx_word' id='word_1_754' title='bbox 1633 5435 1761 5494; x_wconf 76' lang='lat' dir='ltr'><strong>Jesu</strong></span> <span class='ocrx_word' id='word_1_755' title='bbox 1807 5436 2046 5506; x_wconf 90' lang='lat' dir='ltr'><strong>Christi,</strong></span> <span class='ocrx_word' id='word_1_756' title='bbox 2095 5446 2150 5494; x_wconf 88' lang='lat' dir='ltr'><strong>et</strong></span> <span class='ocrx_word' id='word_1_757' title='bbox 2262 5440 2478 5495; x_wconf 88' lang='lat' dir='ltr'><strong>virtutis</strong></span> <span class='ocrx_word' id='word_1_758' title='bbox 2515 5449 2572 5495; x_wconf 91' lang='lat' dir='ltr'><strong>et</strong></span> <span class='ocrx_word' id='word_1_759' title='bbox 2598 5439 2902 5511; x_wconf 74' lang='lat' dir='ltr'><strong>maiestatis</strong></span> <span class='ocrx_word' id='word_1_760' title='bbox 2925 5439 3117 5509; x_wconf 84' lang='lat' dir='ltr'><strong>dignos</strong></span> <span class='ocrx_word' id='word_1_761' title='bbox 3144 5439 3198 5494; x_wconf 91' lang='lat' dir='ltr'><strong>in</strong></span> <span class='ocrx_word' id='word_1_762' title='bbox 3226 5439 3386 5495; x_wconf 88' lang='lat' dir='ltr'><strong>laude</strong></span> <span class='ocrx_word' id='word_1_763' title='bbox 3411 5439 3680 5495; x_wconf 73' lang='lat' dir='ltr'><strong>munditia:</strong></span> <span class='ocrx_word' id='word_1_764' title='bbox 3707 5445 3802 5489; x_wconf 60' lang='lat' dir='ltr'><strong>tua.</strong></span> 
     </span>
    </p>
   </div>
   <div class='ocr_carea' id='block_1_60' title="bbox 561 5523 3800 5601">
    <p class='ocr_par' dir='ltr' id='par_1_60' title="bbox 561 5523 3800 5601">
     <span class='ocr_line' id='line_1_60' title="bbox 561 5523 3800 5601; baseline -0.002 -11"><span class='ocrx_word' id='word_1_765' title='bbox 561 5533 739 5590; x_wconf 79' lang='lat' dir='ltr'><strong>sancti</strong></span> <span class='ocrx_word' id='word_1_766' title='bbox 769 5533 1005 5588; x_wconf 88' lang='lat' dir='ltr'><strong>nominis</strong></span> <span class='ocrx_word' id='word_1_767' title='bbox 1032 5533 1136 5588; x_wconf 85' lang='lat' dir='ltr'><strong>sui.</strong></span> <span class='ocrx_word' id='word_1_768' title='bbox 2261 5533 2305 5589; x_wconf 90' lang='grc' dir='ltr'>Ο</span> <span class='ocrx_word' id='word_1_769' title='bbox 2342 5544 2554 5589; x_wconf 88' lang='lat' dir='ltr'><strong>amator</strong></span> <span class='ocrx_word' id='word_1_770' title='bbox 2592 5534 2907 5598; x_wconf 89' lang='lat' dir='ltr'><strong>hominum,</strong></span> <span class='ocrx_word' id='word_1_771' title='bbox 2951 5532 3039 5587; x_wconf 85' lang='lat' dir='ltr'><strong>fac</strong></span> <span class='ocrx_word' id='word_1_772' title='bbox 3086 5548 3184 5588; x_wconf 90' lang='lat' dir='ltr'><strong>nos</strong></span> <span class='ocrx_word' id='word_1_773' title='bbox 3224 5531 3411 5601; x_wconf 88' lang='lat' dir='ltr'><strong>justos</strong></span> <span class='ocrx_word' id='word_1_774' title='bbox 3458 5532 3577 5588; x_wconf 85' lang='lat' dir='ltr'><strong>sine</strong></span> <span class='ocrx_word' id='word_1_775' title='bbox 3613 5523 3800 5585; x_wconf 65' lang='lat' dir='ltr'><strong>macula.</strong></span> 
     </span>
    </p>
   </div>
   <div class='ocr_carea' id='block_1_61' title="bbox 637 5622 3504 5696">
    <p class='ocr_par' dir='ltr' id='par_1_61' title="bbox 637 5622 3504 5696">
     <span class='ocr_line' id='line_1_61' title="bbox 637 5622 3504 5696; baseline 0 -17"><span class='ocrx_word' id='word_1_776' title='bbox 637 5626 774 5679; x_wconf 85' lang='lat' dir='ltr'><strong>Dicit</strong></span> <span class='ocrx_word' id='word_1_777' title='bbox 800 5625 1053 5680; x_wconf 74' lang='lat' dir='ltr'><strong><em>diaconus</em></strong></span> <span class='ocrx_word' id='word_1_778' title='bbox 1083 5641 1101 5679; x_wconf 92' lang='lat'><em>:</em></span> <span class='ocrx_word' id='word_1_779' title='bbox 1136 5622 1350 5696; x_wconf 84' lang='lat' dir='ltr'><strong>Surgite</strong></span> <span class='ocrx_word' id='word_1_780' title='bbox 1379 5623 1446 5678; x_wconf 89' lang='lat' dir='ltr'><strong>ad</strong></span> <span class='ocrx_word' id='word_1_781' title='bbox 1479 5623 1803 5680; x_wconf 88' lang='lat' dir='ltr'><strong>orationem.</strong></span> <span class='ocrx_word' id='word_1_782' title='bbox 2264 5644 2386 5684; x_wconf 87' lang='lat' dir='ltr'><strong>cum</strong></span> <span class='ocrx_word' id='word_1_783' title='bbox 2417 5627 2604 5683; x_wconf 60' lang='lat' dir='ltr'><strong>laetitia</strong></span> <span class='ocrx_word' id='word_1_784' title='bbox 2632 5627 2883 5682; x_wconf 88' lang='lat' dir='ltr'><strong>omnibus</strong></span> <span class='ocrx_word' id='word_1_785' title='bbox 2914 5625 3103 5683; x_wconf 89' lang='lat' dir='ltr'><strong>diebus</strong></span> <span class='ocrx_word' id='word_1_786' title='bbox 3129 5627 3252 5683; x_wconf 62' lang='lat' dir='ltr'><strong>vitae</strong></span> <span class='ocrx_word' id='word_1_787' title='bbox 3281 5636 3504 5683; x_wconf 68' lang='lat' dir='ltr'><strong>nostrae.</strong></span> 
     </span>
    </p>
   </div>
   <div class='ocr_carea' id='block_1_62' title="bbox 639 5701 3799 5792">
    <p class='ocr_par' dir='ltr' id='par_1_62' title="bbox 639 5701 3799 5792">
     <span class='ocr_line' id='line_1_62' title="bbox 639 5701 3799 5792; baseline 0 -22"><span class='ocrx_word' id='word_1_788' title='bbox 639 5716 875 5786; x_wconf 83' lang='lat' dir='ltr'><strong><em>Populus</em></strong></span> <span class='ocrx_word' id='word_1_789' title='bbox 898 5733 917 5770; x_wconf 91' lang='lat'><strong><em>:</em></strong></span> <span class='ocrx_word' id='word_1_790' title='bbox 939 5716 1185 5783; x_wconf 89' lang='lat' dir='ltr'><strong>Domine,</strong></span> <span class='ocrx_word' id='word_1_791' title='bbox 1216 5715 1473 5773; x_wconf 86' lang='lat' dir='ltr'><strong>miserere</strong></span> <span class='ocrx_word' id='word_1_792' title='bbox 1501 5716 1691 5772; x_wconf 90' lang='lat' dir='ltr'><strong>nostri.</strong></span> <span class='ocrx_word' id='word_1_793' title='bbox 1872 5701 1881 5709; x_wconf 57' lang='grc'><strong><em>’</em></strong></span> <span class='ocrx_word' id='word_1_794' title='bbox 2071 5767 2087 5779; x_wconf 80' lang='lat'><strong>._</strong></span> <span class='ocrx_word' id='word_1_795' title='bbox 2336 5718 2584 5792; x_wconf 85' lang='lat' dir='ltr'><strong><em>Sequitur</em></strong></span> <span class='ocrx_word' id='word_1_796' title='bbox 2608 5736 2626 5774; x_wconf 90' lang='lat'><strong><em>:</em></strong></span> <span class='ocrx_word' id='word_1_797' title='bbox 2657 5719 2947 5786; x_wconf 73' lang='lat' dir='ltr'><strong>Memento,</strong></span> <span class='ocrx_word' id='word_1_798' title='bbox 2982 5719 3227 5786; x_wconf 89' lang='lat' dir='ltr'><strong>Domine,</strong></span> <span class='ocrx_word' id='word_1_799' title='bbox 3257 5720 3435 5775; x_wconf 74' lang='lat' dir='ltr'><strong>unicze</strong></span> <span class='ocrx_word' id='word_1_800' title='bbox 3462 5717 3701 5774; x_wconf 60' lang='lat' dir='ltr'><strong>Ecclesiae</strong></span> <span class='ocrx_word' id='word_1_801' title='bbox 3722 5721 3799 5765; x_wconf 64' lang='lat' dir='ltr'><strong>tur</strong></span> 
     </span>
    </p>
   </div>
   <div class='ocr_carea' id='block_1_63' title="bbox 644 5801 3798 5883">
    <p class='ocr_par' dir='ltr' id='par_1_63' title="bbox 644 5801 3798 5883">
     <span class='ocr_line' id='line_1_63' title="bbox 644 5801 3798 5883; baseline 0 -18"><span class='ocrx_word' id='word_1_802' title='bbox 644 5807 898 5865; x_wconf 84' lang='lat' dir='ltr'><strong><em>Sacerdos</em></strong></span> <span class='ocrx_word' id='word_1_803' title='bbox 924 5823 942 5860; x_wconf 88' lang='lat'><em>:</em></span> <span class='ocrx_word' id='word_1_804' title='bbox 972 5808 1078 5864; x_wconf 85' lang='lat' dir='ltr'><strong>Pax</strong></span> <span class='ocrx_word' id='word_1_805' title='bbox 1113 5809 1285 5865; x_wconf 83' lang='lat' dir='ltr'><strong>vobis.</strong></span> <span class='ocrx_word' id='word_1_806' title='bbox 2264 5818 2489 5879; x_wconf 68' lang='lat' dir='ltr'><strong>sanctae,</strong></span> <span class='ocrx_word' id='word_1_807' title='bbox 2535 5826 2655 5883; x_wconf 65' lang='lat' dir='ltr'><strong>qum</strong></span> <span class='ocrx_word' id='word_1_808' title='bbox 2696 5810 2761 5866; x_wconf 91' lang='lat' dir='ltr'><strong>de</strong></span> <span class='ocrx_word' id='word_1_809' title='bbox 2790 5809 2898 5867; x_wconf 88' lang='lat' dir='ltr'><strong>ﬁne</strong></span> <span class='ocrx_word' id='word_1_810' title='bbox 2931 5827 3099 5882; x_wconf 89' lang='lat' dir='ltr'><strong>usque</strong></span> <span class='ocrx_word' id='word_1_811' title='bbox 3135 5813 3203 5868; x_wconf 90' lang='lat' dir='ltr'><strong>ad</strong></span> <span class='ocrx_word' id='word_1_812' title='bbox 3249 5811 3410 5867; x_wconf 85' lang='lat' dir='ltr'><strong>ﬁnem</strong></span> <span class='ocrx_word' id='word_1_813' title='bbox 3433 5853 3448 5880; x_wconf 88' lang='lat'><strong>,</strong></span> <span class='ocrx_word' id='word_1_814' title='bbox 3495 5812 3548 5866; x_wconf 90' lang='lat' dir='ltr'><strong>in</strong></span> <span class='ocrx_word' id='word_1_815' title='bbox 3578 5817 3679 5866; x_wconf 85' lang='lat' dir='ltr'><strong>toto</strong></span> <span class='ocrx_word' id='word_1_816' title='bbox 3698 5801 3798 5859; x_wconf 63' lang='grc' dir='ltr'><strong>οιικ</strong></span> 
     </span>
    </p>
   </div>
  </div>
