3924 6318
87 315 188 370 9ιῖ

1411 311 1619 393 mssa
1654 306 2060 398 .‘ETHIOPUM.

3243 314 3350 373 9l8

87 442 384 503 terrarum,
407 431 462 486 iu
488 429 746 509 appstolis
778 431 883 491 tuis
910 439 1237 505 congregata
1281 432 1400 499 fuit.
1438 431 1668 500 Lcetare,
1696 411 1753 473 Α
1845 428 2116 484 Diaconus
2181 428 2367 485 circuit
2428 429 2699 486 ecclesiam
2746 429 3024 485 clamando
3048 448 3068 484 :
3105 429 3355 502 Surgite;

86 521 350 593 Domina,
412 523 541 594 quia
594 523 824 579 salutem
890 532 1135 579 sanctam
1189 524 1562 594 deprecamur.
1626 523 1672 599 Ο

89 613 272 689 Virgo,
306 614 479 671 Mater
505 615 599 671 Dei
646 625 700 671 et
731 615 955 687 Christi,
993 615 1046 671 in
1074 615 1220 671 omni
1259 625 1499 686 tempore
1542 614 1675 672 ell'er

86 721 306 769 sursum
333 714 392 762 et
416 706 472 761 in
499 706 666 762 altum
689 707 994 762 orationem
1016 714 1258 761 nostram
1298 706 1438 777 apud
1469 705 1674 762 electos

85 797 207 853 Filii
241 798 343 865 tui,
371 807 430 854 ut
452 798 801 855 remittantur
824 808 1046 869 peccata
1075 807 1278 857 nostra.
1307 799 1540 865 Laztare,
1571 800 1676 854 Do-

85 890 263 957 mina,
316 889 441 960 quia
493 890 753 962 peperisti
802 890 957 946 nobis
1000 890 1184 946 lumen
1230 906 1441 958 verum,
1491 890 1672 947 Jesum

85 979 391 1044 Christum,
421 978 705 1034 Dominum
740 980 1006 1043 nostrum.
1066 980 1175 1049 ora
1208 996 1309 1052 pro
1350 981 1506 1039 nobis
1535 980 1674 1054 apud

86 1088 239 1139 eum,
270 1085 331 1127 ut
356 1073 679 1129 misereatur
704 1075 900 1130 anima:
926 1085 1161 1143 nostrae;
1190 1090 1285 1129 ora
1315 1090 1413 1145 pro
1444 1072 1601 1130 nohis
1622 1074 1674 1129 in

85 1174 386 1233 conspectu
420 1164 596 1231 throni
626 1163 744 1231 Filii
778 1164 877 1230 tui,
906 1164 1031 1220 Jesu
1057 1164 1278 1238 Christi.
1312 1166 1544 1232 Lmtare,
1577 1165 1682 1229 lm-

86 1252 387 1329 maculata,
416 1268 543 1326 vere
590 1253 817 1326 Regina.
862 1254 1093 1321 Laetare,
1138 1254 1320 1310 Gloria
1368 1265 1679 1310 nostrorum

86 1354 404 1422 parentum,
420 1345 545 1415 quia
575 1346 829 1415 peperisti
858 1347 1016 1402 nobis
1034 1346 1461 1401 Emmanuelem.
1486 1346 1531 1403 Ο
1553 1362 1681 1402 vere

85 1434 383 1495 mediatrix
415 1444 542 1491 ante
568 1434 857 1517 Dominum
887 1445 1130 1511 nostrum
1161 1435 1344 1509 Jesum
1378 1435 1681 1502 Christum,

91 1534 147 1580 te
179 1527 451 1598 supplices
475 1543 763 1583 exoramus
794 1536 853 1583 ut
885 1544 1094 1602 memor
1121 1529 1200 1585 sis
1227 1530 1421 1587 nostri.
1451 1528 1557 1586 Ora
1586 1543 1684 1608 pro

87 1616 250 1674 nobis
288 1626 345 1672 ut
368 1618 649 1674 deleantur
679 1621 993 1692 iniquitates
1018 1630 1235 1677 nostrae.

163 1710 461 1782 Coadjutor
490 1714 735 1785 sacerdos
755 1754 772 1780 ,
819 1725 1097 1788 antequam
1127 1714 1368 1786 legantur
1396 1714 1526 1770 Acta
1555 1730 1683 1785 apo-

86 1805 350 1861 stolorum
375 1822 393 1861 :
425 1804 539 1879 Hoc
565 1816 650 1862 est
675 1822 812 1878 opus
834 1820 890 1863 et
916 1808 1057 1864 dicta
1093 1816 1404 1864 nostrorum
1433 1807 1676 1872 Patrum,

90 1896 463 1973 apostolorum
508 1908 822 1967 sanctorum
871 1908 926 1953 et
973 1900 1464 1956 immuculatorum.
1498 1899 1684 1963 Gratia

90 1984 337 2059 Spiritus
384 1987 591 2053 sancti,
643 1995 698 2043 et
744 1989 1119 2059 misericordia
1163 1989 1471 2065 duplicetur
1524 2004 1687 2060 super

90 2064 221 2143 nos,
249 2087 304 2159 et
326 2094 518 2135 omnes
546 2079 901 2157 Christianos.
931 2082 1122 2152 Amen.

173 2172 367 2245 Postea
412 2172 600 2248 legitur
655 2190 727 2246 ea:
772 2174 914 2229 Actis
955 2174 1346 2245 apostolorum,
1399 2175 1684 2241 secundum

91 2264 239 2333 diem
269 2276 643 2320 occurrentem.
684 2264 866 2320 Finita
897 2265 1135 2331 lectione,
1167 2268 1401 2339 sequitur
1426 2283 1446 2323 :

172 2354 351 2411 Verba
394 2355 607 2411 Domini
654 2371 884 2427 magna,
937 2358 1289 2429 multiplicata
1340 2361 1394 2415 in
1444 2359 1686 2417 Ecclesia

93 2454 312 2511 sancta,
336 2446 561 2516 populos
594 2447 878 2502 credentes
908 2448 961 2502 in
995 2448 1279 2517 Dominum
1311 2447 1495 2506 Jesum
1525 2450 1687 2507 Chri-

94 2546 249 2592 stum
298 2536 820 2609 multiplicaveruut,
854 2540 937 2593 cui
970 2538 1140 2610 gloria
1186 2541 1238 2595 in
1286 2540 1482 2596 saecula
1517 2557 1688 2597 sacu-

94 2627 303 2681 lorum.
626 2612 629 2613 ν

172 2716 417 2791 Populus
447 2719 714 2797 respondet
742 2733 759 2770 :
786 2719 978 2788 Amen.

176 2806 373 2863 Postea
401 2812 635 2890 sequitur
662 2826 682 2866 :
709 2809 973 2875 Sanetus,
1016 2820 1269 2881 sanctus,
1302 2822 1543 2883 sanctus,
1584 2814 1688 2875 Do-

98 2899 475 2981 minuslPater
498 2902 860 2971 omnipotens,
892 2901 1147 2971 Sanctus,
1172 2918 1415 2973 sanctus,
1444 2915 1687 2975 sanctus,

98 2980 299 3075 unicus
342 2980 495 3053 Jesus
528 2980 774 3051 Christus
804 2994 1004 3062 Filius,
1037 2994 1270 3054 Verbum
1300 2998 1495 3055 Patris.
1547 2997 1690 3054 San-

100 3095 260 3154 ctus,
307 3096 561 3153 sanctus,
619 3097 869 3153 sanctus,
923 3087 1155 3159 Spiritus
1202 3098 1456 3159 sanctus,
1512 3091 1692 3159 sciens

98 3177 308 3232 omnia.
1564 3166 1567 3169 Α

171 3268 320 3325 Dicit
344 3271 597 3326 diaconus
626 3286 643 3324 :
673 3271 887 3343 Surgite
917 3274 970 3328 in
1007 3274 1329 3335 orationem.

172 3359 417 3430 Populus
445 3380 464 3418 :
495 3350 740 3430 Domine,
773 3366 1031 3421 miserere
1062 3364 1234 3440 nobis.

174 3460 440 3533 Sacerdos
468 3479 487 3517 :
518 3462 627 3517 Pax
656 3464 827 3519 vobis.

173 3552 419 3625 Populus
442 3571 460 3608 :
488 3554 554 3610 Et
579 3570 702 3610 cum
733 3556 924 3626 spiritu
950 3565 1064 3622 tuo.

176 3643 487 3701 Sacerdos:
518 3630 767 3707 Domine,
817 3648 961 3715 Deus
1010 3655 1219 3714 noster,
1267 3647 1394 3703 Jesu
1440 3648 1690 3714 Christe,

95 3736 219 3807 qui.
244 3735 443 3805 dixisti
467 3736 745 3808 discipulis
776 3738 883 3807 tuis
921 3738 1127 3804 sanctis
1173 3746 1223 3793 et
1266 3738 1455 3795 electis
1496 3756 1509 3794 :
1539 3738 1691 3793 Multi

95 3827 388 3899 prepheta:
435 3836 490 3884 et
530 3826 662 3897 justi
710 3829 1155 3885 desideraverunt
1201 3830 1383 3885 videre
1433 3845 1554 3901 qua).
1597 3846 1693 3897 vos

96 3916 329 3980 videtis,
361 3924 423 3972 et
444 3918 780 3987 audirequae
807 3919 1025 3984 auditis,
1066 3928 1122 3975 et
1163 3934 1272 3975 non
1318 3920 1571 3976 viderunt
1600 3936 1694 3975 ne-

96 4021 216 4077 que
234 4007 546 4074 audierunt,
576 4008 671 4075 sed
693 4008 832 4063 beati
856 4008 1000 4077 oculi
1027 4009 1194 4066 vestri
1220 4018 1275 4065 et
1295 4026 1456 4066 aures
1480 4020 1690 4077 vestrae,

97 4099 356 4154 videntes
383 4107 437 4155 et
470 4100 784 4171 audientes;
818 4104 899 4157 sic
926 4117 1026 4157 nos
1051 4100 1139 4158 l‘ac
1185 4102 1376 4174 dignos
1400 4100 1598 4158 audire
1638 4112 1695 4163 et

94 4190 292 4269 facere
322 4192 483 4247 verba
519 4192 796 4265 Evangelii
848 4193 924 4247 tui
961 4194 1170 4262 sancti,
1208 4208 1306 4266 per
1334 4195 1611 4252 orationes
1641 4203 1696 4259 et

96 4299 304 4353 preces
332 4294 647 4341 sanctorum
675 4296 913 4351 tuorum.
1292 4300 1295 4303 ‘

176 4372 451 4429 Diaconus
482 4376 610 4430 dicit
639 4395 659 4434 :
690 4374 876 4432 Orate.

1718 3142 1766 3209 C

1775 522 1959 577 audite
1988 522 2338 594 Evangelium
2378 529 2627 591 sanctum
2656 530 2711 577 et
2751 522 2946 577 bonam
2994 521 3364 580 annuntiatio—

1774 628 1900 672 nem
1930 613 2143 668 Domini
2167 612 2362 679 nostri,
2386 621 2441 667 et
2464 611 2762 668 Salvatoris
2779 611 2953 678 nostri
2982 610 3109 669 Jesu
3133 613 3358 671 Christi.

1852 702 2082 770 Postea,
2128 702 2410 773 coadjutor
2455 703 2640 772 accipit
2687 701 3010 758 tlmribulum
3053 712 3105 758 et
3139 704 3362 775 porrigit

1774 794 2058 871 sacerdoti,
2096 793 2187 870 qui
2234 802 2311 847 ter
2355 792 2625 861 incensat,
2668 792 2970 864 accipiendo
3015 793 3364 866 Erangelium

1776 904 1902 959 erga
1926 885 2199 959 populum,
2224 896 2273 940 et
2294 885 2421 941 dicit
2444 902 2473 941 :.

1848 980 2075 1051 Magnus
2123 979 2288 1045 Deus,
2320 979 2610 1050 henedic-l-
2648 993 2770 1053 nos,
2807 989 2864 1036 et
2901 978 3158 1050 populum
3201 978 3360 1035 Chri-

1779 1074 2037 1141 stianum,
2076 1080 2133 1129 et
2181 1074 2266 1128 fac
2298 1072 2579 1127 introitum
2623 1081 2869 1127 nostrum
2918 1071 2972 1127 in
3004 1070 3234 1128 ecclesia
3274 1078 3365 1126 tua

1779 1175 1991 1234 sancta,
2022 1182 2127 1221 una
2150 1180 2272 1222 cum
2297 1163 2505 1235 angelis
2525 1165 2729 1220 sanctis
2756 1164 2848 1234 qui
2877 1164 3122 1220 serviunt
3148 1163 3280 1229 Deo,
3311 1169 3369 1216 et

1779 1256 2003 1331 laudant
2047 1271 2170 1311 eum
2212 1256 2360 1311 omni
2388 1263 2654 1325 tempore,
2684 1255 2738 1309 in
2781 1254 2976 1312 saecula
3023 1253 3364 1311 saeculorum.

1780 1349 1976 1421 Amen.

1853 1435 2119 1495 Sacerdos,
2139 1438 2419 1495 annuntiat
2450 1435 2814 1508 Evangelium,
2846 1437 2921 1491 sic
2947 1436 3211 1491 cantando
3240 1451 3261 1491 :

1856 1526 2119 1594 Sanctum
2173 1528 2557 1600 Evangelium,
2622 1529 2765 1599 quod
2830 1527 3171 1583 annuntiavit
3234 1522 3372 1582 Mat.

1787 1619 1979 1685 tbaeus,
2010 1618 2094 1674 vel
2125 1618 2357 1685 Marcus,
2388 1620 2471 1675 vel
2507 1620 2702 1682 Lucas,
2731 1618 2812 1674 vel
2836 1617 3092 1675 Joannes.

1862 1711 2095 1767 Ministri
2129 1714 2419 1767 accendunt
2465 1712 2690 1779 lumina,
2721 1721 2767 1767 et
2801 1720 3103 1782 prteparant
3145 1712 3254 1766 alia
3285 1728 3374 1769 ne-

1787 1807 2036 1870 cessaria,
2063 1818 2110 1861 et
2142 1809 2321 1863 dicunt
2344 1824 2363 1862 :

1860 1897 2043 1969 Gloria
2072 1897 2310 1964 Christo,
2350 1906 2405 1952 et
2436 1896 2664 1953 Domino
2692 1907 2901 1964 nostro,
2934 1906 2988 1953 et
3026 1896 3138 1952 Deo
3186 1903 3375 1953 nostro

1788 2005 2038 2063 semper;
2090 1989 2361 2046 exsultate
2397 1990 2455 2046 in
2497 1991 2756 2058 Domino,
2797 1992 2887 2061 qui
2934 1990 3229 2046 auxiliatur
3279 2001 3376 2043 no-

1786 2084 1906 2153 bis,
1944 2092 1999 2141 et
2050 2083 2266 2154 psallite
2305 2083 2427 2151 Deo,
2453 2081 2659 2151 Jacob,
2701 2084 2932 2155 accipite
2964 2081 3281 2155 psalterium
3318 2080 3373 2135 in

1788 2179 2035 2250 cythara,
2065 2187 2164 2233 etc.

1862 2268 2124 2324 Sacerdos
2162 2268 2273 2324 alta
2316 2287 2439 2325 uoce
2480 2268 2602 2341 legit
2632 2267 2979 2339 Evangelium
3015 2266 3141 2322 diei.
3183 2264 3380 2320 Diaco-

1790 2379 1906 2426 nus,
1935 2363 2086 2432 ﬁnito
2111 2362 2421 2435 Evangelia,
2451 2364 2618 2423 dicit:

1860 2455 2018 2511 Exite
2067 2455 2248 2522 foras,
2284 2456 2378 2527 qui
2425 2471 2533 2512 non
2572 2455 2734 2513 vultis
2773 2455 3023 2526 accipere
3065 2466 3378 2510 sacramen-

1792 2554 1927 2617 tum,
1962 2544 2076 2601 sive
2112 2545 2531 2607 Eucharistiam.
2583 2544 2659 2601 Ite
2695 2544 3087 2603 catechumeni.

1862 2636 2097 2699 )Iinistri
2134 2637 2317 2692 dicunt
2360 2654 2378 2690 :
2422 2637 2487 2691 Et
2533 2635 2647 2703 illi,
2692 2635 2964 2691 Cherubin
3005 2644 3061 2691 et
3111 2633 3380 2705 Seraphin

1791 2728 2025 2784 reddant
2058 2728 2287 2800 gloriam
2326 2746 2342 2784 :
2387 2730 2656 2795 Sanctus,
2696 2736 2954 2795 sanctus,
3009 2736 3267 2794 sanctus,
3325 2736 3380 2788 et

1792 2830 2015 2876 sanctus
2047 2819 2425 2892 Omnipotens.
2469 2820 2618 2877 Pleni
2656 2828 2783 2877 sunt
2819 2820 2947 2876 coeli
2985 2829 3041 2876 et
3084 2829 3228 2881 terra
3262 2820 3380 2892 διας

1793 2912 1888 2968 ria:
1928 2920 1987 2969 et
2024 2913 2329 2969 sanctitatis
2361 2921 2489 2969 tuas.
2529 2913 2832 2970 Adoramus
2860 2921 2941 2977 te,
2981 2910 3219 2976 Christe,
3253 2926 3377 2966 eum

1792 3003 1957 3061 Patre
1989 3014 2083 3060 tuo
2106 3004 2335 3075 optimo,
2361 3014 2417 3060 et
2452 3003 2827 3070 misericorde,
2859 3013 2915 3070 et
2945 3002 3154 3077 Spiritu
3185 3010 3378 3068 sancto

1794 3096 1977 3163 vitali;
2022 3106 2079 3151 tu
2114 3096 2312 3152 venisti
2338 3104 2393 3153 et
2415 3095 2653 3157 liberasti
2680 3109 2799 3158 nos.

1866 3187 2134 3246 Diaconus
2162 3189 2330 3245 dicit:
2352 3187 2573 3262 Surgite
2600 3188 2654 3244 in
2688 3188 2990 3245 orationem

1866 3281 2104 3355 Populus
2130 3299 2150 3339 :
2178 3283 2426 3348 Domine,
2467 3281 2724 3342 miserere
2744 3281 2935 3342 nostri.

1867 3376 2128 3433 Sacerdos
2153 3392 2173 3431 :.
2197 3376 2314 3432 Pax
2340 3375 2516 3431 vobis.

1867 3471 2106 3543 Populus
2134 3488 2153 3528 :
2177 3473 2244 3527 Et
2281 3488 2404 3528 cum
2437 3472 2628 3541 spiritu
2658 3480 2774 3526 tuo.

1862 3548 2134 3617 Diaconus
2158 3563 2284 3617 dicit
2314 3576 2333 3615 :
2362 3559 2582 3633 Surgite
2604 3561 2672 3617 ad
2709 3561 3033 3617 orationem.

1864 3650 2128 3707 Sacerdos
2174 3654 2301 3706 dicit
2347 3667 2366 3705 :
2415 3653 2526 3709 Pax
2568 3653 2822 3709 omnibus
2864 3652 3040 3709 vobis.
3077 3651 3146 3707 Et
3181 3651 3381 3708 iterum

1794 3755 2049 3815 rogemus
2102 3745 2527 3815 omnipotentem
2576 3745 2745 3800 Deum
2800 3743 3015 3801 Patrem
3060 3744 3274 3800 Domini
3328 3754 3385 3800 et

1793 3833 1893 3888 Dei
1934 3847 2000 3889 ac
2028 3832 2328 3891 Salvatoris
2363 3834 2536 3892 nostri
2585 3831 2710 3890 Iesu
2742 3832 2968 3890 Christi.
3029 3832 3303 3906 Rogamus
3331 3842 3388 3888 et

1793 3929 2031 4000 petimus
2061 3943 2092 3983 a
2129 3928 2372 3985 bonitate
2399 3936 2513 3994 tua,
2540 3942 2574 3983 o
2600 3936 2813 3983 amator
2841 3926 3123 3983 hominum
3144 3940 3383 3992 ;.recor-

1794 4022 1943 4088 dare,
1983 4022 2232 4088 Domine,
2263 4021 2415 4093 pacis
2445 4020 2702 4078 Ecclesia:
2747 4028 2952 4076 saneta
2996 4019 3052 4075 in
3079 4034 3246 4073 unum
3284 4032 3385 4089 per

1794 4112 2073 4185 apostolos
2102 4120 2467 4185 congregatas.

1864 4202 2135 4258 Diacanus
2165 4202 2293 4256 dicit
2320 4216 2338 4254 :
2363 4201 2529 4258 Orate
2562 4217 2662 4273 pro
2690 4201 2792 4257 hac
2817 4199 3061 4259 Ecclesia
3088 4206 3298 4265 saneta,
3327 4200 3383 4254 in

1794 4309 1963 4348 unum
1989 4309 2087 4366 per
2116 4292 2392 4364 apostolos
2419 4302 2769 4366 congregata,
2793 4299 2943 4348 recta
2975 4292 3029 4346 in
3058 4290 3309 4347 Domino.

1868 4384 2102 4456 Papulas
2137 4386 2263 4440 dicit
2304 4399 2324 4438 :
2353 4386 2616 4450 Domine,
2664 4385 2808 4442 Deus
2857 4394 3076 4451 n05ter,
3125 4383 3193 4439 da
3230 4383 3387 4439 nobis

178 4464 437 4535 Sequitur
473 4468 718 4522 sacerdos
768 4482 786 4521 :
840 4467 1110 4525 Memento
1154 4472 1384 4535 iterum,
1432 4469 1690 4536 Domine,
1726 4491 2016 4561 Dpacem;
2066 4475 2333 4542 Domine,
2379 4476 2521 4531 Deus
2567 4483 2784 4540 noster,
2839 4474 2905 4530 da
2956 4472 3113 4530 nobis
3163 4486 3383 4544 pacem;

96 4559 398 4614 verborum
432 4569 669 4627 tuorum,
698 4576 798 4631 pro
834 4562 941 4619 illis
967 4562 1059 4632 qui
1107 4577 1166 4618 se
1208 4563 1545 4623 orationibus
1592 4578 1691 4619 no-
1746 4598 1753 4603 -
1798 4567 2034 4642 Christe,
2069 4583 2166 4623 rex
2195 4575 2403 4635 noster,
2435 4567 2696 4624 miserere
2721 4567 2897 4624 nobis.

98 4652 240 4708 stris
288 4655 834 4721 eommendaverunt,
866 4656 1084 4725 quando
1128 4670 1349 4715 oramus
1379 4655 1445 4712 ad
1485 4663 1555 4722 te,
1587 4654 1695 4711 Do-

98 4747 258 4802 mine
272 4746 415 4801 Deus
438 4755 641 4812 noster,
666 4756 938 4804 memento
964 4747 1368 4813 dormientium,
1390 4756 1446 4805 et
1472 4748 1525 4803 iu
1550 4760 1697 4804 recta

99 4838 218 4893 ﬁde
264 4839 693 4908 quiescentium;
721 4847 776 4895 et
819 4840 1056 4896 concede
1103 4839 1334 4896 inﬁrmis
1379 4841 1694 4908 sanitatem,

99 4931 238 5002 quia
277 4938 331 4985 tu
362 4946 421 4986 es
465 4931 593 4995 vita,
625 4946 767 5002 spes,
801 4932 1081 4997 liberator,
1123 4941 1179 4988 et
1221 4933 1548 4988 resurrectio
1575 4949 1697 4988 om-

100 5021 300 5086 nium;
333 5021 425 5074 tihi
457 5022 663 5091 gratias
687 5021 973 5078 referimus
1000 5023 1054 5076 in
1089 5032 1375 5089 :rternum,
1411 5032 1468 5079 et
1513 5024 1567 5078 in
1597 5038 1699 5078 Ste-

99 5111 234 5166 cula
266 5110 604 5167 saeculorum.
633 5114 825 5170 Amen.

184 5203 453 5259 Diaconas
490 5207 747 5275 accipiens
776 5223 1000 5270 crucem,
1023 5208 1147 5261 dicit
1177 5225 1194 5262 :

182 5295 352 5352 Orate
377 5305 434 5351 ut
455 5297 599 5368 digni
629 5296 933 5352 elIiciamiui
962 5298 1150 5355 audire
1173 5297 1543 5369 Evangeliutn.

186 5390 384 5447 Postea
413 5402 636 5450 cantat:
678 5392 1001 5449 Benedicam
1034 5394 1260 5449 Domino
1299 5394 1350 5446 iu
1377 5392 1520 5447 omni
1560 5400 1696 5445 tem-

112 5498 279 5553 pore,
307 5498 521 5555 semper
554 5483 673 5539 laus
699 5483 816 5553 ejus
842 5484 896 5539 in
920 5499 1017 5540 ore
1043 5499 1186 5539 meo.
1218 5482 1276 5538 lu
1322 5484 1548 5539 Domino
1579 5483 1696 5538 lau-

115 5576 338 5632 dabitur
361 5577 538 5631 anima
574 5591 714 5642 mea,
746 5590 844 5632 etc.

187 5662 448 5720 Sacerdos
497 5666 634 5720 idem
660 5667 821 5731 dicit;
863 5663 1101 5736 Populus
1149 5676 1229 5722 ter
1265 5665 1403 5723 idem
1445 5666 1616 5722 dicit:
1648 5674 1696 5721 et

112 5759 173 5812 in
203 5752 389 5814 ultimo
411 5773 559 5814 versu
584 5774 782 5829 semper
813 5758 1027 5830 dicitur,
1054 5758 1301 5816 Alleluia.

1873 4660 2130 4717 Sacerdos
2162 4661 2290 4715 dicit
2319 4673 2341 4714 :

1874 4754 2007 4808 Eam
2032 4767 2153 4823 quae
2191 4751 2294 4808 fuit
2322 4767 2354 4808 a
2387 4752 2675 4825 principio,
2706 4760 2765 4809 et
2790 4752 2899 4809 erit
2926 4767 3099 4826 usque
3139 4753 3194 4809 in
3222 4753 3384 4809 ﬁnem

1802 4845 2005 4912 saeculi,
2031 4860 2221 4901 omnes
2266 4844 2531 4916 populos,
2578 4854 2634 4901 et
2674 4860 2864 4902 omnes
2908 4859 3099 4918 greges
3135 4846 3383 4902 benedic.

1805 4934 2002 4991 Pacem
2033 4936 2100 4990 de
2122 4934 2263 4990 coelo
2291 4935 2445 4992 mitte
2479 4951 2651 5007 super.
2669 4942 2859 4992 omnes
2886 4935 3099 4992 animas
3126 4945 3380 5001 nostras;

1807 5042 1995 5099 pacem
2021 5028 2143 5082 vitae
2171 5035 2374 5083 nostra:
2401 5027 2470 5082 da
2506 5028 2663 5083 nobis
2703 5042 2801 5098 per
2849 5028 3021 5098 ipsam
3055 5026 3378 5083 Ecelesiam.

1807 5116 1906 5185 Da,
1962 5117 2209 5183 Domine,
2261 5132 2448 5187 pacem
2510 5116 2621 5187 regi
2691 5124 2879 5172 nostro
2929 5114 3033 5182 N.,
3060 5125 3119 5172 et
3177 5115 3383 5186 princi-

1806 5208 1963 5277 pibus
2009 5206 2148 5277 ejus,
2201 5221 2266 5262 ac
2308 5206 2581 5276 juclicibus
2606 5207 2755 5277 ejus,
2786 5217 2842 5263 et
2884 5205 3116 5261 subditis
3148 5203 3297 5273 ejus,
3329 5214 3386 5259 et

1806 5301 1955 5356 circa
1978 5315 2076 5355 nos
2103 5301 2466 5373 congregatis,
2500 5307 2609 5354 tam
2640 5308 2793 5354 extra
2823 5313 2987 5368 quam
3021 5298 3164 5353 intra
3197 5297 3387 5354 Eccle-

1807 5394 1964 5450 siam.
1993 5393 2140 5450 Orna
2162 5409 2257 5449 eos
2287 5393 2447 5450 omni.
2467 5406 2666 5463 genere
2709 5392 2882 5461 pacis,
2912 5390 3026 5445 Rex
3055 5389 3238 5461 pacis;
3285 5404 3386 5459 pa-

1806 5499 1923 5540 cem
1970 5484 2038 5538 da
2070 5482 2245 5548 nobis,
2276 5482 2534 5553 quoniam
2564 5481 2746 5537 omnia
2789 5480 2982 5536 dedisti
3020 5480 3207 5547 nobis;
3246 5495 3383 5535 con-

1806 5590 1962 5632 serva
2011 5591 2145 5642 nos,
2180 5574 2437 5641 Domine;
2470 5570 2727 5644 quoniam
2774 5581 2974 5644 praeter
3014 5579 3069 5628 te
3107 5571 3382 5628 neminem

1804 5666 2182 5736 cognoscimus
2216 5682 2231 5721 :
2262 5679 2459 5720 nomen
2494 5672 2739 5719 sanctum
2767 5670 2917 5718 tuum
2955 5662 3301 5719 nominamus
3329 5669 3386 5717 et

1804 5760 2137 5827 invocamus,
2166 5766 2224 5812 ut
2250 5757 2395 5813 vivat
2425 5756 2607 5812 anima
2648 5764 2835 5814 nostra
2871 5755 2926 5810 in
2959 5754 3165 5827 Spiritu
3195 5760 3385 5811 sancto
