  <div class='ocr_page' id='page_1' title='image "/cluster/home/n/w/nwhite01/storage/ocr_20150623/138/hvd.32044015471774/465.png"; bbox 0 0 3924 6318; ppageno 0'>
   <div class='ocr_carea' id='block_1_1' title="bbox 543 316 646 384">
    <p class='ocr_par' dir='ltr' id='par_1_1' title="bbox 543 316 646 384">
     <span class='ocr_line' id='line_1_1' title="bbox 543 316 646 384; baseline -0.068 0"><span class='ocrx_word' id='word_1_1' title='bbox 543 316 646 384; x_wconf 73' lang='lat' dir='ltr'><strong>9m</strong></span> 
     </span>
    </p>
   </div>
   <div class='ocr_carea' id='block_1_2' title="bbox 1357 318 3800 383">
    <p class='ocr_par' dir='ltr' id='par_1_2' title="bbox 1357 318 3800 383">
     <span class='ocr_line' id='line_1_2' title="bbox 1357 318 3800 383; baseline 0.003 -8"><span class='ocrx_word' id='word_1_2' title='bbox 1357 318 1651 376; x_wconf 78' lang='lat' dir='ltr'><strong>APPEND.</strong></span> <span class='ocrx_word' id='word_1_3' title='bbox 1693 321 1786 377; x_wconf 84' lang='lat' dir='ltr'><strong>AD</strong></span> <span class='ocrx_word' id='word_1_4' title='bbox 1825 320 1991 379; x_wconf 66' lang='lat' dir='ltr'><strong>SEC.</strong></span> <span class='ocrx_word' id='word_1_5' title='bbox 2038 321 2108 378; x_wconf 80' lang='grc' dir='ltr'><strong>Χ.</strong></span> <span class='ocrx_word' id='word_1_6' title='bbox 2143 356 2211 365; x_wconf 93' lang='grc'><strong>-</strong></span> <span class='ocrx_word' id='word_1_7' title='bbox 2251 324 2684 382; x_wconf 76' lang='lat' dir='ltr'><strong>MONUMENTA</strong></span> <span class='ocrx_word' id='word_1_8' title='bbox 2716 324 2999 382; x_wconf 79' lang='lat' dir='ltr'><strong>LITURG.</strong></span> <span class='ocrx_word' id='word_1_9' title='bbox 3714 318 3800 383; x_wconf 71' lang='lat'><strong>9‘20</strong></span> 
     </span>
    </p>
   </div>
   <div class='ocr_carea' id='block_1_3' title="bbox 543 428 3800 510">
    <p class='ocr_par' dir='ltr' id='par_1_3' title="bbox 543 428 3800 510">
     <span class='ocr_line' id='line_1_3' title="bbox 543 428 3800 510; baseline 0 -17"><span class='ocrx_word' id='word_1_10' title='bbox 543 454 645 495; x_wconf 86' lang='lat' dir='ltr'><strong>nec</strong></span> <span class='ocrx_word' id='word_1_11' title='bbox 674 436 975 493; x_wconf 86' lang='lat' dir='ltr'><strong>invalescat</strong></span> <span class='ocrx_word' id='word_1_12' title='bbox 1000 449 1147 491; x_wconf 90' lang='lat' dir='ltr'><strong>mors</strong></span> <span class='ocrx_word' id='word_1_13' title='bbox 1175 434 1387 506; x_wconf 89' lang='lat' dir='ltr'><strong>peccati</strong></span> <span class='ocrx_word' id='word_1_14' title='bbox 1405 476 1420 501; x_wconf 96' lang='lat'><strong>,</strong></span> <span class='ocrx_word' id='word_1_15' title='bbox 1447 451 1612 505; x_wconf 85' lang='lat' dir='ltr'><strong>super</strong></span> <span class='ocrx_word' id='word_1_16' title='bbox 1653 450 1752 491; x_wconf 90' lang='lat' dir='ltr'><strong>nos</strong></span> <span class='ocrx_word' id='word_1_17' title='bbox 1785 450 1971 492; x_wconf 85' lang='lat' dir='ltr'><strong>servos</strong></span> <span class='ocrx_word' id='word_1_18' title='bbox 2008 445 2129 494; x_wconf 89' lang='lat' dir='ltr'><strong>tuos</strong></span> <span class='ocrx_word' id='word_1_19' title='bbox 2162 428 2202 487; x_wconf 81' lang='grc' dir='ltr'><strong>Α</strong></span> <span class='ocrx_word' id='word_1_20' title='bbox 2233 435 2393 491; x_wconf 80' lang='lat' dir='ltr'><strong>Patre</strong></span> <span class='ocrx_word' id='word_1_21' title='bbox 2422 445 2478 492; x_wconf 89' lang='lat' dir='ltr'><strong>et</strong></span> <span class='ocrx_word' id='word_1_22' title='bbox 2504 435 2642 492; x_wconf 87' lang='lat' dir='ltr'><strong>Filio</strong></span> <span class='ocrx_word' id='word_1_23' title='bbox 2675 436 2837 493; x_wconf 78' lang='lat' dir='ltr'><strong>simul</strong></span> <span class='ocrx_word' id='word_1_24' title='bbox 2860 436 3120 493; x_wconf 82' lang='lat' dir='ltr'><strong>adorator</strong></span> <span class='ocrx_word' id='word_1_25' title='bbox 3147 445 3202 492; x_wconf 88' lang='lat' dir='ltr'><strong>et</strong></span> <span class='ocrx_word' id='word_1_26' title='bbox 3230 433 3693 510; x_wconf 81' lang='lat' dir='ltr'><strong>eongloriﬁcatur.</strong></span> <span class='ocrx_word' id='word_1_27' title='bbox 3716 439 3800 507; x_wconf 85' lang='lat' dir='ltr'><strong>Qui</strong></span> 
     </span>
    </p>
   </div>
   <div class='ocr_carea' id='block_1_4' title="bbox 544 528 1521 599">
    <p class='ocr_par' dir='ltr' id='par_1_4' title="bbox 544 528 1521 599">
     <span class='ocr_line' id='line_1_4' title="bbox 544 528 1521 599; baseline -0.003 -16"><span class='ocrx_word' id='word_1_28' title='bbox 544 539 597 583; x_wconf 87' lang='lat' dir='ltr'><strong>et</strong></span> <span class='ocrx_word' id='word_1_29' title='bbox 630 543 796 599; x_wconf 85' lang='lat' dir='ltr'><strong>super</strong></span> <span class='ocrx_word' id='word_1_30' title='bbox 816 542 1032 584; x_wconf 88' lang='lat' dir='ltr'><strong>omnem</strong></span> <span class='ocrx_word' id='word_1_31' title='bbox 1061 528 1315 598; x_wconf 84' lang='lat' dir='ltr'><strong>populum</strong></span> <span class='ocrx_word' id='word_1_32' title='bbox 1349 537 1521 582; x_wconf 88' lang='lat' dir='ltr'><strong>tuum.</strong></span> 
     </span>
    </p>
   </div>
   <div class='ocr_carea' id='block_1_5' title="bbox 1093 616 1583 689">
    <p class='ocr_par' dir='ltr' id='par_1_5' title="bbox 1093 616 1583 689">
     <span class='ocr_line' id='line_1_5' title="bbox 1093 616 1583 689; baseline 0.006 -19"><span class='ocrx_word' id='word_1_33' title='bbox 1093 616 1202 672; x_wconf 89' lang='lat' dir='ltr'><strong>Pro</strong></span> <span class='ocrx_word' id='word_1_34' title='bbox 1231 618 1583 689; x_wconf 77' lang='lat' dir='ltr'><strong>pontiﬁcibus.</strong></span> 
     </span>
    </p>
   </div>
   <div class='ocr_carea' id='block_1_6' title="bbox 620 704 2132 781">
    <p class='ocr_par' dir='ltr' id='par_1_6' title="bbox 620 704 2132 781">
     <span class='ocr_line' id='line_1_6' title="bbox 620 704 2132 781; baseline 0.001 -14"><span class='ocrx_word' id='word_1_35' title='bbox 620 712 688 767; x_wconf 83' lang='lat' dir='ltr'><strong>Et</strong></span> <span class='ocrx_word' id='word_1_36' title='bbox 718 713 915 768; x_wconf 89' lang='lat' dir='ltr'><strong>iterum</strong></span> <span class='ocrx_word' id='word_1_37' title='bbox 961 724 1213 781; x_wconf 80' lang='lat' dir='ltr'><strong>rogemus</strong></span> <span class='ocrx_word' id='word_1_38' title='bbox 1241 710 1667 781; x_wconf 86' lang='lat' dir='ltr'><strong>omnipotentem</strong></span> <span class='ocrx_word' id='word_1_39' title='bbox 1692 704 1882 778; x_wconf 87' lang='lat' dir='ltr'><strong>Deum,</strong></span> <span class='ocrx_word' id='word_1_40' title='bbox 1916 710 2132 769; x_wconf 83' lang='lat' dir='ltr'><strong>Patrem</strong></span> 
     </span>
    </p>
   </div>
   <div class='ocr_carea' id='block_1_7' title="bbox 548 800 2129 860">
    <p class='ocr_par' dir='ltr' id='par_1_7' title="bbox 548 800 2129 860">
     <span class='ocr_line' id='line_1_7' title="bbox 548 800 2129 860; baseline 0.001 -2"><span class='ocrx_word' id='word_1_41' title='bbox 548 802 765 858; x_wconf 86' lang='lat' dir='ltr'><strong>Domini</strong></span> <span class='ocrx_word' id='word_1_42' title='bbox 814 812 869 857; x_wconf 90' lang='lat' dir='ltr'><strong>et</strong></span> <span class='ocrx_word' id='word_1_43' title='bbox 923 802 1016 857; x_wconf 88' lang='lat' dir='ltr'><strong>Dei</strong></span> <span class='ocrx_word' id='word_1_44' title='bbox 1063 816 1128 856; x_wconf 89' lang='lat' dir='ltr'><strong>ac</strong></span> <span class='ocrx_word' id='word_1_45' title='bbox 1177 800 1478 858; x_wconf 87' lang='lat' dir='ltr'><strong>Salvatoris</strong></span> <span class='ocrx_word' id='word_1_46' title='bbox 1526 804 1699 859; x_wconf 84' lang='lat' dir='ltr'><strong>nostri</strong></span> <span class='ocrx_word' id='word_1_47' title='bbox 1743 800 1871 859; x_wconf 81' lang='lat' dir='ltr'><strong>Jesu</strong></span> <span class='ocrx_word' id='word_1_48' title='bbox 1906 804 2129 860; x_wconf 82' lang='lat' dir='ltr'><strong>Christi.</strong></span> 
     </span>
    </p>
   </div>
   <div class='ocr_carea' id='block_1_8' title="bbox 546 895 2137 966">
    <p class='ocr_par' dir='ltr' id='par_1_8' title="bbox 546 895 2137 966">
     <span class='ocr_line' id='line_1_8' title="bbox 546 895 2137 966; baseline -0.001 -16"><span class='ocrx_word' id='word_1_49' title='bbox 546 896 823 966; x_wconf 76' lang='lat' dir='ltr'><strong>Rogamus</strong></span> <span class='ocrx_word' id='word_1_50' title='bbox 856 902 912 948; x_wconf 92' lang='lat' dir='ltr'><strong>et</strong></span> <span class='ocrx_word' id='word_1_51' title='bbox 940 895 1175 964; x_wconf 84' lang='lat' dir='ltr'><strong>petimus</strong></span> <span class='ocrx_word' id='word_1_52' title='bbox 1220 910 1250 947; x_wconf 90' lang='lat' dir='ltr'><strong>a</strong></span> <span class='ocrx_word' id='word_1_53' title='bbox 1298 895 1542 951; x_wconf 79' lang='lat' dir='ltr'><strong>bonitate</strong></span> <span class='ocrx_word' id='word_1_54' title='bbox 1586 905 1674 949; x_wconf 86' lang='lat' dir='ltr'><strong>tua</strong></span> <span class='ocrx_word' id='word_1_55' title='bbox 1695 937 1710 959; x_wconf 91' lang='lat'><strong>,</strong></span> <span class='ocrx_word' id='word_1_56' title='bbox 1742 911 1776 951; x_wconf 92' lang='grc' dir='ltr'><strong>ο</strong></span> <span class='ocrx_word' id='word_1_57' title='bbox 1803 903 2012 950; x_wconf 81' lang='lat' dir='ltr'><strong>amator</strong></span> <span class='ocrx_word' id='word_1_58' title='bbox 2034 896 2137 950; x_wconf 59' lang='lat' dir='ltr'><strong>hoe</strong></span> 
     </span>
    </p>
   </div>
   <div class='ocr_carea' id='block_1_9' title="bbox 552 984 2134 1053">
    <p class='ocr_par' dir='ltr' id='par_1_9' title="bbox 552 984 2134 1053">
     <span class='ocr_line' id='line_1_9' title="bbox 552 984 2134 1053; baseline 0 -11"><span class='ocrx_word' id='word_1_59' title='bbox 552 988 790 1052; x_wconf 82' lang='lat' dir='ltr'><strong>tninum,</strong></span> <span class='ocrx_word' id='word_1_60' title='bbox 840 986 1161 1051; x_wconf 80' lang='lat' dir='ltr'><strong>recordare,</strong></span> <span class='ocrx_word' id='word_1_61' title='bbox 1203 984 1460 1053; x_wconf 79' lang='lat' dir='ltr'><strong>Domine,</strong></span> <span class='ocrx_word' id='word_1_62' title='bbox 1530 986 1709 1041; x_wconf 85' lang='lat' dir='ltr'><strong>Patris</strong></span> <span class='ocrx_word' id='word_1_63' title='bbox 1764 987 1936 1042; x_wconf 89' lang='lat' dir='ltr'><strong>nostri</strong></span> <span class='ocrx_word' id='word_1_64' title='bbox 1970 1001 2134 1042; x_wconf 86' lang='lat' dir='ltr'><strong>vene-</strong></span> 
     </span>
    </p>
   </div>
   <div class='ocr_carea' id='block_1_10' title="bbox 546 1077 2133 1150">
    <p class='ocr_par' dir='ltr' id='par_1_10' title="bbox 546 1077 2133 1150">
     <span class='ocr_line' id='line_1_10' title="bbox 546 1077 2133 1150; baseline 0 -18"><span class='ocrx_word' id='word_1_65' title='bbox 546 1078 702 1132; x_wconf 85' lang='lat' dir='ltr'><strong>randi</strong></span> <span class='ocrx_word' id='word_1_66' title='bbox 755 1077 1017 1149; x_wconf 86' lang='lat' dir='ltr'><strong>principis</strong></span> <span class='ocrx_word' id='word_1_67' title='bbox 1074 1078 1606 1150; x_wconf 87' lang='lat' dir='ltr'><strong>archiepiscoporum</strong></span> <span class='ocrx_word' id='word_1_68' title='bbox 1656 1087 1987 1146; x_wconf 86' lang='lat' dir='ltr'><strong>nostrorum,</strong></span> <span class='ocrx_word' id='word_1_69' title='bbox 2036 1077 2133 1147; x_wconf 84' lang='lat' dir='ltr'><strong>N.,</strong></span> 
     </span>
    </p>
   </div>
   <div class='ocr_carea' id='block_1_11' title="bbox 553 1170 1687 1236">
    <p class='ocr_par' dir='ltr' id='par_1_11' title="bbox 553 1170 1687 1236">
     <span class='ocr_line' id='line_1_11' title="bbox 553 1170 1687 1236; baseline 0.003 -13"><span class='ocrx_word' id='word_1_70' title='bbox 553 1186 619 1224; x_wconf 90' lang='lat' dir='ltr'><strong>ac</strong></span> <span class='ocrx_word' id='word_1_71' title='bbox 648 1171 819 1226; x_wconf 85' lang='lat' dir='ltr'><strong>sancti</strong></span> <span class='ocrx_word' id='word_1_72' title='bbox 851 1179 906 1225; x_wconf 90' lang='lat' dir='ltr'><strong>et</strong></span> <span class='ocrx_word' id='word_1_73' title='bbox 935 1170 1084 1226; x_wconf 89' lang='lat' dir='ltr'><strong>beati</strong></span> <span class='ocrx_word' id='word_1_74' title='bbox 1117 1171 1377 1227; x_wconf 88' lang='lat' dir='ltr'><strong>antistitis</strong></span> <span class='ocrx_word' id='word_1_75' title='bbox 1403 1172 1591 1236; x_wconf 87' lang='lat' dir='ltr'><strong>nostri,</strong></span> <span class='ocrx_word' id='word_1_76' title='bbox 1623 1171 1687 1227; x_wconf 90' lang='lat' dir='ltr'><strong>N.</strong></span> 
     </span>
    </p>
   </div>
   <div class='ocr_carea' id='block_1_12' title="bbox 622 1261 2130 1336">
    <p class='ocr_par' dir='ltr' id='par_1_12' title="bbox 622 1261 2130 1336">
     <span class='ocr_line' id='line_1_12' title="bbox 622 1261 2130 1336; baseline 0.003 -21"><span class='ocrx_word' id='word_1_77' title='bbox 622 1261 890 1317; x_wconf 76' lang='lat' dir='ltr'><strong>Diacomts</strong></span> <span class='ocrx_word' id='word_1_78' title='bbox 916 1262 1044 1316; x_wconf 83' lang='lat' dir='ltr'><strong>dicit</strong></span> <span class='ocrx_word' id='word_1_79' title='bbox 1070 1279 1089 1317; x_wconf 90' lang='lat'><strong><em>:</em></strong></span> <span class='ocrx_word' id='word_1_80' title='bbox 1119 1261 1286 1319; x_wconf 85' lang='lat' dir='ltr'><strong>Orate</strong></span> <span class='ocrx_word' id='word_1_81' title='bbox 1321 1278 1418 1333; x_wconf 87' lang='lat' dir='ltr'><strong>pro</strong></span> <span class='ocrx_word' id='word_1_82' title='bbox 1454 1265 1698 1335; x_wconf 87' lang='lat' dir='ltr'><strong>principe</strong></span> <span class='ocrx_word' id='word_1_83' title='bbox 1740 1273 1949 1330; x_wconf 90' lang='lat' dir='ltr'><strong>nostro,</strong></span> <span class='ocrx_word' id='word_1_84' title='bbox 1977 1265 2130 1336; x_wconf 88' lang='lat' dir='ltr'><strong>prin-</strong></span> 
     </span>
    </p>
   </div>
   <div class='ocr_carea' id='block_1_13' title="bbox 549 1353 2132 1427">
    <p class='ocr_par' dir='ltr' id='par_1_13' title="bbox 549 1353 2132 1427">
     <span class='ocr_line' id='line_1_13' title="bbox 549 1353 2132 1427; baseline 0.002 -19"><span class='ocrx_word' id='word_1_85' title='bbox 549 1353 669 1421; x_wconf 87' lang='lat' dir='ltr'><strong>cipe</strong></span> <span class='ocrx_word' id='word_1_86' title='bbox 696 1364 1010 1409; x_wconf 86' lang='lat' dir='ltr'><strong>nostrorum</strong></span> <span class='ocrx_word' id='word_1_87' title='bbox 1038 1355 1571 1425; x_wconf 83' lang='lat' dir='ltr'><strong>archiepiscoporum</strong></span> <span class='ocrx_word' id='word_1_88' title='bbox 1600 1355 1689 1422; x_wconf 89' lang='lat' dir='ltr'><strong>N.,</strong></span> <span class='ocrx_word' id='word_1_89' title='bbox 1730 1365 1785 1410; x_wconf 90' lang='lat' dir='ltr'><strong>ct</strong></span> <span class='ocrx_word' id='word_1_90' title='bbox 1812 1356 1990 1427; x_wconf 85' lang='lat' dir='ltr'><strong>capite</strong></span> <span class='ocrx_word' id='word_1_91' title='bbox 2016 1356 2132 1426; x_wconf 82' lang='lat' dir='ltr'><strong>epi-</strong></span> 
     </span>
    </p>
   </div>
   <div class='ocr_carea' id='block_1_14' title="bbox 545 1444 2134 1517">
    <p class='ocr_par' dir='ltr' id='par_1_14' title="bbox 545 1444 2134 1517">
     <span class='ocr_line' id='line_1_14' title="bbox 545 1444 2134 1517; baseline 0 -17"><span class='ocrx_word' id='word_1_92' title='bbox 545 1459 836 1513; x_wconf 86' lang='lat' dir='ltr'><strong>scoporum</strong></span> <span class='ocrx_word' id='word_1_93' title='bbox 907 1459 1117 1513; x_wconf 63' lang='lat' dir='ltr'><strong>magna:</strong></span> <span class='ocrx_word' id='word_1_94' title='bbox 1178 1444 1472 1516; x_wconf 85' lang='lat' dir='ltr'><strong>provinciae</strong></span> <span class='ocrx_word' id='word_1_95' title='bbox 1540 1445 1963 1511; x_wconf 67' lang='lat' dir='ltr'><strong>Alexandriam;</strong></span> <span class='ocrx_word' id='word_1_96' title='bbox 2034 1461 2134 1517; x_wconf 90' lang='lat' dir='ltr'><strong>pro</strong></span> 
     </span>
    </p>
   </div>
   <div class='ocr_carea' id='block_1_15' title="bbox 545 1536 2130 1608">
    <p class='ocr_par' dir='ltr' id='par_1_15' title="bbox 545 1536 2130 1608">
     <span class='ocr_line' id='line_1_15' title="bbox 545 1536 2130 1608; baseline -0.001 -15"><span class='ocrx_word' id='word_1_97' title='bbox 545 1538 725 1608; x_wconf 88' lang='lat' dir='ltr'><strong>capite</strong></span> <span class='ocrx_word' id='word_1_98' title='bbox 759 1537 950 1606; x_wconf 71' lang='lat' dir='ltr'><strong>patria:</strong></span> <span class='ocrx_word' id='word_1_99' title='bbox 983 1546 1216 1601; x_wconf 66' lang='lat' dir='ltr'><strong>nostrae,</strong></span> <span class='ocrx_word' id='word_1_100' title='bbox 1251 1537 1561 1592; x_wconf 89' lang='lat' dir='ltr'><strong>venerando</strong></span> <span class='ocrx_word' id='word_1_101' title='bbox 1600 1536 2011 1607; x_wconf 85' lang='lat' dir='ltr'><strong>archiepiscopo</strong></span> <span class='ocrx_word' id='word_1_102' title='bbox 2037 1552 2130 1591; x_wconf 88' lang='lat' dir='ltr'><strong>no-</strong></span> 
     </span>
    </p>
   </div>
   <div class='ocr_carea' id='block_1_16' title="bbox 544 1629 2133 1700">
    <p class='ocr_par' dir='ltr' id='par_1_16' title="bbox 544 1629 2133 1700">
     <span class='ocr_line' id='line_1_16' title="bbox 544 1629 2133 1700; baseline -0.003 -14"><span class='ocrx_word' id='word_1_103' title='bbox 544 1641 660 1686; x_wconf 90' lang='lat' dir='ltr'><strong>stro</strong></span> <span class='ocrx_word' id='word_1_104' title='bbox 707 1630 805 1696; x_wconf 83' lang='lat' dir='ltr'><strong>N.,</strong></span> <span class='ocrx_word' id='word_1_105' title='bbox 857 1645 922 1685; x_wconf 87' lang='lat' dir='ltr'><strong>ac</strong></span> <span class='ocrx_word' id='word_1_106' title='bbox 965 1630 1216 1686; x_wconf 88' lang='lat' dir='ltr'><strong>omnibus</strong></span> <span class='ocrx_word' id='word_1_107' title='bbox 1261 1629 1558 1700; x_wconf 83' lang='lat' dir='ltr'><strong>episcOpis,</strong></span> <span class='ocrx_word' id='word_1_108' title='bbox 1620 1629 2032 1697; x_wconf 78' lang='lat' dir='ltr'><strong>sacerdotibus,</strong></span> <span class='ocrx_word' id='word_1_109' title='bbox 2079 1636 2133 1683; x_wconf 86' lang='lat' dir='ltr'><strong>et</strong></span> 
     </span>
    </p>
   </div>
   <div class='ocr_carea' id='block_1_17' title="bbox 547 1720 1159 1778">
    <p class='ocr_par' dir='ltr' id='par_1_17' title="bbox 547 1720 1159 1778">
     <span class='ocr_line' id='line_1_17' title="bbox 547 1720 1159 1778; baseline -0.005 -1"><span class='ocrx_word' id='word_1_110' title='bbox 547 1721 792 1778; x_wconf 88' lang='lat' dir='ltr'><strong>diaconis</strong></span> <span class='ocrx_word' id='word_1_111' title='bbox 824 1729 986 1777; x_wconf 66' lang='lat' dir='ltr'><strong>rectae</strong></span> <span class='ocrx_word' id='word_1_112' title='bbox 1013 1720 1159 1776; x_wconf 88' lang='lat' dir='ltr'><strong>ﬁdei.</strong></span> 
     </span>
    </p>
   </div>
   <div class='ocr_carea' id='block_1_18' title="bbox 2237 533 3805 605">
    <p class='ocr_par' dir='ltr' id='par_1_18' title="bbox 2237 533 3805 605">
     <span class='ocr_line' id='line_1_18' title="bbox 2237 533 3805 605; baseline 0.003 -18"><span class='ocrx_word' id='word_1_113' title='bbox 2237 533 2449 589; x_wconf 87' lang='lat' dir='ltr'><strong>locutus</strong></span> <span class='ocrx_word' id='word_1_114' title='bbox 2472 542 2556 589; x_wconf 89' lang='lat' dir='ltr'><strong>est</strong></span> <span class='ocrx_word' id='word_1_115' title='bbox 2579 548 2678 605; x_wconf 87' lang='lat' dir='ltr'><strong>per</strong></span> <span class='ocrx_word' id='word_1_116' title='bbox 2703 534 3011 604; x_wconf 81' lang='lat' dir='ltr'><strong>prophetas.</strong></span> <span class='ocrx_word' id='word_1_117' title='bbox 3048 533 3116 588; x_wconf 83' lang='lat' dir='ltr'><strong>Et</strong></span> <span class='ocrx_word' id='word_1_118' title='bbox 3152 549 3316 589; x_wconf 88' lang='lat' dir='ltr'><strong>unam</strong></span> <span class='ocrx_word' id='word_1_119' title='bbox 3357 542 3609 590; x_wconf 83' lang='lat' dir='ltr'><strong>sanctam</strong></span> <span class='ocrx_word' id='word_1_120' title='bbox 3640 537 3805 592; x_wconf 84' lang='lat' dir='ltr'><strong>catho-</strong></span> 
     </span>
    </p>
   </div>
   <div class='ocr_carea' id='block_1_19' title="bbox 2236 621 3804 693">
    <p class='ocr_par' dir='ltr' id='par_1_19' title="bbox 2236 621 3804 693">
     <span class='ocr_line' id='line_1_19' title="bbox 2236 621 3804 693; baseline 0.002 -18"><span class='ocrx_word' id='word_1_121' title='bbox 2236 621 2428 689; x_wconf 89' lang='lat' dir='ltr'><strong>licam,</strong></span> <span class='ocrx_word' id='word_1_122' title='bbox 2464 631 2519 678; x_wconf 92' lang='lat' dir='ltr'><strong>et</strong></span> <span class='ocrx_word' id='word_1_123' title='bbox 2565 621 2916 693; x_wconf 86' lang='lat' dir='ltr'><strong>apostolicam</strong></span> <span class='ocrx_word' id='word_1_124' title='bbox 2958 622 3280 679; x_wconf 84' lang='lat' dir='ltr'><strong>Ecclesiam.</strong></span> <span class='ocrx_word' id='word_1_125' title='bbox 3326 622 3613 679; x_wconf 83' lang='lat' dir='ltr'><strong>Conﬁteor</strong></span> <span class='ocrx_word' id='word_1_126' title='bbox 3659 639 3804 678; x_wconf 83' lang='lat' dir='ltr'><strong>unum</strong></span> 
     </span>
    </p>
   </div>
   <div class='ocr_carea' id='block_1_20' title="bbox 2233 714 3808 784">
    <p class='ocr_par' dir='ltr' id='par_1_20' title="bbox 2233 714 3808 784">
     <span class='ocr_line' id='line_1_20' title="bbox 2233 714 3808 784; baseline 0.001 -16"><span class='ocrx_word' id='word_1_127' title='bbox 2233 714 2500 783; x_wconf 88' lang='lat' dir='ltr'><strong>baptisma</strong></span> <span class='ocrx_word' id='word_1_128' title='bbox 2542 715 2595 769; x_wconf 92' lang='lat' dir='ltr'><strong>in</strong></span> <span class='ocrx_word' id='word_1_129' title='bbox 2644 714 3018 771; x_wconf 80' lang='lat' dir='ltr'><strong>remissionem</strong></span> <span class='ocrx_word' id='word_1_130' title='bbox 3058 722 3403 783; x_wconf 84' lang='lat' dir='ltr'><strong>peccatorum</strong></span> <span class='ocrx_word' id='word_1_131' title='bbox 3432 732 3451 771; x_wconf 90' lang='lat'><strong>:</strong></span> <span class='ocrx_word' id='word_1_132' title='bbox 3477 722 3538 770; x_wconf 90' lang='lat' dir='ltr'><strong>et</strong></span> <span class='ocrx_word' id='word_1_133' title='bbox 3569 723 3808 784; x_wconf 79' lang='lat' dir='ltr'><strong>exspecto</strong></span> 
     </span>
    </p>
   </div>
   <div class='ocr_carea' id='block_1_21' title="bbox 2234 806 3813 872">
    <p class='ocr_par' dir='ltr' id='par_1_21' title="bbox 2234 806 3813 872">
     <span class='ocr_line' id='line_1_21' title="bbox 2234 806 3813 872; baseline 0.002 -12"><span class='ocrx_word' id='word_1_134' title='bbox 2234 806 2692 862; x_wconf 79' lang='lat' dir='ltr'><strong>resurrectionem</strong></span> <span class='ocrx_word' id='word_1_135' title='bbox 2722 816 3080 872; x_wconf 87' lang='lat' dir='ltr'><strong>mortuorum,</strong></span> <span class='ocrx_word' id='word_1_136' title='bbox 3107 813 3162 861; x_wconf 91' lang='lat' dir='ltr'><strong>et</strong></span> <span class='ocrx_word' id='word_1_137' title='bbox 3206 806 3373 861; x_wconf 84' lang='lat' dir='ltr'><strong>vitam</strong></span> <span class='ocrx_word' id='word_1_138' title='bbox 3398 806 3618 863; x_wconf 77' lang='lat' dir='ltr'><strong>venturi</strong></span> <span class='ocrx_word' id='word_1_139' title='bbox 3647 806 3813 863; x_wconf 65' lang='lat' dir='ltr'><strong>seculi</strong></span> 
     </span>
    </p>
   </div>
   <div class='ocr_carea' id='block_1_22' title="bbox 2236 894 2426 951">
    <p class='ocr_par' dir='ltr' id='par_1_22' title="bbox 2236 894 2426 951">
     <span class='ocr_line' id='line_1_22' title="bbox 2236 894 2426 951; baseline 0.005 -3"><span class='ocrx_word' id='word_1_140' title='bbox 2236 894 2426 951; x_wconf 79' lang='lat' dir='ltr'><strong>Amen.</strong></span> 
     </span>
    </p>
   </div>
   <div class='ocr_carea' id='block_1_23' title="bbox 2234 983 3813 1053">
    <p class='ocr_par' dir='ltr' id='par_1_23' title="bbox 2234 983 3813 1053">
     <span class='ocr_line' id='line_1_23' title="bbox 2234 983 3813 1053; baseline 0.001 -13"><span class='ocrx_word' id='word_1_141' title='bbox 2234 988 2243 994; x_wconf 88' lang='grc'><strong>’</strong></span> <span class='ocrx_word' id='word_1_142' title='bbox 2308 983 2567 1040; x_wconf 75' lang='lat' dir='ltr'><strong>Sacerdos</strong></span> <span class='ocrx_word' id='word_1_143' title='bbox 2593 984 2719 1040; x_wconf 69' lang='lat' dir='ltr'><strong>dicit</strong></span> <span class='ocrx_word' id='word_1_144' title='bbox 2749 1001 2769 1041; x_wconf 91' lang='lat'><strong><em>:</em></strong></span> <span class='ocrx_word' id='word_1_145' title='bbox 2792 985 2901 1040; x_wconf 80' lang='lat' dir='ltr'><strong>Fac</strong></span> <span class='ocrx_word' id='word_1_146' title='bbox 2925 999 3021 1041; x_wconf 88' lang='lat' dir='ltr'><strong>eos</strong></span> <span class='ocrx_word' id='word_1_147' title='bbox 3043 993 3101 1040; x_wconf 89' lang='lat' dir='ltr'><strong>ut</strong></span> <span class='ocrx_word' id='word_1_148' title='bbox 3131 985 3240 1041; x_wconf 80' lang='lat' dir='ltr'><strong>sint</strong></span> <span class='ocrx_word' id='word_1_149' title='bbox 3266 985 3363 1041; x_wconf 83' lang='lat' dir='ltr'><strong>tibi</strong></span> <span class='ocrx_word' id='word_1_150' title='bbox 3388 986 3510 1042; x_wconf 77' lang='lat' dir='ltr'><strong>sine</strong></span> <span class='ocrx_word' id='word_1_151' title='bbox 3538 985 3813 1053; x_wconf 76' lang='lat' dir='ltr'><strong>divisione,</strong></span> 
     </span>
    </p>
   </div>
   <div class='ocr_carea' id='block_1_24' title="bbox 2235 1076 3815 1147">
    <p class='ocr_par' dir='ltr' id='par_1_24' title="bbox 2235 1076 3815 1147">
     <span class='ocr_line' id='line_1_24' title="bbox 2235 1076 3815 1147; baseline 0.001 -16"><span class='ocrx_word' id='word_1_152' title='bbox 2235 1086 2291 1131; x_wconf 91' lang='lat' dir='ltr'><strong>et</strong></span> <span class='ocrx_word' id='word_1_153' title='bbox 2318 1077 2432 1132; x_wconf 92' lang='lat' dir='ltr'><strong>sine</strong></span> <span class='ocrx_word' id='word_1_154' title='bbox 2461 1077 2677 1147; x_wconf 84' lang='lat' dir='ltr'><strong>pigritia</strong></span> <span class='ocrx_word' id='word_1_155' title='bbox 2715 1076 2919 1133; x_wconf 78' lang='lat' dir='ltr'><strong>faciant</strong></span> <span class='ocrx_word' id='word_1_156' title='bbox 2948 1077 3280 1135; x_wconf 82' lang='lat' dir='ltr'><strong>voluntatem</strong></span> <span class='ocrx_word' id='word_1_157' title='bbox 3308 1088 3456 1134; x_wconf 86' lang='lat' dir='ltr'><strong>tuam</strong></span> <span class='ocrx_word' id='word_1_158' title='bbox 3487 1087 3746 1133; x_wconf 80' lang='lat' dir='ltr'><strong>sanctam</strong></span> <span class='ocrx_word' id='word_1_159' title='bbox 3772 1089 3815 1136; x_wconf 84' lang='lat' dir='ltr'><strong>et</strong></span> 
     </span>
    </p>
   </div>
   <div class='ocr_carea' id='block_1_25' title="bbox 2234 1167 3815 1240">
    <p class='ocr_par' dir='ltr' id='par_1_25' title="bbox 2234 1167 3815 1240">
     <span class='ocr_line' id='line_1_25' title="bbox 2234 1167 3815 1240; baseline 0.001 -18"><span class='ocrx_word' id='word_1_160' title='bbox 2234 1168 2472 1222; x_wconf 79' lang='lat' dir='ltr'><strong>beatam.</strong></span> <span class='ocrx_word' id='word_1_161' title='bbox 2509 1167 2619 1224; x_wconf 87' lang='lat' dir='ltr'><strong>Fac</strong></span> <span class='ocrx_word' id='word_1_162' title='bbox 2642 1183 2739 1224; x_wconf 90' lang='lat' dir='ltr'><strong>eos</strong></span> <span class='ocrx_word' id='word_1_163' title='bbox 2762 1167 2983 1224; x_wconf 89' lang='lat' dir='ltr'><strong>domum</strong></span> <span class='ocrx_word' id='word_1_164' title='bbox 3013 1170 3302 1236; x_wconf 83' lang='lat' dir='ltr'><strong>orationis,</strong></span> <span class='ocrx_word' id='word_1_165' title='bbox 3350 1170 3577 1226; x_wconf 78' lang='lat' dir='ltr'><strong>domum</strong></span> <span class='ocrx_word' id='word_1_166' title='bbox 3631 1170 3815 1240; x_wconf 79' lang='lat' dir='ltr'><strong>purita-</strong></span> 
     </span>
    </p>
   </div>
   <div class='ocr_carea' id='block_1_26' title="bbox 2238 1261 3816 1332">
    <p class='ocr_par' dir='ltr' id='par_1_26' title="bbox 2238 1261 3816 1332">
     <span class='ocr_line' id='line_1_26' title="bbox 2238 1261 3816 1332; baseline 0.001 -17"><span class='ocrx_word' id='word_1_167' title='bbox 2238 1261 2328 1326; x_wconf 88' lang='lat' dir='ltr'><strong>tis,</strong></span> <span class='ocrx_word' id='word_1_168' title='bbox 2378 1262 2596 1317; x_wconf 88' lang='lat' dir='ltr'><strong>domum</strong></span> <span class='ocrx_word' id='word_1_169' title='bbox 2629 1261 2975 1318; x_wconf 75' lang='lat' dir='ltr'><strong>abundantia:</strong></span> <span class='ocrx_word' id='word_1_170' title='bbox 3016 1272 3072 1317; x_wconf 88' lang='lat' dir='ltr'><strong>et</strong></span> <span class='ocrx_word' id='word_1_171' title='bbox 3114 1262 3338 1332; x_wconf 77' lang='lat' dir='ltr'><strong>gratim,</strong></span> <span class='ocrx_word' id='word_1_172' title='bbox 3367 1263 3708 1332; x_wconf 77' lang='lat' dir='ltr'><strong>gratiﬁcare,</strong></span> <span class='ocrx_word' id='word_1_173' title='bbox 3735 1262 3816 1317; x_wconf 70' lang='lat' dir='ltr'><strong>De</strong></span> 
     </span>
    </p>
   </div>
   <div class='ocr_carea' id='block_1_27' title="bbox 2236 1352 3818 1423">
    <p class='ocr_par' dir='ltr' id='par_1_27' title="bbox 2236 1352 3818 1423">
     <span class='ocr_line' id='line_1_27' title="bbox 2236 1352 3818 1423; baseline -0.001 -17"><span class='ocrx_word' id='word_1_174' title='bbox 2236 1353 2409 1418; x_wconf 89' lang='lat' dir='ltr'><strong>mine,</strong></span> <span class='ocrx_word' id='word_1_175' title='bbox 2438 1353 2594 1408; x_wconf 89' lang='lat' dir='ltr'><strong>nobis</strong></span> <span class='ocrx_word' id='word_1_176' title='bbox 2640 1353 2818 1409; x_wconf 77' lang='lat' dir='ltr'><strong>servis</strong></span> <span class='ocrx_word' id='word_1_177' title='bbox 2865 1352 2973 1408; x_wconf 85' lang='lat' dir='ltr'><strong>tuis</strong></span> <span class='ocrx_word' id='word_1_178' title='bbox 3001 1393 3019 1419; x_wconf 93' lang='lat'><strong>,</strong></span> <span class='ocrx_word' id='word_1_179' title='bbox 3054 1363 3108 1408; x_wconf 91' lang='lat' dir='ltr'><strong>et</strong></span> <span class='ocrx_word' id='word_1_180' title='bbox 3160 1361 3286 1423; x_wconf 84' lang='lat' dir='ltr'><strong>post</strong></span> <span class='ocrx_word' id='word_1_181' title='bbox 3338 1368 3438 1408; x_wconf 87' lang='lat' dir='ltr'><strong>nos</strong></span> <span class='ocrx_word' id='word_1_182' title='bbox 3489 1352 3741 1407; x_wconf 88' lang='lat' dir='ltr'><strong>venturis</strong></span> <span class='ocrx_word' id='word_1_183' title='bbox 3773 1353 3818 1405; x_wconf 86' lang='lat' dir='ltr'><strong>in</strong></span> 
     </span>
    </p>
   </div>
   <div class='ocr_carea' id='block_1_28' title="bbox 2234 1442 3820 1515">
    <p class='ocr_par' dir='ltr' id='par_1_28' title="bbox 2234 1442 3820 1515">
     <span class='ocr_line' id='line_1_28' title="bbox 2234 1442 3820 1515; baseline -0.002 -15"><span class='ocrx_word' id='word_1_184' title='bbox 2234 1445 2513 1500; x_wconf 84' lang='lat' dir='ltr'><strong>sacculum.</strong></span> <span class='ocrx_word' id='word_1_185' title='bbox 2564 1443 2810 1515; x_wconf 80' lang='lat' dir='ltr'><strong>Exsurge</strong></span> <span class='ocrx_word' id='word_1_186' title='bbox 2851 1443 3111 1510; x_wconf 80' lang='lat' dir='ltr'><strong>Domine,</strong></span> <span class='ocrx_word' id='word_1_187' title='bbox 3154 1442 3297 1500; x_wconf 86' lang='lat' dir='ltr'><strong>Deus</strong></span> <span class='ocrx_word' id='word_1_188' title='bbox 3343 1451 3561 1509; x_wconf 84' lang='lat' dir='ltr'><strong>noster,</strong></span> <span class='ocrx_word' id='word_1_189' title='bbox 3591 1452 3651 1497; x_wconf 87' lang='lat' dir='ltr'><strong>et</strong></span> <span class='ocrx_word' id='word_1_190' title='bbox 3680 1443 3820 1497; x_wconf 81' lang='lat' dir='ltr'><strong>dissi-</strong></span> 
     </span>
    </p>
   </div>
   <div class='ocr_carea' id='block_1_29' title="bbox 2236 1538 3817 1610">
    <p class='ocr_par' dir='ltr' id='par_1_29' title="bbox 2236 1538 3817 1610">
     <span class='ocr_line' id='line_1_29' title="bbox 2236 1538 3817 1610; baseline -0.002 -18"><span class='ocrx_word' id='word_1_191' title='bbox 2236 1546 2441 1609; x_wconf 89' lang='lat' dir='ltr'><strong>pentur</strong></span> <span class='ocrx_word' id='word_1_192' title='bbox 2467 1539 2675 1603; x_wconf 81' lang='lat' dir='ltr'><strong>inimici</strong></span> <span class='ocrx_word' id='word_1_193' title='bbox 2702 1539 2798 1605; x_wconf 91' lang='lat' dir='ltr'><strong>tui,</strong></span> <span class='ocrx_word' id='word_1_194' title='bbox 2826 1547 2883 1595; x_wconf 88' lang='lat' dir='ltr'><strong>et</strong></span> <span class='ocrx_word' id='word_1_195' title='bbox 2914 1538 3124 1610; x_wconf 80' lang='lat' dir='ltr'><strong>fugiant</strong></span> <span class='ocrx_word' id='word_1_196' title='bbox 3148 1547 3275 1594; x_wconf 87' lang='lat' dir='ltr'><strong>ante</strong></span> <span class='ocrx_word' id='word_1_197' title='bbox 3301 1538 3500 1593; x_wconf 77' lang='lat' dir='ltr'><strong>faciem</strong></span> <span class='ocrx_word' id='word_1_198' title='bbox 3534 1545 3687 1592; x_wconf 80' lang='lat' dir='ltr'><strong>tuam</strong></span> <span class='ocrx_word' id='word_1_199' title='bbox 3714 1552 3817 1589; x_wconf 75' lang='lat' dir='ltr'><strong>0m-</strong></span> 
     </span>
    </p>
   </div>
   <div class='ocr_carea' id='block_1_30' title="bbox 2238 1631 3815 1701">
    <p class='ocr_par' dir='ltr' id='par_1_30' title="bbox 2238 1631 3815 1701">
     <span class='ocr_line' id='line_1_30' title="bbox 2238 1631 3815 1701; baseline 0 -17"><span class='ocrx_word' id='word_1_200' title='bbox 2238 1646 2337 1685; x_wconf 84' lang='lat' dir='ltr'><strong>nes</strong></span> <span class='ocrx_word' id='word_1_201' title='bbox 2383 1631 2475 1701; x_wconf 89' lang='lat' dir='ltr'><strong>qui</strong></span> <span class='ocrx_word' id='word_1_202' title='bbox 2525 1631 2756 1686; x_wconf 88' lang='lat' dir='ltr'><strong>oderunt</strong></span> <span class='ocrx_word' id='word_1_203' title='bbox 2806 1640 3056 1687; x_wconf 85' lang='lat' dir='ltr'><strong>sanctum</strong></span> <span class='ocrx_word' id='word_1_204' title='bbox 3127 1640 3185 1686; x_wconf 91' lang='lat' dir='ltr'><strong>et</strong></span> <span class='ocrx_word' id='word_1_205' title='bbox 3234 1632 3589 1687; x_wconf 89' lang='lat' dir='ltr'><strong>benedictum</strong></span> <span class='ocrx_word' id='word_1_206' title='bbox 3637 1646 3815 1686; x_wconf 80' lang='lat' dir='ltr'><strong>nomen</strong></span> 
     </span>
    </p>
   </div>
   <div class='ocr_carea' id='block_1_31' title="bbox 2237 1721 3818 1791">
    <p class='ocr_par' dir='ltr' id='par_1_31' title="bbox 2237 1721 3818 1791">
     <span class='ocr_line' id='line_1_31' title="bbox 2237 1721 3818 1791; baseline -0.001 -16"><span class='ocrx_word' id='word_1_207' title='bbox 2237 1731 2409 1776; x_wconf 92' lang='lat' dir='ltr'><strong>tuum.</strong></span> <span class='ocrx_word' id='word_1_208' title='bbox 2450 1721 2637 1791; x_wconf 86' lang='lat' dir='ltr'><strong>Populi</strong></span> <span class='ocrx_word' id='word_1_209' title='bbox 2674 1730 2854 1777; x_wconf 87' lang='lat' dir='ltr'><strong>autem</strong></span> <span class='ocrx_word' id='word_1_210' title='bbox 2889 1722 2967 1777; x_wconf 88' lang='lat' dir='ltr'><strong>tui</strong></span> <span class='ocrx_word' id='word_1_211' title='bbox 3013 1722 3125 1777; x_wconf 89' lang='lat' dir='ltr'><strong>sint</strong></span> <span class='ocrx_word' id='word_1_212' title='bbox 3166 1722 3430 1777; x_wconf 82' lang='lat' dir='ltr'><strong>benedicti</strong></span> <span class='ocrx_word' id='word_1_213' title='bbox 3482 1722 3686 1778; x_wconf 85' lang='lat' dir='ltr'><strong>millies</strong></span> <span class='ocrx_word' id='word_1_214' title='bbox 3716 1723 3818 1776; x_wconf 88' lang='lat' dir='ltr'><strong>mil-</strong></span> 
     </span>
    </p>
   </div>
   <div class='ocr_carea' id='block_1_32' title="bbox 618 1808 3815 1882">
    <p class='ocr_par' dir='ltr' id='par_1_32' title="bbox 618 1808 3815 1882">
     <span class='ocr_line' id='line_1_32' title="bbox 618 1808 3815 1882; baseline -0.001 -12"><span class='ocrx_word' id='word_1_215' title='bbox 618 1814 880 1870; x_wconf 76' lang='lat' dir='ltr'><strong>Sacerdos</strong></span> <span class='ocrx_word' id='word_1_216' title='bbox 927 1814 1092 1868; x_wconf 84' lang='lat' dir='ltr'><strong>dicit:</strong></span> <span class='ocrx_word' id='word_1_217' title='bbox 1124 1812 1490 1870; x_wconf 88' lang='lat' dir='ltr'><strong>Custodiendo</strong></span> <span class='ocrx_word' id='word_1_218' title='bbox 1534 1808 1744 1869; x_wconf 84' lang='lat' dir='ltr'><strong>custodi</strong></span> <span class='ocrx_word' id='word_1_219' title='bbox 1803 1828 1899 1868; x_wconf 87' lang='lat' dir='ltr'><strong>eos</strong></span> <span class='ocrx_word' id='word_1_220' title='bbox 1941 1811 2127 1878; x_wconf 85' lang='lat' dir='ltr'><strong>nobis,</strong></span> <span class='ocrx_word' id='word_1_221' title='bbox 2165 1825 2206 1882; x_wconf 72' lang='grc' dir='ltr'><strong>ῃ</strong></span> <span class='ocrx_word' id='word_1_222' title='bbox 2236 1812 2395 1877; x_wconf 86' lang='lat' dir='ltr'><strong>libus,</strong></span> <span class='ocrx_word' id='word_1_223' title='bbox 2423 1820 2478 1867; x_wconf 93' lang='lat' dir='ltr'><strong>ct</strong></span> <span class='ocrx_word' id='word_1_224' title='bbox 2505 1812 2698 1866; x_wconf 84' lang='lat' dir='ltr'><strong>iterum</strong></span> <span class='ocrx_word' id='word_1_225' title='bbox 2729 1811 2923 1869; x_wconf 83' lang='lat' dir='ltr'><strong>millies</strong></span> <span class='ocrx_word' id='word_1_226' title='bbox 2957 1811 3194 1869; x_wconf 89' lang='lat' dir='ltr'><strong>millibus</strong></span> <span class='ocrx_word' id='word_1_227' title='bbox 3221 1813 3671 1868; x_wconf 78' lang='lat' dir='ltr'><strong>benedictionem</strong></span> <span class='ocrx_word' id='word_1_228' title='bbox 3696 1853 3715 1878; x_wconf 92' lang='lat'><strong>,</strong></span> <span class='ocrx_word' id='word_1_229' title='bbox 3753 1812 3815 1866; x_wconf 74' lang='lat' dir='ltr'><strong>fa-</strong></span> 
     </span>
    </p>
   </div>
   <div class='ocr_carea' id='block_1_33' title="bbox 544 1904 2128 1977">
    <p class='ocr_par' dir='ltr' id='par_1_33' title="bbox 544 1904 2128 1977">
     <span class='ocr_line' id='line_1_33' title="bbox 544 1904 2128 1977; baseline 0 -17"><span class='ocrx_word' id='word_1_230' title='bbox 544 1906 730 1961; x_wconf 89' lang='lat' dir='ltr'><strong>multis</strong></span> <span class='ocrx_word' id='word_1_231' title='bbox 760 1905 916 1961; x_wconf 89' lang='lat' dir='ltr'><strong>annis</strong></span> <span class='ocrx_word' id='word_1_232' title='bbox 962 1913 1019 1961; x_wconf 91' lang='lat' dir='ltr'><strong>et</strong></span> <span class='ocrx_word' id='word_1_233' title='bbox 1048 1904 1210 1977; x_wconf 87' lang='lat' dir='ltr'><strong>longo</strong></span> <span class='ocrx_word' id='word_1_234' title='bbox 1245 1914 1485 1974; x_wconf 89' lang='lat' dir='ltr'><strong>tempore</strong></span> <span class='ocrx_word' id='word_1_235' title='bbox 1530 1906 1584 1960; x_wconf 92' lang='lat' dir='ltr'><strong>in</strong></span> <span class='ocrx_word' id='word_1_236' title='bbox 1632 1905 1839 1977; x_wconf 87' lang='lat' dir='ltr'><strong>justitia</strong></span> <span class='ocrx_word' id='word_1_237' title='bbox 1880 1914 1935 1960; x_wconf 90' lang='lat' dir='ltr'><strong>et</strong></span> <span class='ocrx_word' id='word_1_238' title='bbox 1962 1919 2128 1975; x_wconf 86' lang='lat' dir='ltr'><strong>pace;</strong></span> 
     </span>
    </p>
   </div>
   <div class='ocr_carea' id='block_1_34' title="bbox 545 1994 2126 2067">
    <p class='ocr_par' dir='ltr' id='par_1_34' title="bbox 545 1994 2126 2067">
     <span class='ocr_line' id='line_1_34' title="bbox 545 1994 2126 2067; baseline -0.002 -15"><span class='ocrx_word' id='word_1_239' title='bbox 545 2006 607 2053; x_wconf 90' lang='lat' dir='ltr'><strong>ut</strong></span> <span class='ocrx_word' id='word_1_240' title='bbox 644 1996 929 2067; x_wconf 89' lang='lat' dir='ltr'><strong>perﬁciant</strong></span> <span class='ocrx_word' id='word_1_241' title='bbox 975 1997 1443 2052; x_wconf 78' lang='lat' dir='ltr'><strong>consecrationem</strong></span> <span class='ocrx_word' id='word_1_242' title='bbox 1493 2011 1656 2067; x_wconf 90' lang='lat' dir='ltr'><strong>quam</strong></span> <span class='ocrx_word' id='word_1_243' title='bbox 1707 2004 1763 2051; x_wconf 87' lang='lat' dir='ltr'><strong>tu</strong></span> <span class='ocrx_word' id='word_1_244' title='bbox 1808 1994 2126 2051; x_wconf 88' lang='lat' dir='ltr'><strong>commisisti</strong></span> 
     </span>
    </p>
   </div>
   <div class='ocr_carea' id='block_1_35' title="bbox 545 2088 2126 2161">
    <p class='ocr_par' dir='ltr' id='par_1_35' title="bbox 545 2088 2126 2161">
     <span class='ocr_line' id='line_1_35' title="bbox 545 2088 2126 2161; baseline -0.001 -17"><span class='ocrx_word' id='word_1_245' title='bbox 545 2091 790 2161; x_wconf 81' lang='lat' dir='ltr'><strong>dignitati</strong></span> <span class='ocrx_word' id='word_1_246' title='bbox 820 2090 1166 2155; x_wconf 82' lang='lat' dir='ltr'><strong>sacerdotali,</strong></span> <span class='ocrx_word' id='word_1_247' title='bbox 1205 2091 1498 2145; x_wconf 87' lang='lat' dir='ltr'><strong>secundum</strong></span> <span class='ocrx_word' id='word_1_248' title='bbox 1530 2098 1775 2146; x_wconf 88' lang='lat' dir='ltr'><strong>sanctam</strong></span> <span class='ocrx_word' id='word_1_249' title='bbox 1814 2105 1878 2144; x_wconf 87' lang='lat' dir='ltr'><strong>ac</strong></span> <span class='ocrx_word' id='word_1_250' title='bbox 1913 2088 2126 2144; x_wconf 86' lang='lat' dir='ltr'><strong>beatam</strong></span> 
     </span>
    </p>
   </div>
   <div class='ocr_carea' id='block_1_36' title="bbox 543 2181 2130 2252">
    <p class='ocr_par' dir='ltr' id='par_1_36' title="bbox 543 2181 2130 2252">
     <span class='ocr_line' id='line_1_36' title="bbox 543 2181 2130 2252; baseline -0.001 -16"><span class='ocrx_word' id='word_1_251' title='bbox 543 2184 878 2239; x_wconf 76' lang='lat' dir='ltr'><strong>voluntatem</strong></span> <span class='ocrx_word' id='word_1_252' title='bbox 912 2192 1092 2251; x_wconf 89' lang='lat' dir='ltr'><strong>tuam;</strong></span> <span class='ocrx_word' id='word_1_253' title='bbox 1126 2183 1450 2250; x_wconf 88' lang='lat' dir='ltr'><strong>utjudicent</strong></span> <span class='ocrx_word' id='word_1_254' title='bbox 1489 2182 1773 2252; x_wconf 80' lang='lat' dir='ltr'><strong>injustitia</strong></span> <span class='ocrx_word' id='word_1_255' title='bbox 1806 2191 1861 2237; x_wconf 90' lang='lat' dir='ltr'><strong>et</strong></span> <span class='ocrx_word' id='word_1_256' title='bbox 1904 2181 2130 2238; x_wconf 78' lang='lat' dir='ltr'><strong>rectitu-</strong></span> 
     </span>
    </p>
   </div>
   <div class='ocr_carea' id='block_1_37' title="bbox 543 2272 2127 2345">
    <p class='ocr_par' dir='ltr' id='par_1_37' title="bbox 543 2272 2127 2345">
     <span class='ocr_line' id='line_1_37' title="bbox 543 2272 2127 2345; baseline -0.001 -16"><span class='ocrx_word' id='word_1_257' title='bbox 543 2274 693 2342; x_wconf 89' lang='lat' dir='ltr'><strong>dine,</strong></span> <span class='ocrx_word' id='word_1_258' title='bbox 721 2284 774 2330; x_wconf 93' lang='lat' dir='ltr'><strong>et</strong></span> <span class='ocrx_word' id='word_1_259' title='bbox 802 2283 1028 2345; x_wconf 86' lang='lat' dir='ltr'><strong>pascant</strong></span> <span class='ocrx_word' id='word_1_260' title='bbox 1071 2274 1295 2345; x_wconf 90' lang='lat' dir='ltr'><strong>populos</strong></span> <span class='ocrx_word' id='word_1_261' title='bbox 1339 2282 1461 2331; x_wconf 89' lang='lat' dir='ltr'><strong>tuos</strong></span> <span class='ocrx_word' id='word_1_262' title='bbox 1505 2275 1558 2329; x_wconf 90' lang='lat' dir='ltr'><strong>in</strong></span> <span class='ocrx_word' id='word_1_263' title='bbox 1604 2274 1881 2344; x_wconf 65' lang='lat' dir='ltr'><strong>aequitate.</strong></span> <span class='ocrx_word' id='word_1_264' title='bbox 1927 2272 2127 2328; x_wconf 89' lang='lat' dir='ltr'><strong>Custo-</strong></span> 
     </span>
    </p>
   </div>
   <div class='ocr_carea' id='block_1_38' title="bbox 544 2363 2124 2436">
    <p class='ocr_par' dir='ltr' id='par_1_38' title="bbox 544 2363 2124 2436">
     <span class='ocr_line' id='line_1_38' title="bbox 544 2363 2124 2436; baseline -0.002 -17"><span class='ocrx_word' id='word_1_265' title='bbox 544 2366 740 2423; x_wconf 79' lang='lat' dir='ltr'><strong>dicndo</strong></span> <span class='ocrx_word' id='word_1_266' title='bbox 784 2367 994 2421; x_wconf 90' lang='lat' dir='ltr'><strong>custodi</strong></span> <span class='ocrx_word' id='word_1_267' title='bbox 1026 2367 1190 2422; x_wconf 90' lang='lat' dir='ltr'><strong>etiam</strong></span> <span class='ocrx_word' id='word_1_268' title='bbox 1220 2380 1411 2420; x_wconf 86' lang='lat' dir='ltr'><strong>omnes</strong></span> <span class='ocrx_word' id='word_1_269' title='bbox 1450 2365 1756 2436; x_wconf 88' lang='lat' dir='ltr'><strong>episcopos,</strong></span> <span class='ocrx_word' id='word_1_270' title='bbox 1788 2363 2124 2427; x_wconf 78' lang='lat' dir='ltr'><strong>sacerdotes,</strong></span> 
     </span>
    </p>
   </div>
   <div class='ocr_carea' id='block_1_39' title="bbox 541 2456 2179 2525">
    <p class='ocr_par' dir='ltr' id='par_1_39' title="bbox 541 2456 2179 2525">
     <span class='ocr_line' id='line_1_39' title="bbox 541 2456 2179 2525; baseline -0.002 -15"><span class='ocrx_word' id='word_1_271' title='bbox 541 2467 596 2510; x_wconf 88' lang='lat' dir='ltr'><strong>et</strong></span> <span class='ocrx_word' id='word_1_272' title='bbox 617 2457 875 2512; x_wconf 87' lang='lat' dir='ltr'><strong>diaconos</strong></span> <span class='ocrx_word' id='word_1_273' title='bbox 917 2466 1078 2513; x_wconf 63' lang='lat' dir='ltr'><strong>rectae</strong></span> <span class='ocrx_word' id='word_1_274' title='bbox 1105 2458 1250 2525; x_wconf 88' lang='lat' dir='ltr'><strong>ﬁdei,</strong></span> <span class='ocrx_word' id='word_1_275' title='bbox 1281 2465 1335 2511; x_wconf 92' lang='lat' dir='ltr'><strong>et</strong></span> <span class='ocrx_word' id='word_1_276' title='bbox 1376 2471 1563 2512; x_wconf 88' lang='lat' dir='ltr'><strong>omnes</strong></span> <span class='ocrx_word' id='word_1_277' title='bbox 1592 2456 1897 2512; x_wconf 84' lang='lat' dir='ltr'><strong>conformes</strong></span> <span class='ocrx_word' id='word_1_278' title='bbox 1925 2463 2125 2509; x_wconf 79' lang='lat' dir='ltr'><strong>sancta:</strong></span> <span class='ocrx_word' id='word_1_279' title='bbox 2168 2490 2179 2499; x_wconf 65' lang='grc' dir='ltr'><strong>ι</strong></span> 
     </span>
    </p>
   </div>
   <div class='ocr_carea' id='block_1_40' title="bbox 541 2547 2124 2621">
    <p class='ocr_par' dir='ltr' id='par_1_40' title="bbox 541 2547 2124 2621">
     <span class='ocr_line' id='line_1_40' title="bbox 541 2547 2124 2621; baseline 0 -20"><span class='ocrx_word' id='word_1_280' title='bbox 541 2561 599 2602; x_wconf 76' lang='lat' dir='ltr'><strong>ct</strong></span> <span class='ocrx_word' id='word_1_281' title='bbox 632 2550 804 2604; x_wconf 63' lang='lat' dir='ltr'><strong>unica:</strong></span> <span class='ocrx_word' id='word_1_282' title='bbox 851 2548 1103 2604; x_wconf 68' lang='lat' dir='ltr'><strong>Ecclesia:</strong></span> <span class='ocrx_word' id='word_1_283' title='bbox 1145 2564 1266 2619; x_wconf 66' lang='lat' dir='ltr'><strong>quae</strong></span> <span class='ocrx_word' id='word_1_284' title='bbox 1292 2557 1376 2605; x_wconf 90' lang='lat' dir='ltr'><strong>est</strong></span> <span class='ocrx_word' id='word_1_285' title='bbox 1419 2549 1766 2621; x_wconf 77' lang='lat' dir='ltr'><strong>congregatio</strong></span> <span class='ocrx_word' id='word_1_286' title='bbox 1791 2547 2124 2619; x_wconf 83' lang='lat' dir='ltr'><strong>apostolica;</strong></span> 
     </span>
    </p>
   </div>
   <div class='ocr_carea' id='block_1_41' title="bbox 544 2640 2128 2711">
    <p class='ocr_par' dir='ltr' id='par_1_41' title="bbox 544 2640 2128 2711">
     <span class='ocr_line' id='line_1_41' title="bbox 544 2640 2128 2711; baseline -0.001 -17"><span class='ocrx_word' id='word_1_287' title='bbox 544 2642 820 2696; x_wconf 90' lang='lat' dir='ltr'><strong>orationes</strong></span> <span class='ocrx_word' id='word_1_288' title='bbox 851 2656 981 2697; x_wconf 87' lang='lat' dir='ltr'><strong>vero</strong></span> <span class='ocrx_word' id='word_1_289' title='bbox 1008 2657 1143 2711; x_wconf 91' lang='lat' dir='ltr'><strong>quas</strong></span> <span class='ocrx_word' id='word_1_290' title='bbox 1187 2657 1285 2711; x_wconf 89' lang='lat' dir='ltr'><strong>pro</strong></span> <span class='ocrx_word' id='word_1_291' title='bbox 1330 2641 1484 2697; x_wconf 87' lang='lat' dir='ltr'><strong>nobis</strong></span> <span class='ocrx_word' id='word_1_292' title='bbox 1530 2650 1586 2697; x_wconf 87' lang='lat' dir='ltr'><strong>et</strong></span> <span class='ocrx_word' id='word_1_293' title='bbox 1611 2656 1710 2711; x_wconf 90' lang='lat' dir='ltr'><strong>pro</strong></span> <span class='ocrx_word' id='word_1_294' title='bbox 1739 2640 2004 2695; x_wconf 90' lang='lat' dir='ltr'><strong>universis</strong></span> <span class='ocrx_word' id='word_1_295' title='bbox 2033 2654 2128 2709; x_wconf 77' lang='grc' dir='ltr'><strong>ρο·</strong></span> 
     </span>
    </p>
   </div>
   <div class='ocr_carea' id='block_1_42' title="bbox 540 2730 2127 2803">
    <p class='ocr_par' dir='ltr' id='par_1_42' title="bbox 540 2730 2127 2803">
     <span class='ocr_line' id='line_1_42' title="bbox 540 2730 2127 2803; baseline 0 -18"><span class='ocrx_word' id='word_1_296' title='bbox 540 2731 685 2803; x_wconf 87' lang='lat' dir='ltr'><strong>pulis</strong></span> <span class='ocrx_word' id='word_1_297' title='bbox 713 2733 819 2787; x_wconf 91' lang='lat' dir='ltr'><strong>tuis</strong></span> <span class='ocrx_word' id='word_1_298' title='bbox 846 2732 1065 2797; x_wconf 80' lang='lat' dir='ltr'><strong>faciunt,</strong></span> <span class='ocrx_word' id='word_1_299' title='bbox 1097 2743 1317 2802; x_wconf 83' lang='lat' dir='ltr'><strong>accepta</strong></span> <span class='ocrx_word' id='word_1_300' title='bbox 1350 2733 1404 2787; x_wconf 91' lang='lat' dir='ltr'><strong>in</strong></span> <span class='ocrx_word' id='word_1_301' title='bbox 1435 2731 1760 2788; x_wconf 86' lang='lat' dir='ltr'><strong>sacriﬁcium</strong></span> <span class='ocrx_word' id='word_1_302' title='bbox 1786 2740 1943 2786; x_wconf 92' lang='lat' dir='ltr'><strong>tuum</strong></span> <span class='ocrx_word' id='word_1_303' title='bbox 1971 2730 2127 2785; x_wconf 84' lang='lat' dir='ltr'><strong>altis-</strong></span> 
     </span>
    </p>
   </div>
   <div class='ocr_carea' id='block_1_43' title="bbox 541 2822 2127 2891">
    <p class='ocr_par' dir='ltr' id='par_1_43' title="bbox 541 2822 2127 2891">
     <span class='ocr_line' id='line_1_43' title="bbox 541 2822 2127 2891; baseline -0.003 -12"><span class='ocrx_word' id='word_1_304' title='bbox 541 2824 739 2879; x_wconf 89' lang='lat' dir='ltr'><strong>simum</strong></span> <span class='ocrx_word' id='word_1_305' title='bbox 790 2825 844 2879; x_wconf 89' lang='lat' dir='ltr'><strong>in</strong></span> <span class='ocrx_word' id='word_1_306' title='bbox 890 2824 1056 2880; x_wconf 88' lang='lat' dir='ltr'><strong>odore</strong></span> <span class='ocrx_word' id='word_1_307' title='bbox 1094 2826 1237 2880; x_wconf 89' lang='lat' dir='ltr'><strong>bono</strong></span> <span class='ocrx_word' id='word_1_308' title='bbox 1263 2824 1584 2891; x_wconf 87' lang='lat' dir='ltr'><strong>suavitatis,</strong></span> <span class='ocrx_word' id='word_1_309' title='bbox 1622 2831 1679 2877; x_wconf 90' lang='lat' dir='ltr'><strong>et</strong></span> <span class='ocrx_word' id='word_1_310' title='bbox 1718 2837 1911 2878; x_wconf 90' lang='lat' dir='ltr'><strong>omnes</strong></span> <span class='ocrx_word' id='word_1_311' title='bbox 1939 2822 2127 2877; x_wconf 85' lang='lat' dir='ltr'><strong>hostes</strong></span> 
     </span>
    </p>
   </div>
   <div class='ocr_carea' id='block_1_44' title="bbox 543 2914 2125 2987">
    <p class='ocr_par' dir='ltr' id='par_1_44' title="bbox 543 2914 2125 2987">
     <span class='ocr_line' id='line_1_44' title="bbox 543 2914 2125 2987; baseline 0 -19"><span class='ocrx_word' id='word_1_312' title='bbox 543 2925 597 2969; x_wconf 93' lang='lat' dir='ltr'><strong>et</strong></span> <span class='ocrx_word' id='word_1_313' title='bbox 628 2915 968 2973; x_wconf 80' lang='lat' dir='ltr'><strong>adversarios</strong></span> <span class='ocrx_word' id='word_1_314' title='bbox 995 2931 1181 2972; x_wconf 89' lang='lat' dir='ltr'><strong>eormn</strong></span> <span class='ocrx_word' id='word_1_315' title='bbox 1213 2916 1437 2987; x_wconf 85' lang='lat' dir='ltr'><strong>dissipa,</strong></span> <span class='ocrx_word' id='word_1_316' title='bbox 1467 2924 1524 2971; x_wconf 91' lang='lat' dir='ltr'><strong>et</strong></span> <span class='ocrx_word' id='word_1_317' title='bbox 1567 2914 1850 2984; x_wconf 80' lang='lat' dir='ltr'><strong>confringe</strong></span> <span class='ocrx_word' id='word_1_318' title='bbox 1894 2914 1996 2968; x_wconf 90' lang='lat' dir='ltr'><strong>sub</strong></span> <span class='ocrx_word' id='word_1_319' title='bbox 2028 2928 2125 2982; x_wconf 87' lang='lat' dir='ltr'><strong>pc-</strong></span> 
     </span>
    </p>
   </div>
   <div class='ocr_carea' id='block_1_45' title="bbox 540 3003 2123 3075">
    <p class='ocr_par' dir='ltr' id='par_1_45' title="bbox 540 3003 2123 3075">
     <span class='ocr_line' id='line_1_45' title="bbox 540 3003 2123 3075; baseline -0.001 -17"><span class='ocrx_word' id='word_1_320' title='bbox 540 3005 701 3060; x_wconf 86' lang='lat' dir='ltr'><strong>dibus</strong></span> <span class='ocrx_word' id='word_1_321' title='bbox 735 3022 921 3061; x_wconf 88' lang='lat' dir='ltr'><strong>eorum</strong></span> <span class='ocrx_word' id='word_1_322' title='bbox 963 3007 1240 3062; x_wconf 81' lang='lat' dir='ltr'><strong>velociter.</strong></span> <span class='ocrx_word' id='word_1_323' title='bbox 1270 3006 1419 3075; x_wconf 88' lang='lat' dir='ltr'><strong>Ipsos</strong></span> <span class='ocrx_word' id='word_1_324' title='bbox 1456 3021 1583 3060; x_wconf 88' lang='lat' dir='ltr'><strong>vero</strong></span> <span class='ocrx_word' id='word_1_325' title='bbox 1610 3004 1824 3060; x_wconf 79' lang='lat' dir='ltr'><strong>custodi</strong></span> <span class='ocrx_word' id='word_1_326' title='bbox 1859 3003 2021 3059; x_wconf 87' lang='lat' dir='ltr'><strong>nobis</strong></span> <span class='ocrx_word' id='word_1_327' title='bbox 2071 3004 2123 3057; x_wconf 88' lang='lat' dir='ltr'><strong>in</strong></span> 
     </span>
    </p>
   </div>
   <div class='ocr_carea' id='block_1_46' title="bbox 541 3093 1701 3167">
    <p class='ocr_par' dir='ltr' id='par_1_46' title="bbox 541 3093 1701 3167">
     <span class='ocr_line' id='line_1_46' title="bbox 541 3093 1701 3167; baseline 0.003 -20"><span class='ocrx_word' id='word_1_328' title='bbox 541 3093 754 3164; x_wconf 85' lang='lat' dir='ltr'><strong>justitia</strong></span> <span class='ocrx_word' id='word_1_329' title='bbox 785 3107 838 3151; x_wconf 92' lang='lat' dir='ltr'><strong>et</strong></span> <span class='ocrx_word' id='word_1_330' title='bbox 871 3112 1000 3167; x_wconf 89' lang='lat' dir='ltr'><strong>pace</strong></span> <span class='ocrx_word' id='word_1_331' title='bbox 1030 3097 1082 3150; x_wconf 93' lang='lat' dir='ltr'><strong>in</strong></span> <span class='ocrx_word' id='word_1_332' title='bbox 1106 3096 1350 3151; x_wconf 87' lang='lat' dir='ltr'><strong>Ecclesia</strong></span> <span class='ocrx_word' id='word_1_333' title='bbox 1376 3102 1561 3151; x_wconf 89' lang='lat' dir='ltr'><strong>sancta</strong></span> <span class='ocrx_word' id='word_1_334' title='bbox 1591 3104 1701 3150; x_wconf 88' lang='lat' dir='ltr'><strong>tua.</strong></span> 
     </span>
    </p>
   </div>
   <div class='ocr_carea' id='block_1_47' title="bbox 1056 3184 1586 3259">
    <p class='ocr_par' dir='ltr' id='par_1_47' title="bbox 1056 3184 1586 3259">
     <span class='ocr_line' id='line_1_47' title="bbox 1056 3184 1586 3259; baseline 0.004 -21"><span class='ocrx_word' id='word_1_335' title='bbox 1056 3254 1067 3259; x_wconf 23' lang='grc' dir='ltr'>Ἰ</span> <span class='ocrx_word' id='word_1_336' title='bbox 1098 3184 1205 3240; x_wconf 87' lang='lat' dir='ltr'><strong>Pro</strong></span> <span class='ocrx_word' id='word_1_337' title='bbox 1242 3186 1586 3257; x_wconf 77' lang='lat' dir='ltr'><strong>congregatis.</strong></span> 
     </span>
    </p>
   </div>
   <div class='ocr_carea' id='block_1_48' title="bbox 620 3276 2127 3348">
    <p class='ocr_par' dir='ltr' id='par_1_48' title="bbox 620 3276 2127 3348">
     <span class='ocr_line' id='line_1_48' title="bbox 620 3276 2127 3348; baseline -0.003 -16"><span class='ocrx_word' id='word_1_338' title='bbox 620 3276 880 3333; x_wconf 81' lang='lat' dir='ltr'><strong>Sacerdos</strong></span> <span class='ocrx_word' id='word_1_339' title='bbox 907 3279 1033 3332; x_wconf 82' lang='lat' dir='ltr'><strong>dicit</strong></span> <span class='ocrx_word' id='word_1_340' title='bbox 1065 3295 1082 3332; x_wconf 91' lang='lat'><strong><em>:</em></strong></span> <span class='ocrx_word' id='word_1_341' title='bbox 1108 3278 1174 3332; x_wconf 83' lang='lat' dir='ltr'><strong>Et</strong></span> <span class='ocrx_word' id='word_1_342' title='bbox 1199 3278 1674 3348; x_wconf 68' lang='lat' dir='ltr'><strong>iterum&#39;rogemus</strong></span> <span class='ocrx_word' id='word_1_343' title='bbox 1698 3277 2127 3347; x_wconf 87' lang='lat' dir='ltr'><strong>omnipotentem</strong></span> 
     </span>
    </p>
   </div>
   <div class='ocr_carea' id='block_1_49' title="bbox 550 3366 2131 3434">
    <p class='ocr_par' dir='ltr' id='par_1_49' title="bbox 550 3366 2131 3434">
     <span class='ocr_line' id='line_1_49' title="bbox 550 3366 2131 3434; baseline -0.001 -13"><span class='ocrx_word' id='word_1_344' title='bbox 550 3369 741 3434; x_wconf 82' lang='lat' dir='ltr'><strong>Deum,</strong></span> <span class='ocrx_word' id='word_1_345' title='bbox 771 3369 986 3424; x_wconf 82' lang='lat' dir='ltr'><strong>Patrem</strong></span> <span class='ocrx_word' id='word_1_346' title='bbox 1020 3369 1251 3433; x_wconf 88' lang='lat' dir='ltr'><strong>Domini,</strong></span> <span class='ocrx_word' id='word_1_347' title='bbox 1292 3378 1346 3422; x_wconf 88' lang='lat' dir='ltr'><strong>et</strong></span> <span class='ocrx_word' id='word_1_348' title='bbox 1393 3368 1510 3434; x_wconf 89' lang='lat' dir='ltr'><strong>Dei,</strong></span> <span class='ocrx_word' id='word_1_349' title='bbox 1542 3383 1605 3423; x_wconf 92' lang='lat' dir='ltr'><strong>ac</strong></span> <span class='ocrx_word' id='word_1_350' title='bbox 1634 3366 1934 3421; x_wconf 81' lang='lat' dir='ltr'><strong>Salvatoris</strong></span> <span class='ocrx_word' id='word_1_351' title='bbox 1961 3366 2131 3420; x_wconf 88' lang='lat' dir='ltr'><strong>nostri</strong></span> 
     </span>
    </p>
   </div>
   <div class='ocr_carea' id='block_1_50' title="bbox 545 3458 2128 3531">
    <p class='ocr_par' dir='ltr' id='par_1_50' title="bbox 545 3458 2128 3531">
     <span class='ocr_line' id='line_1_50' title="bbox 545 3458 2128 3531; baseline -0.004 -15"><span class='ocrx_word' id='word_1_352' title='bbox 545 3461 672 3516; x_wconf 85' lang='lat' dir='ltr'><strong>Jcsu</strong></span> <span class='ocrx_word' id='word_1_353' title='bbox 702 3460 922 3517; x_wconf 88' lang='lat' dir='ltr'><strong>Christi.</strong></span> <span class='ocrx_word' id='word_1_354' title='bbox 954 3461 1255 3528; x_wconf 83' lang='lat' dir='ltr'><strong>Quaerimus</strong></span> <span class='ocrx_word' id='word_1_355' title='bbox 1282 3468 1337 3514; x_wconf 85' lang='lat' dir='ltr'><strong>et</strong></span> <span class='ocrx_word' id='word_1_356' title='bbox 1381 3475 1636 3531; x_wconf 86' lang='lat' dir='ltr'><strong>rogamus</strong></span> <span class='ocrx_word' id='word_1_357' title='bbox 1672 3475 1700 3513; x_wconf 91' lang='lat' dir='ltr'><strong>a</strong></span> <span class='ocrx_word' id='word_1_358' title='bbox 1744 3458 1986 3514; x_wconf 84' lang='lat' dir='ltr'><strong>bonitate</strong></span> <span class='ocrx_word' id='word_1_359' title='bbox 2017 3466 2128 3519; x_wconf 88' lang='lat' dir='ltr'><strong>tua,</strong></span> 
     </span>
    </p>
   </div>
   <div class='ocr_carea' id='block_1_51' title="bbox 546 3551 2131 3619">
    <p class='ocr_par' dir='ltr' id='par_1_51' title="bbox 546 3551 2131 3619">
     <span class='ocr_line' id='line_1_51' title="bbox 546 3551 2131 3619; baseline -0.001 -14"><span class='ocrx_word' id='word_1_360' title='bbox 546 3567 581 3605; x_wconf 87' lang='grc' dir='ltr'><strong>ο</strong></span> <span class='ocrx_word' id='word_1_361' title='bbox 617 3562 826 3607; x_wconf 89' lang='lat' dir='ltr'><strong>amator</strong></span> <span class='ocrx_word' id='word_1_362' title='bbox 870 3551 1170 3608; x_wconf 86' lang='lat' dir='ltr'><strong>hominum.</strong></span> <span class='ocrx_word' id='word_1_363' title='bbox 1200 3551 1530 3616; x_wconf 80' lang='lat' dir='ltr'><strong>Recordare,</strong></span> <span class='ocrx_word' id='word_1_364' title='bbox 1561 3551 1809 3617; x_wconf 89' lang='lat' dir='ltr'><strong>Domine,</strong></span> <span class='ocrx_word' id='word_1_365' title='bbox 1838 3563 2131 3619; x_wconf 79' lang='lat' dir='ltr'><strong>congrega-</strong></span> 
     </span>
    </p>
   </div>
   <div class='ocr_carea' id='block_1_52' title="bbox 546 3641 1400 3705">
    <p class='ocr_par' dir='ltr' id='par_1_52' title="bbox 546 3641 1400 3705">
     <span class='ocr_line' id='line_1_52' title="bbox 546 3641 1400 3705; baseline 0.002 -11"><span class='ocrx_word' id='word_1_366' title='bbox 546 3642 709 3696; x_wconf 89' lang='lat' dir='ltr'><strong>tionis</strong></span> <span class='ocrx_word' id='word_1_367' title='bbox 730 3648 950 3705; x_wconf 72' lang='lat' dir='ltr'><strong>nostrze,</strong></span> <span class='ocrx_word' id='word_1_368' title='bbox 981 3648 1038 3697; x_wconf 87' lang='lat' dir='ltr'><strong>et</strong></span> <span class='ocrx_word' id='word_1_369' title='bbox 1062 3641 1292 3696; x_wconf 85' lang='lat' dir='ltr'><strong>benedic</strong></span> <span class='ocrx_word' id='word_1_370' title='bbox 1327 3642 1400 3697; x_wconf 92' lang='lat' dir='ltr'><strong>ei.</strong></span> 
     </span>
    </p>
   </div>
   <div class='ocr_carea' id='block_1_53' title="bbox 618 3732 2132 3803">
    <p class='ocr_par' dir='ltr' id='par_1_53' title="bbox 618 3732 2132 3803">
     <span class='ocr_line' id='line_1_53' title="bbox 618 3732 2132 3803; baseline -0.002 -16"><span class='ocrx_word' id='word_1_371' title='bbox 618 3732 887 3788; x_wconf 81' lang='lat' dir='ltr'><strong>Diacomts</strong></span> <span class='ocrx_word' id='word_1_372' title='bbox 913 3734 1040 3788; x_wconf 87' lang='lat' dir='ltr'><strong>dicit</strong></span> <span class='ocrx_word' id='word_1_373' title='bbox 1066 3750 1085 3787; x_wconf 91' lang='lat'><em>:</em></span> <span class='ocrx_word' id='word_1_374' title='bbox 1117 3733 1284 3788; x_wconf 87' lang='lat' dir='ltr'><strong>Orate</strong></span> <span class='ocrx_word' id='word_1_375' title='bbox 1307 3750 1406 3803; x_wconf 88' lang='lat' dir='ltr'><strong>pro</strong></span> <span class='ocrx_word' id='word_1_376' title='bbox 1440 3733 1539 3788; x_wconf 89' lang='lat' dir='ltr'><strong>bac</strong></span> <span class='ocrx_word' id='word_1_377' title='bbox 1577 3732 1807 3788; x_wconf 84' lang='lat' dir='ltr'><strong>ecclesia</strong></span> <span class='ocrx_word' id='word_1_378' title='bbox 1838 3740 2050 3799; x_wconf 82' lang='lat' dir='ltr'><strong>sancta,</strong></span> <span class='ocrx_word' id='word_1_379' title='bbox 2076 3739 2132 3785; x_wconf 92' lang='lat' dir='ltr'><strong>et</strong></span> 
     </span>
    </p>
   </div>
   <div class='ocr_carea' id='block_1_54' title="bbox 546 3824 1629 3894">
    <p class='ocr_par' dir='ltr' id='par_1_54' title="bbox 546 3824 1629 3894">
     <span class='ocr_line' id='line_1_54' title="bbox 546 3824 1629 3894; baseline 0 -18"><span class='ocrx_word' id='word_1_380' title='bbox 546 3831 735 3878; x_wconf 78' lang='lat' dir='ltr'><strong>nostra</strong></span> <span class='ocrx_word' id='word_1_381' title='bbox 761 3825 1177 3894; x_wconf 87' lang='lat' dir='ltr'><strong>congregatione</strong></span> <span class='ocrx_word' id='word_1_382' title='bbox 1203 3840 1324 3894; x_wconf 72' lang='lat' dir='ltr'><strong>qua:</strong></span> <span class='ocrx_word' id='word_1_383' title='bbox 1350 3824 1405 3878; x_wconf 90' lang='lat' dir='ltr'><strong>in</strong></span> <span class='ocrx_word' id='word_1_384' title='bbox 1436 3837 1499 3878; x_wconf 89' lang='lat' dir='ltr'><strong>ea</strong></span> <span class='ocrx_word' id='word_1_385' title='bbox 1525 3832 1629 3877; x_wconf 57' lang='lat' dir='ltr'><strong>est.</strong></span> 
     </span>
    </p>
   </div>
   <div class='ocr_carea' id='block_1_55' title="bbox 617 3912 2131 3985">
    <p class='ocr_par' dir='ltr' id='par_1_55' title="bbox 617 3912 2131 3985">
     <span class='ocr_line' id='line_1_55' title="bbox 617 3912 2131 3985; baseline 0.001 -18"><span class='ocrx_word' id='word_1_386' title='bbox 617 3912 861 3985; x_wconf 79' lang='lat' dir='ltr'><strong>Populus</strong></span> <span class='ocrx_word' id='word_1_387' title='bbox 905 3915 1032 3969; x_wconf 84' lang='lat' dir='ltr'><strong>dicit</strong></span> <span class='ocrx_word' id='word_1_388' title='bbox 1060 3931 1077 3969; x_wconf 92' lang='lat'><strong><em>:</em></strong></span> <span class='ocrx_word' id='word_1_389' title='bbox 1107 3916 1340 3971; x_wconf 86' lang='lat' dir='ltr'><strong>Benedic</strong></span> <span class='ocrx_word' id='word_1_390' title='bbox 1369 3915 1774 3985; x_wconf 82' lang='lat' dir='ltr'><strong>congregationi</strong></span> <span class='ocrx_word' id='word_1_391' title='bbox 1807 3924 2029 3981; x_wconf 65' lang='lat' dir='ltr'><strong>nostrae,</strong></span> <span class='ocrx_word' id='word_1_392' title='bbox 2076 3923 2131 3968; x_wconf 90' lang='lat' dir='ltr'><strong>et</strong></span> 
     </span>
    </p>
   </div>
   <div class='ocr_carea' id='block_1_56' title="bbox 542 4006 1167 4077">
    <p class='ocr_par' dir='ltr' id='par_1_56' title="bbox 542 4006 1167 4077">
     <span class='ocr_line' id='line_1_56' title="bbox 542 4006 1167 4077; baseline 0 -17"><span class='ocrx_word' id='word_1_393' title='bbox 542 4006 756 4063; x_wconf 83' lang='lat' dir='ltr'><strong>custodi</strong></span> <span class='ocrx_word' id='word_1_394' title='bbox 786 4021 904 4061; x_wconf 90' lang='lat' dir='ltr'><strong>eam</strong></span> <span class='ocrx_word' id='word_1_395' title='bbox 933 4007 987 4060; x_wconf 92' lang='lat' dir='ltr'><strong>in</strong></span> <span class='ocrx_word' id='word_1_396' title='bbox 1014 4023 1167 4077; x_wconf 90' lang='lat' dir='ltr'><strong>pace.</strong></span> 
     </span>
    </p>
   </div>
   <div class='ocr_carea' id='block_1_57' title="bbox 613 4099 2131 4171">
    <p class='ocr_par' dir='ltr' id='par_1_57' title="bbox 613 4099 2131 4171">
     <span class='ocr_line' id='line_1_57' title="bbox 613 4099 2131 4171; baseline 0.001 -18"><span class='ocrx_word' id='word_1_397' title='bbox 613 4099 882 4155; x_wconf 77' lang='lat' dir='ltr'><strong>Diaconos</strong></span> <span class='ocrx_word' id='word_1_398' title='bbox 931 4100 1058 4153; x_wconf 82' lang='lat' dir='ltr'><strong>dicit</strong></span> <span class='ocrx_word' id='word_1_399' title='bbox 1104 4114 1124 4152; x_wconf 87' lang='lat'><strong><em>:</em></strong></span> <span class='ocrx_word' id='word_1_400' title='bbox 1172 4100 1227 4154; x_wconf 93' lang='lat' dir='ltr'><strong>ln</strong></span> <span class='ocrx_word' id='word_1_401' title='bbox 1279 4099 1546 4171; x_wconf 88' lang='lat' dir='ltr'><strong>sapientia</strong></span> <span class='ocrx_word' id='word_1_402' title='bbox 1597 4100 1809 4156; x_wconf 88' lang='lat' dir='ltr'><strong>Domini</strong></span> <span class='ocrx_word' id='word_1_403' title='bbox 1856 4100 2019 4156; x_wconf 86' lang='lat' dir='ltr'><strong>dicite</strong></span> <span class='ocrx_word' id='word_1_404' title='bbox 2075 4109 2131 4168; x_wconf 82' lang='lat' dir='ltr'><strong>et</strong></span> 
     </span>
    </p>
   </div>
   <div class='ocr_carea' id='block_1_58' title="bbox 541 4190 1235 4245">
    <p class='ocr_par' dir='ltr' id='par_1_58' title="bbox 541 4190 1235 4245">
     <span class='ocr_line' id='line_1_58' title="bbox 541 4190 1235 4245; baseline 0.001 -1"><span class='ocrx_word' id='word_1_405' title='bbox 541 4190 720 4245; x_wconf 84' lang='lat' dir='ltr'><strong>canite</strong></span> <span class='ocrx_word' id='word_1_406' title='bbox 749 4191 1054 4245; x_wconf 81' lang='lat' dir='ltr'><strong>ora:ionem</strong></span> <span class='ocrx_word' id='word_1_407' title='bbox 1092 4190 1235 4245; x_wconf 86' lang='lat' dir='ltr'><strong>ﬁdei.</strong></span> 
     </span>
    </p>
   </div>
   <div class='ocr_carea' id='block_1_59' title="bbox 615 4279 2127 4349">
    <p class='ocr_par' dir='ltr' id='par_1_59' title="bbox 615 4279 2127 4349">
     <span class='ocr_line' id='line_1_59' title="bbox 615 4279 2127 4349; baseline 0.003 -16"><span class='ocrx_word' id='word_1_408' title='bbox 615 4279 856 4336; x_wconf 71' lang='lat' dir='ltr'><strong>Populus</strong></span> <span class='ocrx_word' id='word_1_409' title='bbox 900 4281 1027 4334; x_wconf 84' lang='lat' dir='ltr'><strong>dicit</strong></span> <span class='ocrx_word' id='word_1_410' title='bbox 1070 4294 1090 4335; x_wconf 91' lang='lat'><strong><em>:</em></strong></span> <span class='ocrx_word' id='word_1_411' title='bbox 1135 4281 1310 4337; x_wconf 86' lang='lat' dir='ltr'><strong>Credo</strong></span> <span class='ocrx_word' id='word_1_412' title='bbox 1356 4283 1409 4336; x_wconf 90' lang='lat' dir='ltr'><strong>in</strong></span> <span class='ocrx_word' id='word_1_413' title='bbox 1466 4299 1632 4337; x_wconf 89' lang='lat' dir='ltr'><strong>unum</strong></span> <span class='ocrx_word' id='word_1_414' title='bbox 1677 4282 1879 4349; x_wconf 89' lang='lat' dir='ltr'><strong>Deum,</strong></span> <span class='ocrx_word' id='word_1_415' title='bbox 1907 4283 2127 4338; x_wconf 88' lang='lat' dir='ltr'><strong>Patrem</strong></span> 
     </span>
    </p>
   </div>
   <div class='ocr_carea' id='block_1_60' title="bbox 540 4371 2129 4441">
    <p class='ocr_par' dir='ltr' id='par_1_60' title="bbox 540 4371 2129 4441">
     <span class='ocr_line' id='line_1_60' title="bbox 540 4371 2129 4441; baseline 0.001 -15"><span class='ocrx_word' id='word_1_416' title='bbox 540 4371 990 4441; x_wconf 87' lang='lat' dir='ltr'><strong>omnipotentem,</strong></span> <span class='ocrx_word' id='word_1_417' title='bbox 1021 4371 1282 4428; x_wconf 81' lang='lat' dir='ltr'><strong>factorem</strong></span> <span class='ocrx_word' id='word_1_418' title='bbox 1323 4373 1445 4428; x_wconf 71' lang='lat' dir='ltr'><strong>caeli</strong></span> <span class='ocrx_word' id='word_1_419' title='bbox 1494 4382 1547 4429; x_wconf 91' lang='lat' dir='ltr'><strong>et</strong></span> <span class='ocrx_word' id='word_1_420' title='bbox 1600 4384 1783 4438; x_wconf 68' lang='lat' dir='ltr'><strong>terrae,</strong></span> <span class='ocrx_word' id='word_1_421' title='bbox 1830 4374 2129 4429; x_wconf 87' lang='lat' dir='ltr'><strong>visibilium</strong></span> 
     </span>
    </p>
   </div>
   <div class='ocr_carea' id='block_1_61' title="bbox 543 4463 2126 4521">
    <p class='ocr_par' dir='ltr' id='par_1_61' title="bbox 543 4463 2126 4521">
     <span class='ocr_line' id='line_1_61' title="bbox 543 4463 2126 4521; baseline 0.003 -5"><span class='ocrx_word' id='word_1_422' title='bbox 543 4463 785 4518; x_wconf 87' lang='lat' dir='ltr'><strong>omnium</strong></span> <span class='ocrx_word' id='word_1_423' title='bbox 814 4473 870 4519; x_wconf 88' lang='lat' dir='ltr'><strong>et</strong></span> <span class='ocrx_word' id='word_1_424' title='bbox 900 4464 1269 4520; x_wconf 88' lang='lat' dir='ltr'><strong>invisibilium.</strong></span> <span class='ocrx_word' id='word_1_425' title='bbox 1301 4464 1369 4519; x_wconf 87' lang='lat' dir='ltr'><strong>Et</strong></span> <span class='ocrx_word' id='word_1_426' title='bbox 1414 4466 1467 4520; x_wconf 89' lang='lat' dir='ltr'><strong>in</strong></span> <span class='ocrx_word' id='word_1_427' title='bbox 1516 4481 1680 4521; x_wconf 91' lang='lat' dir='ltr'><strong>unum</strong></span> <span class='ocrx_word' id='word_1_428' title='bbox 1711 4467 1997 4521; x_wconf 90' lang='lat' dir='ltr'><strong>Dominum</strong></span> <span class='ocrx_word' id='word_1_429' title='bbox 2031 4465 2126 4521; x_wconf 79' lang='lat' dir='ltr'><strong>Je-</strong></span> 
     </span>
    </p>
   </div>
   <div class='ocr_carea' id='block_1_62' title="bbox 2234 1904 3817 1975">
    <p class='ocr_par' dir='ltr' id='par_1_62' title="bbox 2234 1904 3817 1975">
     <span class='ocr_line' id='line_1_62' title="bbox 2234 1904 3817 1975; baseline -0.002 -15"><span class='ocrx_word' id='word_1_430' title='bbox 2234 1905 2492 1974; x_wconf 85' lang='lat' dir='ltr'><strong>ciantque</strong></span> <span class='ocrx_word' id='word_1_431' title='bbox 2538 1919 2757 1960; x_wconf 87' lang='lat' dir='ltr'><strong>onmem</strong></span> <span class='ocrx_word' id='word_1_432' title='bbox 2803 1904 3136 1960; x_wconf 79' lang='lat' dir='ltr'><strong>voluntatem</strong></span> <span class='ocrx_word' id='word_1_433' title='bbox 3186 1916 3366 1971; x_wconf 88' lang='lat' dir='ltr'><strong>tuam,</strong></span> <span class='ocrx_word' id='word_1_434' title='bbox 3411 1920 3513 1975; x_wconf 81' lang='lat' dir='ltr'><strong>per</strong></span> <span class='ocrx_word' id='word_1_435' title='bbox 3558 1904 3817 1975; x_wconf 81' lang='lat' dir='ltr'><strong>gratiam,</strong></span> 
     </span>
    </p>
   </div>
   <div class='ocr_carea' id='block_1_63' title="bbox 2234 1997 3815 2068">
    <p class='ocr_par' dir='ltr' id='par_1_63' title="bbox 2234 1997 3815 2068">
     <span class='ocr_line' id='line_1_63' title="bbox 2234 1997 3815 2068; baseline 0 -16"><span class='ocrx_word' id='word_1_436' title='bbox 2234 1997 2646 2068; x_wconf 89' lang='lat' dir='ltr'><strong>benignitatem,</strong></span> <span class='ocrx_word' id='word_1_437' title='bbox 2679 2012 2745 2053; x_wconf 87' lang='lat' dir='ltr'><strong>ac</strong></span> <span class='ocrx_word' id='word_1_438' title='bbox 2774 2012 3012 2053; x_wconf 87' lang='lat' dir='ltr'><strong>amorem</strong></span> <span class='ocrx_word' id='word_1_439' title='bbox 3063 1998 3314 2053; x_wconf 87' lang='lat' dir='ltr'><strong>homines</strong></span> <span class='ocrx_word' id='word_1_440' title='bbox 3359 1997 3486 2052; x_wconf 83' lang='lat' dir='ltr'><strong>Filii</strong></span> <span class='ocrx_word' id='word_1_441' title='bbox 3521 1999 3600 2053; x_wconf 92' lang='lat' dir='ltr'><strong>tui</strong></span> <span class='ocrx_word' id='word_1_442' title='bbox 3634 1999 3815 2067; x_wconf 76' lang='lat' dir='ltr'><strong>unige-</strong></span> 
     </span>
    </p>
   </div>
   <div class='ocr_carea' id='block_1_64' title="bbox 2232 2088 3815 2154">
    <p class='ocr_par' dir='ltr' id='par_1_64' title="bbox 2232 2088 3815 2154">
     <span class='ocr_line' id='line_1_64' title="bbox 2232 2088 3815 2154; baseline -0.001 -10"><span class='ocrx_word' id='word_1_443' title='bbox 2232 2089 2328 2144; x_wconf 90' lang='lat' dir='ltr'><strong>niti</strong></span> <span class='ocrx_word' id='word_1_444' title='bbox 2379 2089 2591 2145; x_wconf 86' lang='lat' dir='ltr'><strong>Domini</strong></span> <span class='ocrx_word' id='word_1_445' title='bbox 2640 2089 2759 2154; x_wconf 88' lang='lat' dir='ltr'><strong>Dei,</strong></span> <span class='ocrx_word' id='word_1_446' title='bbox 2805 2098 2862 2145; x_wconf 92' lang='lat' dir='ltr'><strong>et</strong></span> <span class='ocrx_word' id='word_1_447' title='bbox 2907 2088 3208 2146; x_wconf 78' lang='lat' dir='ltr'><strong>Salvatoris</strong></span> <span class='ocrx_word' id='word_1_448' title='bbox 3234 2090 3404 2146; x_wconf 90' lang='lat' dir='ltr'><strong>nostri</strong></span> <span class='ocrx_word' id='word_1_449' title='bbox 3431 2088 3565 2145; x_wconf 79' lang='lat' dir='ltr'><strong>Jesu</strong></span> <span class='ocrx_word' id='word_1_450' title='bbox 3597 2088 3815 2152; x_wconf 81' lang='lat' dir='ltr'><strong>Christi;</strong></span> 
     </span>
    </p>
   </div>
   <div class='ocr_carea' id='block_1_65' title="bbox 2231 2180 3816 2252">
    <p class='ocr_par' dir='ltr' id='par_1_65' title="bbox 2231 2180 3816 2252">
     <span class='ocr_line' id='line_1_65' title="bbox 2231 2180 3816 2252; baseline -0.001 -15"><span class='ocrx_word' id='word_1_451' title='bbox 2231 2183 2342 2248; x_wconf 87' lang='lat' dir='ltr'><strong>cui,</strong></span> <span class='ocrx_word' id='word_1_452' title='bbox 2393 2191 2449 2239; x_wconf 92' lang='lat' dir='ltr'><strong>et</strong></span> <span class='ocrx_word' id='word_1_453' title='bbox 2491 2183 2628 2249; x_wconf 89' lang='lat' dir='ltr'><strong>tibi,</strong></span> <span class='ocrx_word' id='word_1_454' title='bbox 2691 2196 2755 2237; x_wconf 89' lang='lat' dir='ltr'><strong>ac</strong></span> <span class='ocrx_word' id='word_1_455' title='bbox 2801 2180 3029 2249; x_wconf 88' lang='lat' dir='ltr'><strong>Spiritui</strong></span> <span class='ocrx_word' id='word_1_456' title='bbox 3083 2190 3272 2238; x_wconf 83' lang='lat' dir='ltr'><strong>sancto</strong></span> <span class='ocrx_word' id='word_1_457' title='bbox 3318 2182 3392 2237; x_wconf 88' lang='lat' dir='ltr'><strong>sit</strong></span> <span class='ocrx_word' id='word_1_458' title='bbox 3422 2181 3601 2252; x_wconf 84' lang='lat' dir='ltr'><strong>gloria</strong></span> <span class='ocrx_word' id='word_1_459' title='bbox 3646 2189 3702 2235; x_wconf 84' lang='lat' dir='ltr'><strong>et</strong></span> <span class='ocrx_word' id='word_1_460' title='bbox 3736 2197 3816 2251; x_wconf 84' lang='lat' dir='ltr'><strong>po-</strong></span> 
     </span>
    </p>
   </div>
   <div class='ocr_carea' id='block_1_66' title="bbox 2233 2268 3815 2344">
    <p class='ocr_par' dir='ltr' id='par_1_66' title="bbox 2233 2268 3815 2344">
     <span class='ocr_line' id='line_1_66' title="bbox 2233 2268 3815 2344; baseline -0.001 -17"><span class='ocrx_word' id='word_1_461' title='bbox 2233 2274 2427 2341; x_wconf 88' lang='lat' dir='ltr'><strong>tentia,</strong></span> <span class='ocrx_word' id='word_1_462' title='bbox 2472 2288 2615 2329; x_wconf 89' lang='lat' dir='ltr'><strong>nunc</strong></span> <span class='ocrx_word' id='word_1_463' title='bbox 2665 2283 2721 2329; x_wconf 92' lang='lat' dir='ltr'><strong>et</strong></span> <span class='ocrx_word' id='word_1_464' title='bbox 2766 2287 3005 2344; x_wconf 88' lang='lat' dir='ltr'><strong>semper,</strong></span> <span class='ocrx_word' id='word_1_465' title='bbox 3053 2283 3110 2327; x_wconf 93' lang='lat' dir='ltr'><strong>et</strong></span> <span class='ocrx_word' id='word_1_466' title='bbox 3154 2273 3208 2328; x_wconf 89' lang='lat' dir='ltr'><strong>in</strong></span> <span class='ocrx_word' id='word_1_467' title='bbox 3240 2271 3439 2327; x_wconf 63' lang='lat' dir='ltr'><strong>saecula</strong></span> <span class='ocrx_word' id='word_1_468' title='bbox 3482 2268 3815 2327; x_wconf 68' lang='lat' dir='ltr'><strong>saeculorum.</strong></span> 
     </span>
    </p>
   </div>
   <div class='ocr_carea' id='block_1_67' title="bbox 2229 2366 2660 2421">
    <p class='ocr_par' dir='ltr' id='par_1_67' title="bbox 2229 2366 2660 2421">
     <span class='ocr_line' id='line_1_67' title="bbox 2229 2366 2660 2421; baseline 0.002 -1"><span class='ocrx_word' id='word_1_469' title='bbox 2229 2366 2425 2420; x_wconf 81' lang='lat' dir='ltr'><strong>Anien.</strong></span> <span class='ocrx_word' id='word_1_470' title='bbox 2657 2419 2660 2421; x_wconf 16' lang='grc' dir='ltr'><strong>Α</strong></span> 
     </span>
    </p>
   </div>
   <div class='ocr_carea' id='block_1_68' title="bbox 2306 2457 3488 2529">
    <p class='ocr_par' dir='ltr' id='par_1_68' title="bbox 2306 2457 3488 2529">
     <span class='ocr_line' id='line_1_68' title="bbox 2306 2457 3488 2529; baseline 0 -19"><span class='ocrx_word' id='word_1_471' title='bbox 2306 2457 2491 2512; x_wconf 81' lang='lat' dir='ltr'><strong>Oratio</strong></span> <span class='ocrx_word' id='word_1_472' title='bbox 2510 2474 2603 2526; x_wconf 84' lang='lat' dir='ltr'><strong>pro</strong></span> <span class='ocrx_word' id='word_1_473' title='bbox 2626 2473 2755 2529; x_wconf 78' lang='lat' dir='ltr'><strong>pace</strong></span> <span class='ocrx_word' id='word_1_474' title='bbox 2771 2458 3019 2528; x_wconf 79' lang='lat' dir='ltr'><strong>perfecta,</strong></span> <span class='ocrx_word' id='word_1_475' title='bbox 3046 2457 3289 2513; x_wconf 77' lang='lat' dir='ltr'><strong>sacerdos</strong></span> <span class='ocrx_word' id='word_1_476' title='bbox 3314 2457 3488 2512; x_wconf 85' lang='lat' dir='ltr'><strong>dicit:</strong></span> 
     </span>
    </p>
   </div>
   <div class='ocr_carea' id='block_1_69' title="bbox 2304 2548 3812 2621">
    <p class='ocr_par' dir='ltr' id='par_1_69' title="bbox 2304 2548 3812 2621">
     <span class='ocr_line' id='line_1_69' title="bbox 2304 2548 3812 2621; baseline -0.001 -18"><span class='ocrx_word' id='word_1_477' title='bbox 2304 2548 2526 2621; x_wconf 76' lang='lat' dir='ltr'><strong>Magnus</strong></span> <span class='ocrx_word' id='word_1_478' title='bbox 2570 2559 2621 2605; x_wconf 92' lang='lat' dir='ltr'><strong>et</strong></span> <span class='ocrx_word' id='word_1_479' title='bbox 2661 2558 2900 2605; x_wconf 64' lang='lat' dir='ltr'><strong>aeternus</strong></span> <span class='ocrx_word' id='word_1_480' title='bbox 2927 2549 3186 2605; x_wconf 89' lang='lat' dir='ltr'><strong>Dominus</strong></span> <span class='ocrx_word' id='word_1_481' title='bbox 3212 2548 3506 2619; x_wconf 86' lang='lat' dir='ltr'><strong>psalmavit</strong></span> <span class='ocrx_word' id='word_1_482' title='bbox 3552 2549 3812 2605; x_wconf 82' lang='lat' dir='ltr'><strong>hominem</strong></span> 
     </span>
    </p>
   </div>
   <div class='ocr_carea' id='block_1_70' title="bbox 2234 2638 3810 2711">
    <p class='ocr_par' dir='ltr' id='par_1_70' title="bbox 2234 2638 3810 2711">
     <span class='ocr_line' id='line_1_70' title="bbox 2234 2638 3810 2711; baseline 0.001 -17"><span class='ocrx_word' id='word_1_483' title='bbox 2234 2639 2670 2706; x_wconf 82' lang='lat' dir='ltr'><strong>immaculatum,</strong></span> <span class='ocrx_word' id='word_1_484' title='bbox 2699 2640 3191 2710; x_wconf 88' lang='lat' dir='ltr'><strong>incorruptibilem.</strong></span> <span class='ocrx_word' id='word_1_485' title='bbox 3214 2638 3359 2695; x_wconf 79' lang='lat' dir='ltr'><strong>Mors</strong></span> <span class='ocrx_word' id='word_1_486' title='bbox 3378 2650 3563 2695; x_wconf 87' lang='lat' dir='ltr'><strong>autem</strong></span> <span class='ocrx_word' id='word_1_487' title='bbox 3584 2641 3810 2711; x_wconf 75' lang='lat' dir='ltr'><strong>ingressa</strong></span> 
     </span>
    </p>
   </div>
   <div class='ocr_carea' id='block_1_71' title="bbox 2229 2730 3810 2801">
    <p class='ocr_par' dir='ltr' id='par_1_71' title="bbox 2229 2730 3810 2801">
     <span class='ocr_line' id='line_1_71' title="bbox 2229 2730 3810 2801; baseline 0.004 -17"><span class='ocrx_word' id='word_1_488' title='bbox 2229 2740 2315 2785; x_wconf 85' lang='lat' dir='ltr'><strong>est</strong></span> <span class='ocrx_word' id='word_1_489' title='bbox 2344 2746 2375 2785; x_wconf 89' lang='lat' dir='ltr'><strong>a</strong></span> <span class='ocrx_word' id='word_1_490' title='bbox 2406 2732 2678 2801; x_wconf 88' lang='lat' dir='ltr'><strong>principio</strong></span> <span class='ocrx_word' id='word_1_491' title='bbox 2706 2733 2761 2787; x_wconf 89' lang='lat' dir='ltr'><strong>in</strong></span> <span class='ocrx_word' id='word_1_492' title='bbox 2799 2733 3058 2788; x_wconf 86' lang='lat' dir='ltr'><strong>mundum</strong></span> <span class='ocrx_word' id='word_1_493' title='bbox 3088 2734 3159 2788; x_wconf 88' lang='lat' dir='ltr'><strong>ob</strong></span> <span class='ocrx_word' id='word_1_494' title='bbox 3185 2732 3444 2787; x_wconf 87' lang='lat' dir='ltr'><strong>invidiam</strong></span> <span class='ocrx_word' id='word_1_495' title='bbox 3472 2731 3695 2788; x_wconf 86' lang='lat' dir='ltr'><strong>diaboli.</strong></span> <span class='ocrx_word' id='word_1_496' title='bbox 3724 2730 3810 2791; x_wconf 76' lang='grc' dir='ltr'><strong>τυ,</strong></span> 
     </span>
    </p>
   </div>
   <div class='ocr_carea' id='block_1_72' title="bbox 2233 2821 3808 2896">
    <p class='ocr_par' dir='ltr' id='par_1_72' title="bbox 2233 2821 3808 2896">
     <span class='ocr_line' id='line_1_72' title="bbox 2233 2821 3808 2896; baseline -0.004 -18"><span class='ocrx_word' id='word_1_497' title='bbox 2233 2824 2485 2889; x_wconf 76' lang='lat' dir='ltr'><strong>Domine,</strong></span> <span class='ocrx_word' id='word_1_498' title='bbox 2523 2823 2764 2894; x_wconf 89' lang='lat' dir='ltr'><strong>eripuisti</strong></span> <span class='ocrx_word' id='word_1_499' title='bbox 2811 2825 2919 2878; x_wconf 85' lang='lat' dir='ltr'><strong>vim</strong></span> <span class='ocrx_word' id='word_1_500' title='bbox 2972 2824 3090 2896; x_wconf 87' lang='lat' dir='ltr'><strong>ejus</strong></span> <span class='ocrx_word' id='word_1_501' title='bbox 3116 2838 3214 2894; x_wconf 88' lang='lat' dir='ltr'><strong>per</strong></span> <span class='ocrx_word' id='word_1_502' title='bbox 3243 2824 3533 2878; x_wconf 84' lang='lat' dir='ltr'><strong>adventum</strong></span> <span class='ocrx_word' id='word_1_503' title='bbox 3564 2821 3808 2891; x_wconf 82' lang='lat' dir='ltr'><strong>unigeniti</strong></span> 
     </span>
    </p>
   </div>
   <div class='ocr_carea' id='block_1_73' title="bbox 2233 2915 3810 2976">
    <p class='ocr_par' dir='ltr' id='par_1_73' title="bbox 2233 2915 3810 2976">
     <span class='ocr_line' id='line_1_73' title="bbox 2233 2915 3810 2976; baseline -0.003 -2"><span class='ocrx_word' id='word_1_504' title='bbox 2233 2919 2355 2975; x_wconf 83' lang='lat' dir='ltr'><strong>Filii</strong></span> <span class='ocrx_word' id='word_1_505' title='bbox 2385 2921 2461 2975; x_wconf 89' lang='lat' dir='ltr'><strong>tui</strong></span> <span class='ocrx_word' id='word_1_506' title='bbox 2510 2921 2724 2976; x_wconf 88' lang='lat' dir='ltr'><strong>Domini</strong></span> <span class='ocrx_word' id='word_1_507' title='bbox 2770 2922 2862 2976; x_wconf 90' lang='lat' dir='ltr'><strong>Dei</strong></span> <span class='ocrx_word' id='word_1_508' title='bbox 2893 2925 2945 2976; x_wconf 86' lang='lat' dir='ltr'><strong>et</strong></span> <span class='ocrx_word' id='word_1_509' title='bbox 2989 2919 3289 2975; x_wconf 83' lang='lat' dir='ltr'><strong>Salvatoris</strong></span> <span class='ocrx_word' id='word_1_510' title='bbox 3317 2918 3488 2974; x_wconf 83' lang='lat' dir='ltr'><strong>nostri</strong></span> <span class='ocrx_word' id='word_1_511' title='bbox 3517 2916 3648 2973; x_wconf 70' lang='lat' dir='ltr'><strong>Iesu</strong></span> <span class='ocrx_word' id='word_1_512' title='bbox 3672 2915 3810 2971; x_wconf 65' lang='lat' dir='ltr'><strong>Chri«</strong></span> 
     </span>
    </p>
   </div>
   <div class='ocr_carea' id='block_1_74' title="bbox 2232 3009 3807 3083">
    <p class='ocr_par' dir='ltr' id='par_1_74' title="bbox 2232 3009 3807 3083">
     <span class='ocr_line' id='line_1_74' title="bbox 2232 3009 3807 3083; baseline -0.003 -16"><span class='ocrx_word' id='word_1_513' title='bbox 2232 3013 2324 3077; x_wconf 79' lang='lat' dir='ltr'><strong>sti,</strong></span> <span class='ocrx_word' id='word_1_514' title='bbox 2352 3022 2408 3067; x_wconf 91' lang='lat' dir='ltr'><strong>et</strong></span> <span class='ocrx_word' id='word_1_515' title='bbox 2445 3013 2736 3083; x_wconf 79' lang='lat' dir='ltr'><strong>implevisti</strong></span> <span class='ocrx_word' id='word_1_516' title='bbox 2786 3023 2952 3068; x_wconf 91' lang='lat' dir='ltr'><strong>totam</strong></span> <span class='ocrx_word' id='word_1_517' title='bbox 2984 3023 3187 3068; x_wconf 88' lang='lat' dir='ltr'><strong>terram</strong></span> <span class='ocrx_word' id='word_1_518' title='bbox 3218 3026 3350 3081; x_wconf 84' lang='lat' dir='ltr'><strong>pace</strong></span> <span class='ocrx_word' id='word_1_519' title='bbox 3383 3019 3498 3065; x_wconf 92' lang='lat' dir='ltr'><strong>tua.</strong></span> <span class='ocrx_word' id='word_1_520' title='bbox 3530 3009 3807 3080; x_wconf 76' lang='lat' dir='ltr'><strong>Propterea</strong></span> 
     </span>
    </p>
   </div>
   <div class='ocr_carea' id='block_1_75' title="bbox 2232 3101 3807 3177">
    <p class='ocr_par' dir='ltr' id='par_1_75' title="bbox 2232 3101 3807 3177">
     <span class='ocr_line' id='line_1_75' title="bbox 2232 3101 3807 3177; baseline -0.004 -15"><span class='ocrx_word' id='word_1_521' title='bbox 2232 3106 2482 3162; x_wconf 75' lang='lat' dir='ltr'><strong>cmlestes</strong></span> <span class='ocrx_word' id='word_1_522' title='bbox 2529 3107 2768 3177; x_wconf 85' lang='lat' dir='ltr'><strong>legiones</strong></span> <span class='ocrx_word' id='word_1_523' title='bbox 2813 3104 3034 3162; x_wconf 90' lang='lat' dir='ltr'><strong>laudant</strong></span> <span class='ocrx_word' id='word_1_524' title='bbox 3088 3114 3143 3160; x_wconf 90' lang='lat' dir='ltr'><strong>te</strong></span> <span class='ocrx_word' id='word_1_525' title='bbox 3182 3105 3466 3161; x_wconf 88' lang='lat' dir='ltr'><strong>dicentes:</strong></span> <span class='ocrx_word' id='word_1_526' title='bbox 3503 3101 3686 3158; x_wconf 78' lang='lat' dir='ltr'><strong>Gloria</strong></span> <span class='ocrx_word' id='word_1_527' title='bbox 3716 3103 3807 3155; x_wconf 84' lang='lat' dir='ltr'><strong>Do-</strong></span> 
     </span>
    </p>
   </div>
   <div class='ocr_carea' id='block_1_76' title="bbox 2160 3185 3810 3266">
    <p class='ocr_par' dir='ltr' id='par_1_76' title="bbox 2160 3185 3810 3266">
     <span class='ocr_line' id='line_1_76' title="bbox 2160 3185 3810 3266; baseline -0.001 -20"><span class='ocrx_word' id='word_1_528' title='bbox 2160 3185 2204 3246; x_wconf 89' lang='lat' dir='ltr'><strong>C</strong></span> <span class='ocrx_word' id='word_1_529' title='bbox 2238 3199 2384 3252; x_wconf 69' lang='lat' dir='ltr'><strong>mino</strong></span> <span class='ocrx_word' id='word_1_530' title='bbox 2412 3198 2466 3251; x_wconf 88' lang='lat' dir='ltr'><strong>in</strong></span> <span class='ocrx_word' id='word_1_531' title='bbox 2497 3197 2651 3252; x_wconf 74' lang='lat' dir='ltr'><strong>ctelis</strong></span> <span class='ocrx_word' id='word_1_532' title='bbox 2675 3237 2689 3261; x_wconf 95' lang='lat'><strong>,</strong></span> <span class='ocrx_word' id='word_1_533' title='bbox 2721 3205 2777 3252; x_wconf 90' lang='lat' dir='ltr'><strong>et</strong></span> <span class='ocrx_word' id='word_1_534' title='bbox 2803 3212 2906 3266; x_wconf 80' lang='lat' dir='ltr'><strong>pax</strong></span> <span class='ocrx_word' id='word_1_535' title='bbox 2938 3198 2993 3251; x_wconf 92' lang='lat' dir='ltr'><strong>in</strong></span> <span class='ocrx_word' id='word_1_536' title='bbox 3039 3206 3184 3252; x_wconf 90' lang='lat' dir='ltr'><strong>terra</strong></span> <span class='ocrx_word' id='word_1_537' title='bbox 3213 3193 3529 3251; x_wconf 87' lang='lat' dir='ltr'><strong>hominibus</strong></span> <span class='ocrx_word' id='word_1_538' title='bbox 3557 3193 3705 3249; x_wconf 50' lang='lat' dir='ltr'><strong>bona</strong></span> <span class='ocrx_word' id='word_1_539' title='bbox 3728 3207 3810 3246; x_wconf 80' lang='lat' dir='ltr'><strong>vo-</strong></span> 
     </span>
    </p>
   </div>
   <div class='ocr_carea' id='block_1_77' title="bbox 2240 3285 2487 3339">
    <p class='ocr_par' dir='ltr' id='par_1_77' title="bbox 2240 3285 2487 3339">
     <span class='ocr_line' id='line_1_77' title="bbox 2240 3285 2487 3339; baseline -0.004 -1"><span class='ocrx_word' id='word_1_540' title='bbox 2240 3285 2487 3339; x_wconf 85' lang='lat' dir='ltr'><strong>lunlatis.</strong></span> 
     </span>
    </p>
   </div>
   <div class='ocr_carea' id='block_1_78' title="bbox 2304 3369 3806 3443">
    <p class='ocr_par' dir='ltr' id='par_1_78' title="bbox 2304 3369 3806 3443">
     <span class='ocr_line' id='line_1_78' title="bbox 2304 3369 3806 3443; baseline -0.005 -16"><span class='ocrx_word' id='word_1_541' title='bbox 2304 3373 2569 3428; x_wconf 81' lang='lat' dir='ltr'><strong>Diaromts</strong></span> <span class='ocrx_word' id='word_1_542' title='bbox 2599 3374 2725 3427; x_wconf 88' lang='lat' dir='ltr'><strong>dicit</strong></span> <span class='ocrx_word' id='word_1_543' title='bbox 2755 3390 2775 3428; x_wconf 90' lang='lat'><strong><em>:</em></strong></span> <span class='ocrx_word' id='word_1_544' title='bbox 2809 3371 2974 3429; x_wconf 89' lang='lat' dir='ltr'><strong>Orate</strong></span> <span class='ocrx_word' id='word_1_545' title='bbox 3000 3388 3100 3443; x_wconf 91' lang='lat' dir='ltr'><strong>pro</strong></span> <span class='ocrx_word' id='word_1_546' title='bbox 3145 3383 3279 3442; x_wconf 89' lang='lat' dir='ltr'><strong>pace</strong></span> <span class='ocrx_word' id='word_1_547' title='bbox 3323 3369 3566 3442; x_wconf 82' lang='lat' dir='ltr'><strong>perlecta</strong></span> <span class='ocrx_word' id='word_1_548' title='bbox 3594 3378 3650 3426; x_wconf 89' lang='lat' dir='ltr'><strong>et</strong></span> <span class='ocrx_word' id='word_1_549' title='bbox 3678 3383 3806 3423; x_wconf 72' lang='lat' dir='ltr'><strong>ama-</strong></span> 
     </span>
    </p>
   </div>
   <div class='ocr_carea' id='block_1_79' title="bbox 2233 3461 3794 3535">
    <p class='ocr_par' dir='ltr' id='par_1_79' title="bbox 2233 3461 3794 3535">
     <span class='ocr_line' id='line_1_79' title="bbox 2233 3461 3794 3535; baseline -0.006 -13"><span class='ocrx_word' id='word_1_550' title='bbox 2233 3466 2324 3522; x_wconf 87' lang='lat' dir='ltr'><strong>bili</strong></span> <span class='ocrx_word' id='word_1_551' title='bbox 2366 3482 2427 3521; x_wconf 85' lang='lat' dir='ltr'><strong>ac</strong></span> <span class='ocrx_word' id='word_1_552' title='bbox 2476 3466 2755 3522; x_wconf 73' lang='lat' dir='ltr'><strong>salutifera</strong></span> <span class='ocrx_word' id='word_1_553' title='bbox 2788 3474 2844 3521; x_wconf 90' lang='lat' dir='ltr'><strong>et</strong></span> <span class='ocrx_word' id='word_1_554' title='bbox 2869 3464 3166 3535; x_wconf 76' lang='lat' dir='ltr'><strong>apostolica</strong></span> <span class='ocrx_word' id='word_1_555' title='bbox 3205 3481 3219 3516; x_wconf 86' lang='lat'><strong>:</strong></span> <span class='ocrx_word' id='word_1_556' title='bbox 3253 3463 3499 3519; x_wconf 83' lang='lat' dir='ltr'><strong>Salutate</strong></span> <span class='ocrx_word' id='word_1_557' title='bbox 3546 3476 3644 3515; x_wconf 90' lang='lat' dir='ltr'><strong>vos</strong></span> <span class='ocrx_word' id='word_1_558' title='bbox 3681 3461 3794 3515; x_wconf 79' lang='lat' dir='ltr'><strong>invi-</strong></span> 
     </span>
    </p>
   </div>
   <div class='ocr_carea' id='block_1_80' title="bbox 2232 3550 3796 3624">
    <p class='ocr_par' dir='ltr' id='par_1_80' title="bbox 2232 3550 3796 3624">
     <span class='ocr_line' id='line_1_80' title="bbox 2232 3550 3796 3624; baseline -0.01 -9"><span class='ocrx_word' id='word_1_559' title='bbox 2232 3573 2370 3615; x_wconf 86' lang='lat' dir='ltr'><strong>cem.</strong></span> <span class='ocrx_word' id='word_1_560' title='bbox 2418 3555 2519 3624; x_wconf 87' lang='lat' dir='ltr'><strong>Qui</strong></span> <span class='ocrx_word' id='word_1_561' title='bbox 2565 3557 2970 3613; x_wconf 84' lang='lat' dir='ltr'><strong>communicare</strong></span> <span class='ocrx_word' id='word_1_562' title='bbox 3015 3572 3120 3610; x_wconf 86' lang='lat' dir='ltr'><strong>non</strong></span> <span class='ocrx_word' id='word_1_563' title='bbox 3172 3553 3354 3617; x_wconf 83' lang='lat' dir='ltr'><strong>vultis,</strong></span> <span class='ocrx_word' id='word_1_564' title='bbox 3402 3554 3682 3609; x_wconf 84' lang='lat' dir='ltr'><strong>discedite.</strong></span> <span class='ocrx_word' id='word_1_565' title='bbox 3716 3550 3796 3617; x_wconf 78' lang='lat' dir='ltr'><strong>Qui</strong></span> 
     </span>
    </p>
   </div>
   <div class='ocr_carea' id='block_1_81' title="bbox 2233 3643 3797 3716">
    <p class='ocr_par' dir='ltr' id='par_1_81' title="bbox 2233 3643 3797 3716">
     <span class='ocr_line' id='line_1_81' title="bbox 2233 3643 3797 3716; baseline -0.004 -15"><span class='ocrx_word' id='word_1_566' title='bbox 2233 3656 2412 3702; x_wconf 79' lang='lat' dir='ltr'><strong>autem</strong></span> <span class='ocrx_word' id='word_1_567' title='bbox 2449 3645 2611 3701; x_wconf 85' lang='lat' dir='ltr'><strong>vultis</strong></span> <span class='ocrx_word' id='word_1_568' title='bbox 2637 3646 3060 3713; x_wconf 88' lang='lat' dir='ltr'><strong>communicare,</strong></span> <span class='ocrx_word' id='word_1_569' title='bbox 3091 3644 3481 3716; x_wconf 87' lang='lat' dir='ltr'><strong>amplectimini</strong></span> <span class='ocrx_word' id='word_1_570' title='bbox 3515 3643 3734 3698; x_wconf 87' lang='lat' dir='ltr'><strong>invicem</strong></span> <span class='ocrx_word' id='word_1_571' title='bbox 3757 3643 3797 3695; x_wconf 85' lang='lat' dir='ltr'><strong>in</strong></span> 
     </span>
    </p>
   </div>
   <div class='ocr_carea' id='block_1_82' title="bbox 2230 3737 3797 3811">
    <p class='ocr_par' dir='ltr' id='par_1_82' title="bbox 2230 3737 3797 3811">
     <span class='ocr_line' id='line_1_82' title="bbox 2230 3737 3797 3811; baseline -0.003 -17"><span class='ocrx_word' id='word_1_572' title='bbox 2230 3739 2565 3811; x_wconf 84' lang='lat' dir='ltr'><strong>plenitudine</strong></span> <span class='ocrx_word' id='word_1_573' title='bbox 2594 3738 2794 3794; x_wconf 88' lang='lat' dir='ltr'><strong>cordis.</strong></span> <span class='ocrx_word' id='word_1_574' title='bbox 2845 3738 2946 3805; x_wconf 87' lang='lat' dir='ltr'><strong>Qui</strong></span> <span class='ocrx_word' id='word_1_575' title='bbox 2976 3738 3343 3794; x_wconf 87' lang='lat' dir='ltr'><strong>communicat</strong></span> <span class='ocrx_word' id='word_1_576' title='bbox 3379 3737 3651 3793; x_wconf 89' lang='lat' dir='ltr'><strong>custodiat</strong></span> <span class='ocrx_word' id='word_1_577' title='bbox 3692 3750 3744 3791; x_wconf 83' lang='lat' dir='ltr'><strong>se</strong></span> <span class='ocrx_word' id='word_1_578' title='bbox 3773 3746 3797 3783; x_wconf 72' lang='grc' dir='ltr'><strong>ι</strong></span> 
     </span>
    </p>
   </div>
   <div class='ocr_carea' id='block_1_83' title="bbox 2236 3832 2401 3888">
    <p class='ocr_par' dir='ltr' id='par_1_83' title="bbox 2236 3832 2401 3888">
     <span class='ocr_line' id='line_1_83' title="bbox 2236 3832 2401 3888; baseline -0.012 0"><span class='ocrx_word' id='word_1_579' title='bbox 2236 3832 2401 3888; x_wconf 87' lang='lat' dir='ltr'><strong>malo.</strong></span> 
     </span>
    </p>
   </div>
   <div class='ocr_carea' id='block_1_84' title="bbox 2302 3917 3797 3990">
    <p class='ocr_par' dir='ltr' id='par_1_84' title="bbox 2302 3917 3797 3990">
     <span class='ocr_line' id='line_1_84' title="bbox 2302 3917 3797 3990; baseline -0.007 -11"><span class='ocrx_word' id='word_1_580' title='bbox 2302 3923 2562 3979; x_wconf 79' lang='lat' dir='ltr'><strong>Sacerdos</strong></span> <span class='ocrx_word' id='word_1_581' title='bbox 2589 3924 2716 3977; x_wconf 87' lang='lat' dir='ltr'><strong>dicit</strong></span> <span class='ocrx_word' id='word_1_582' title='bbox 2750 3939 2768 3979; x_wconf 93' lang='lat'><strong><em>:</em></strong></span> <span class='ocrx_word' id='word_1_583' title='bbox 2812 3921 2857 3979; x_wconf 92' lang='grc'>0</span> <span class='ocrx_word' id='word_1_584' title='bbox 2897 3922 3123 3978; x_wconf 89' lang='lat' dir='ltr'><strong>Domine</strong></span> <span class='ocrx_word' id='word_1_585' title='bbox 3153 3962 3169 3988; x_wconf 97' lang='lat'><strong>,</strong></span> <span class='ocrx_word' id='word_1_586' title='bbox 3223 3928 3293 3976; x_wconf 78' lang='lat' dir='ltr'><strong>ex</strong></span> <span class='ocrx_word' id='word_1_587' title='bbox 3341 3917 3686 3990; x_wconf 85' lang='lat' dir='ltr'><strong>beneplacite</strong></span> <span class='ocrx_word' id='word_1_588' title='bbox 3726 3924 3797 3969; x_wconf 78' lang='lat' dir='ltr'><strong>tuo</strong></span> 
     </span>
    </p>
   </div>
   <div class='ocr_carea' id='block_1_85' title="bbox 2231 4004 3793 4085">
    <p class='ocr_par' dir='ltr' id='par_1_85' title="bbox 2231 4004 3793 4085">
     <span class='ocr_line' id='line_1_85' title="bbox 2231 4004 3793 4085; baseline -0.007 -15"><span class='ocrx_word' id='word_1_589' title='bbox 2231 4014 2393 4085; x_wconf 88' lang='lat' dir='ltr'><strong>imple</strong></span> <span class='ocrx_word' id='word_1_590' title='bbox 2417 4015 2579 4070; x_wconf 80' lang='lat' dir='ltr'><strong>corda</strong></span> <span class='ocrx_word' id='word_1_591' title='bbox 2607 4024 2791 4070; x_wconf 88' lang='lat' dir='ltr'><strong>nostra</strong></span> <span class='ocrx_word' id='word_1_592' title='bbox 2823 4028 2957 4084; x_wconf 87' lang='lat' dir='ltr'><strong>pace</strong></span> <span class='ocrx_word' id='word_1_593' title='bbox 2985 4025 3073 4067; x_wconf 88' lang='lat' dir='ltr'><strong>tua</strong></span> <span class='ocrx_word' id='word_1_594' title='bbox 3094 4052 3109 4079; x_wconf 95' lang='lat'><strong>,</strong></span> <span class='ocrx_word' id='word_1_595' title='bbox 3139 4020 3195 4067; x_wconf 91' lang='lat' dir='ltr'><strong>et</strong></span> <span class='ocrx_word' id='word_1_596' title='bbox 3223 4011 3426 4066; x_wconf 86' lang='lat' dir='ltr'><strong>munda</strong></span> <span class='ocrx_word' id='word_1_597' title='bbox 3457 4025 3561 4066; x_wconf 89' lang='lat' dir='ltr'><strong>nos</strong></span> <span class='ocrx_word' id='word_1_598' title='bbox 3584 4008 3653 4064; x_wconf 87' lang='lat' dir='ltr'><strong>ab</strong></span> <span class='ocrx_word' id='word_1_599' title='bbox 3674 4004 3793 4061; x_wconf 83' lang='lat' dir='ltr'><strong>omni</strong></span> 
     </span>
    </p>
   </div>
   <div class='ocr_carea' id='block_1_86' title="bbox 2229 4100 3793 4176">
    <p class='ocr_par' dir='ltr' id='par_1_86' title="bbox 2229 4100 3793 4176">
     <span class='ocr_line' id='line_1_86' title="bbox 2229 4100 3793 4176; baseline -0.004 -16"><span class='ocrx_word' id='word_1_600' title='bbox 2229 4106 2371 4160; x_wconf 88' lang='lat' dir='ltr'><strong>mala</strong></span> <span class='ocrx_word' id='word_1_601' title='bbox 2401 4106 2727 4176; x_wconf 86' lang='lat' dir='ltr'><strong>cogitatione</strong></span> <span class='ocrx_word' id='word_1_602' title='bbox 2753 4115 2808 4160; x_wconf 91' lang='lat' dir='ltr'><strong>et</strong></span> <span class='ocrx_word' id='word_1_603' title='bbox 2852 4103 3219 4168; x_wconf 88' lang='lat' dir='ltr'><strong>immunditia,</strong></span> <span class='ocrx_word' id='word_1_604' title='bbox 3250 4111 3303 4156; x_wconf 88' lang='lat' dir='ltr'><strong>et</strong></span> <span class='ocrx_word' id='word_1_605' title='bbox 3336 4103 3406 4158; x_wconf 89' lang='lat' dir='ltr'><strong>ab</strong></span> <span class='ocrx_word' id='word_1_606' title='bbox 3442 4100 3595 4158; x_wconf 89' lang='lat' dir='ltr'><strong>omni</strong></span> <span class='ocrx_word' id='word_1_607' title='bbox 3623 4112 3793 4155; x_wconf 85' lang='lat' dir='ltr'><strong>metuo-</strong></span> 
     </span>
    </p>
   </div>
   <div class='ocr_carea' id='block_1_87' title="bbox 2230 4190 3791 4268">
    <p class='ocr_par' dir='ltr' id='par_1_87' title="bbox 2230 4190 3791 4268">
     <span class='ocr_line' id='line_1_87' title="bbox 2230 4190 3791 4268; baseline -0.006 -16"><span class='ocrx_word' id='word_1_608' title='bbox 2230 4198 2313 4252; x_wconf 85' lang='lat' dir='ltr'><strong>ria</strong></span> <span class='ocrx_word' id='word_1_609' title='bbox 2344 4197 2682 4268; x_wconf 73' lang='lat' dir='ltr'><strong>iniuriarum,</strong></span> <span class='ocrx_word' id='word_1_610' title='bbox 2713 4205 2768 4251; x_wconf 93' lang='lat' dir='ltr'><strong>et</strong></span> <span class='ocrx_word' id='word_1_611' title='bbox 2803 4197 2870 4251; x_wconf 88' lang='lat' dir='ltr'><strong>ab</strong></span> <span class='ocrx_word' id='word_1_612' title='bbox 2896 4196 3040 4250; x_wconf 91' lang='lat' dir='ltr'><strong>omni</strong></span> <span class='ocrx_word' id='word_1_613' title='bbox 3071 4194 3296 4259; x_wconf 84' lang='lat' dir='ltr'><strong>invidia,</strong></span> <span class='ocrx_word' id='word_1_614' title='bbox 3344 4201 3400 4249; x_wconf 87' lang='lat' dir='ltr'><strong>et</strong></span> <span class='ocrx_word' id='word_1_615' title='bbox 3446 4190 3791 4249; x_wconf 79' lang='lat' dir='ltr'><strong>recordatione</strong></span> 
     </span>
    </p>
   </div>
   <div class='ocr_carea' id='block_1_88' title="bbox 2231 4282 3791 4357">
    <p class='ocr_par' dir='ltr' id='par_1_88' title="bbox 2231 4282 3791 4357">
     <span class='ocr_line' id='line_1_88' title="bbox 2231 4282 3791 4357; baseline -0.005 -16"><span class='ocrx_word' id='word_1_616' title='bbox 2231 4287 2521 4353; x_wconf 89' lang='lat' dir='ltr'><strong>malorum,</strong></span> <span class='ocrx_word' id='word_1_617' title='bbox 2569 4302 2690 4357; x_wconf 74' lang='lat' dir='ltr'><strong>qua:</strong></span> <span class='ocrx_word' id='word_1_618' title='bbox 2715 4294 2942 4341; x_wconf 89' lang='lat' dir='ltr'><strong>mortem</strong></span> <span class='ocrx_word' id='word_1_619' title='bbox 2986 4284 3243 4341; x_wconf 80' lang='lat' dir='ltr'><strong>inferunt.</strong></span> <span class='ocrx_word' id='word_1_620' title='bbox 3275 4283 3321 4341; x_wconf 85' lang='grc' dir='ltr'>Ο</span> <span class='ocrx_word' id='word_1_621' title='bbox 3343 4284 3593 4347; x_wconf 89' lang='lat' dir='ltr'><strong>Domine,</strong></span> <span class='ocrx_word' id='word_1_622' title='bbox 3614 4282 3693 4337; x_wconf 79' lang='lat' dir='ltr'><strong>fac</strong></span> <span class='ocrx_word' id='word_1_623' title='bbox 3713 4293 3791 4333; x_wconf 83' lang='lat' dir='ltr'><strong>nos</strong></span> 
     </span>
    </p>
   </div>
   <div class='ocr_carea' id='block_1_89' title="bbox 2229 4372 3789 4448">
    <p class='ocr_par' dir='ltr' id='par_1_89' title="bbox 2229 4372 3789 4448">
     <span class='ocr_line' id='line_1_89' title="bbox 2229 4372 3789 4448; baseline -0.006 -13"><span class='ocrx_word' id='word_1_624' title='bbox 2229 4393 2392 4435; x_wconf 92' lang='lat' dir='ltr'><strong>omne</strong></span> <span class='ocrx_word' id='word_1_625' title='bbox 2420 4379 2612 4448; x_wconf 88' lang='lat' dir='ltr'><strong>dignos</strong></span> <span class='ocrx_word' id='word_1_626' title='bbox 2644 4387 2705 4432; x_wconf 93' lang='lat' dir='ltr'><strong>ut</strong></span> <span class='ocrx_word' id='word_1_627' title='bbox 2746 4378 3050 4433; x_wconf 86' lang='lat' dir='ltr'><strong>salutemur</strong></span> <span class='ocrx_word' id='word_1_628' title='bbox 3089 4376 3159 4431; x_wconf 91' lang='lat' dir='ltr'><strong>ad</strong></span> <span class='ocrx_word' id='word_1_629' title='bbox 3211 4376 3447 4431; x_wconf 87' lang='lat' dir='ltr'><strong>invicem</strong></span> <span class='ocrx_word' id='word_1_630' title='bbox 3493 4372 3789 4431; x_wconf 80' lang='lat' dir='ltr'><strong>salutatione</strong></span> 
     </span>
    </p>
   </div>
   <div class='ocr_carea' id='block_1_90' title="bbox 2231 4466 3789 4539">
    <p class='ocr_par' dir='ltr' id='par_1_90' title="bbox 2231 4466 3789 4539">
     <span class='ocr_line' id='line_1_90' title="bbox 2231 4466 3789 4539; baseline -0.006 -13"><span class='ocrx_word' id='word_1_631' title='bbox 2231 4479 2417 4526; x_wconf 84' lang='lat' dir='ltr'><strong>sancta</strong></span> <span class='ocrx_word' id='word_1_632' title='bbox 2445 4481 2502 4526; x_wconf 91' lang='lat' dir='ltr'><strong>et</strong></span> <span class='ocrx_word' id='word_1_633' title='bbox 2528 4471 2897 4535; x_wconf 87' lang='lat' dir='ltr'><strong>immaculata,</strong></span> <span class='ocrx_word' id='word_1_634' title='bbox 2941 4481 2993 4525; x_wconf 88' lang='lat' dir='ltr'><strong>et</strong></span> <span class='ocrx_word' id='word_1_635' title='bbox 3024 4469 3350 4538; x_wconf 88' lang='lat' dir='ltr'><strong>recipiamus</strong></span> <span class='ocrx_word' id='word_1_636' title='bbox 3391 4468 3514 4524; x_wconf 88' lang='lat' dir='ltr'><strong>sine</strong></span> <span class='ocrx_word' id='word_1_637' title='bbox 3535 4466 3726 4539; x_wconf 86' lang='lat' dir='ltr'><strong>judicio</strong></span> <span class='ocrx_word' id='word_1_638' title='bbox 3747 4470 3789 4516; x_wconf 88' lang='lat' dir='ltr'><strong>et</strong></span> 
     </span>
    </p>
   </div>
   <div class='ocr_carea' id='block_1_91' title="bbox 543 4536 3784 4630">
    <p class='ocr_par' dir='ltr' id='par_1_91' title="bbox 543 4536 3784 4630">
     <span class='ocr_line' id='line_1_91' title="bbox 543 4536 3784 4630; baseline -0 -21"><span class='ocrx_word' id='word_1_639' title='bbox 543 4570 661 4609; x_wconf 87' lang='lat' dir='ltr'><strong>sum</strong></span> <span class='ocrx_word' id='word_1_640' title='bbox 690 4555 969 4611; x_wconf 88' lang='lat' dir='ltr'><strong>Christum</strong></span> <span class='ocrx_word' id='word_1_641' title='bbox 993 4594 1009 4621; x_wconf 90' lang='lat'><strong>,</strong></span> <span class='ocrx_word' id='word_1_642' title='bbox 1036 4555 1232 4611; x_wconf 88' lang='lat' dir='ltr'><strong>Filium</strong></span> <span class='ocrx_word' id='word_1_643' title='bbox 1259 4556 1355 4612; x_wconf 90' lang='lat' dir='ltr'><strong>Dei</strong></span> <span class='ocrx_word' id='word_1_644' title='bbox 1391 4556 1760 4626; x_wconf 85' lang='lat' dir='ltr'><strong>unigenitum;</strong></span> <span class='ocrx_word' id='word_1_645' title='bbox 1794 4566 1850 4613; x_wconf 90' lang='lat' dir='ltr'><strong>et</strong></span> <span class='ocrx_word' id='word_1_646' title='bbox 1873 4572 1937 4614; x_wconf 78' lang='lat' dir='ltr'><strong>ex</strong></span> <span class='ocrx_word' id='word_1_647' title='bbox 1969 4559 2129 4613; x_wconf 86' lang='lat' dir='ltr'><strong>Patre</strong></span> <span class='ocrx_word' id='word_1_648' title='bbox 2159 4536 2207 4596; x_wconf 74' lang='grc' dir='ltr'><strong>θ</strong></span> <span class='ocrx_word' id='word_1_649' title='bbox 2232 4561 2352 4617; x_wconf 90' lang='lat' dir='ltr'><strong>sine</strong></span> <span class='ocrx_word' id='word_1_650' title='bbox 2388 4570 2565 4618; x_wconf 89' lang='lat' dir='ltr'><strong>morte</strong></span> <span class='ocrx_word' id='word_1_651' title='bbox 2594 4562 2796 4617; x_wconf 89' lang='lat' dir='ltr'><strong>donum</strong></span> <span class='ocrx_word' id='word_1_652' title='bbox 2847 4571 2997 4615; x_wconf 91' lang='lat' dir='ltr'><strong>tuum</strong></span> <span class='ocrx_word' id='word_1_653' title='bbox 3030 4536 3270 4624; x_wconf 75' lang='lat' dir='ltr'><strong>cteleste,</strong></span> <span class='ocrx_word' id='word_1_654' title='bbox 3312 4559 3421 4613; x_wconf 91' lang='lat' dir='ltr'><strong>hoc</strong></span> <span class='ocrx_word' id='word_1_655' title='bbox 3448 4536 3557 4623; x_wconf 68' lang='lat' dir='ltr'><strong>est,</strong></span> <span class='ocrx_word' id='word_1_656' title='bbox 3589 4556 3784 4630; x_wconf 79' lang='lat' dir='ltr'><strong>gratiam</strong></span> 
     </span>
    </p>
   </div>
   <div class='ocr_carea' id='block_1_92' title="bbox 542 4648 2131 4731">
    <p class='ocr_par' dir='ltr' id='par_1_92' title="bbox 542 4648 2131 4731">
     <span class='ocr_line' id='line_1_92' title="bbox 542 4648 2131 4731; baseline 0.003 -31"><span class='ocrx_word' id='word_1_657' title='bbox 542 4657 731 4702; x_wconf 86' lang='lat' dir='ltr'><strong>natum</strong></span> <span class='ocrx_word' id='word_1_658' title='bbox 765 4657 890 4702; x_wconf 88' lang='lat' dir='ltr'><strong>ante</strong></span> <span class='ocrx_word' id='word_1_659' title='bbox 914 4650 1096 4704; x_wconf 87' lang='lat' dir='ltr'><strong>omnia</strong></span> <span class='ocrx_word' id='word_1_660' title='bbox 1127 4649 1341 4716; x_wconf 64' lang='lat' dir='ltr'><strong>saecula,</strong></span> <span class='ocrx_word' id='word_1_661' title='bbox 1371 4648 1540 4704; x_wconf 92' lang='lat' dir='ltr'><strong>Deum</strong></span> <span class='ocrx_word' id='word_1_662' title='bbox 1573 4651 1639 4705; x_wconf 87' lang='lat' dir='ltr'><strong>de</strong></span> <span class='ocrx_word' id='word_1_663' title='bbox 1671 4652 1800 4715; x_wconf 86' lang='lat' dir='ltr'><strong>Deo,</strong></span> <span class='ocrx_word' id='word_1_664' title='bbox 1836 4650 2016 4706; x_wconf 90' lang='lat' dir='ltr'><strong>lumen</strong></span> <span class='ocrx_word' id='word_1_665' title='bbox 2064 4651 2131 4731; x_wconf 70' lang='lat' dir='ltr'><strong>de</strong></span> 
     </span>
    </p>
   </div>
   <div class='ocr_carea' id='block_1_93' title="bbox 540 4737 2128 4805">
    <p class='ocr_par' dir='ltr' id='par_1_93' title="bbox 540 4737 2128 4805">
     <span class='ocr_line' id='line_1_93' title="bbox 540 4737 2128 4805; baseline 0.004 -14"><span class='ocrx_word' id='word_1_666' title='bbox 540 4737 766 4805; x_wconf 90' lang='lat' dir='ltr'><strong>lumine,</strong></span> <span class='ocrx_word' id='word_1_667' title='bbox 798 4739 967 4795; x_wconf 91' lang='lat' dir='ltr'><strong>Deum</strong></span> <span class='ocrx_word' id='word_1_668' title='bbox 1014 4757 1202 4795; x_wconf 87' lang='lat' dir='ltr'><strong>verum</strong></span> <span class='ocrx_word' id='word_1_669' title='bbox 1247 4741 1315 4796; x_wconf 87' lang='lat' dir='ltr'><strong>de</strong></span> <span class='ocrx_word' id='word_1_670' title='bbox 1360 4740 1473 4796; x_wconf 84' lang='lat' dir='ltr'><strong>Deo</strong></span> <span class='ocrx_word' id='word_1_671' title='bbox 1524 4756 1676 4796; x_wconf 87' lang='lat' dir='ltr'><strong>vero.</strong></span> <span class='ocrx_word' id='word_1_672' title='bbox 1717 4741 1971 4798; x_wconf 86' lang='lat' dir='ltr'><strong>Genitum</strong></span> <span class='ocrx_word' id='word_1_673' title='bbox 2017 4758 2128 4798; x_wconf 91' lang='lat' dir='ltr'><strong>non</strong></span> 
     </span>
    </p>
   </div>
   <div class='ocr_carea' id='block_1_94' title="bbox 541 4829 2126 4904">
    <p class='ocr_par' dir='ltr' id='par_1_94' title="bbox 541 4829 2126 4904">
     <span class='ocr_line' id='line_1_94' title="bbox 541 4829 2126 4904; baseline 0.005 -21"><span class='ocrx_word' id='word_1_674' title='bbox 541 4829 778 4897; x_wconf 76' lang='lat' dir='ltr'><strong>factum,</strong></span> <span class='ocrx_word' id='word_1_675' title='bbox 825 4833 1340 4888; x_wconf 79' lang='lat' dir='ltr'><strong>consubstantialem</strong></span> <span class='ocrx_word' id='word_1_676' title='bbox 1385 4831 1555 4899; x_wconf 87' lang='lat' dir='ltr'><strong>Patri,</strong></span> <span class='ocrx_word' id='word_1_677' title='bbox 1607 4850 1705 4903; x_wconf 88' lang='lat' dir='ltr'><strong>per</strong></span> <span class='ocrx_word' id='word_1_678' title='bbox 1735 4849 1895 4904; x_wconf 75' lang='lat' dir='ltr'><strong>quem</strong></span> <span class='ocrx_word' id='word_1_679' title='bbox 1941 4836 2126 4891; x_wconf 88' lang='lat' dir='ltr'><strong>omnia</strong></span> 
     </span>
    </p>
   </div>
   <div class='ocr_carea' id='block_1_95' title="bbox 538 4921 2129 4998">
    <p class='ocr_par' dir='ltr' id='par_1_95' title="bbox 538 4921 2129 4998">
     <span class='ocr_line' id='line_1_95' title="bbox 538 4921 2129 4998; baseline 0.002 -21"><span class='ocrx_word' id='word_1_680' title='bbox 538 4921 685 4978; x_wconf 79' lang='lat' dir='ltr'><strong>facta</strong></span> <span class='ocrx_word' id='word_1_681' title='bbox 731 4933 877 4978; x_wconf 91' lang='lat' dir='ltr'><strong>sunt.</strong></span> <span class='ocrx_word' id='word_1_682' title='bbox 923 4923 1024 4991; x_wconf 88' lang='lat' dir='ltr'><strong>Qui</strong></span> <span class='ocrx_word' id='word_1_683' title='bbox 1071 4933 1295 4995; x_wconf 89' lang='lat' dir='ltr'><strong>propter</strong></span> <span class='ocrx_word' id='word_1_684' title='bbox 1337 4940 1438 4981; x_wconf 81' lang='lat' dir='ltr'><strong>nos</strong></span> <span class='ocrx_word' id='word_1_685' title='bbox 1486 4926 1765 4987; x_wconf 85' lang='lat' dir='ltr'><strong>homines.</strong></span> <span class='ocrx_word' id='word_1_686' title='bbox 1818 4936 1872 4982; x_wconf 89' lang='lat' dir='ltr'><strong>et</strong></span> <span class='ocrx_word' id='word_1_687' title='bbox 1908 4936 2129 4998; x_wconf 87' lang='lat' dir='ltr'><strong>pr0pter</strong></span> 
     </span>
    </p>
   </div>
   <div class='ocr_carea' id='block_1_96' title="bbox 539 5015 2121 5074">
    <p class='ocr_par' dir='ltr' id='par_1_96' title="bbox 539 5015 2121 5074">
     <span class='ocr_line' id='line_1_96' title="bbox 539 5015 2121 5074; baseline 0.003 -5"><span class='ocrx_word' id='word_1_688' title='bbox 539 5025 784 5070; x_wconf 89' lang='lat' dir='ltr'><strong>nostram</strong></span> <span class='ocrx_word' id='word_1_689' title='bbox 816 5015 1047 5071; x_wconf 88' lang='lat' dir='ltr'><strong>salutem</strong></span> <span class='ocrx_word' id='word_1_690' title='bbox 1079 5017 1358 5072; x_wconf 89' lang='lat' dir='ltr'><strong>descendit</strong></span> <span class='ocrx_word' id='word_1_691' title='bbox 1394 5018 1461 5074; x_wconf 83' lang='lat' dir='ltr'><strong>de</strong></span> <span class='ocrx_word' id='word_1_692' title='bbox 1494 5017 1665 5073; x_wconf 73' lang='lat' dir='ltr'><strong>cmlis.</strong></span> <span class='ocrx_word' id='word_1_693' title='bbox 1708 5018 1773 5073; x_wconf 86' lang='lat' dir='ltr'><strong>Et</strong></span> <span class='ocrx_word' id='word_1_694' title='bbox 1804 5019 2121 5074; x_wconf 88' lang='lat' dir='ltr'><strong>incarnatus</strong></span> 
     </span>
    </p>
   </div>
   <div class='ocr_carea' id='block_1_97' title="bbox 538 5108 2122 5180">
    <p class='ocr_par' dir='ltr' id='par_1_97' title="bbox 538 5108 2122 5180">
     <span class='ocr_line' id='line_1_97' title="bbox 538 5108 2122 5180; baseline 0.003 -19"><span class='ocrx_word' id='word_1_695' title='bbox 538 5110 721 5165; x_wconf 85' lang='lat' dir='ltr'><strong>estde</strong></span> <span class='ocrx_word' id='word_1_696' title='bbox 751 5109 955 5180; x_wconf 87' lang='lat' dir='ltr'><strong>Spiritu</strong></span> <span class='ocrx_word' id='word_1_697' title='bbox 1001 5118 1220 5174; x_wconf 88' lang='lat' dir='ltr'><strong>sancto,</strong></span> <span class='ocrx_word' id='word_1_698' title='bbox 1252 5125 1319 5163; x_wconf 80' lang='lat' dir='ltr'><strong>ex</strong></span> <span class='ocrx_word' id='word_1_699' title='bbox 1368 5108 1533 5163; x_wconf 83' lang='lat' dir='ltr'><strong>Maria</strong></span> <span class='ocrx_word' id='word_1_700' title='bbox 1578 5109 1820 5180; x_wconf 81' lang='lat' dir='ltr'><strong>Virgine,</strong></span> <span class='ocrx_word' id='word_1_701' title='bbox 1870 5120 1923 5165; x_wconf 92' lang='lat' dir='ltr'><strong>et</strong></span> <span class='ocrx_word' id='word_1_702' title='bbox 1962 5110 2122 5165; x_wconf 92' lang='lat' dir='ltr'><strong>homo</strong></span> 
     </span>
    </p>
   </div>
   <div class='ocr_carea' id='block_1_98' title="bbox 539 5201 2125 5271">
    <p class='ocr_par' dir='ltr' id='par_1_98' title="bbox 539 5201 2125 5271">
     <span class='ocr_line' id='line_1_98' title="bbox 539 5201 2125 5271; baseline 0.004 -19"><span class='ocrx_word' id='word_1_703' title='bbox 539 5203 717 5258; x_wconf 80' lang='lat' dir='ltr'><strong>factus</strong></span> <span class='ocrx_word' id='word_1_704' title='bbox 743 5211 846 5258; x_wconf 91' lang='lat' dir='ltr'><strong>cst.</strong></span> <span class='ocrx_word' id='word_1_705' title='bbox 891 5201 1198 5258; x_wconf 80' lang='lat' dir='ltr'><strong>Cruciﬁxus</strong></span> <span class='ocrx_word' id='word_1_706' title='bbox 1246 5201 1406 5255; x_wconf 89' lang='lat' dir='ltr'><strong>etiam</strong></span> <span class='ocrx_word' id='word_1_707' title='bbox 1450 5216 1548 5271; x_wconf 90' lang='lat' dir='ltr'><strong>pro</strong></span> <span class='ocrx_word' id='word_1_708' title='bbox 1593 5202 1747 5257; x_wconf 88' lang='lat' dir='ltr'><strong>nobis</strong></span> <span class='ocrx_word' id='word_1_709' title='bbox 1786 5202 1886 5258; x_wconf 90' lang='lat' dir='ltr'><strong>sub</strong></span> <span class='ocrx_word' id='word_1_710' title='bbox 1936 5201 2125 5258; x_wconf 85' lang='lat' dir='ltr'><strong>Pontio</strong></span> 
     </span>
    </p>
   </div>
   <div class='ocr_carea' id='block_1_99' title="bbox 541 5291 2122 5364">
    <p class='ocr_par' dir='ltr' id='par_1_99' title="bbox 541 5291 2122 5364">
     <span class='ocr_line' id='line_1_99' title="bbox 541 5291 2122 5364; baseline 0.001 -17"><span class='ocrx_word' id='word_1_711' title='bbox 541 5292 741 5357; x_wconf 80' lang='lat' dir='ltr'><strong>Pilato.</strong></span> <span class='ocrx_word' id='word_1_712' title='bbox 780 5309 976 5364; x_wconf 89' lang='lat' dir='ltr'><strong>passus</strong></span> <span class='ocrx_word' id='word_1_713' title='bbox 1001 5302 1053 5347; x_wconf 89' lang='lat' dir='ltr'><strong>et</strong></span> <span class='ocrx_word' id='word_1_714' title='bbox 1082 5291 1325 5361; x_wconf 90' lang='lat' dir='ltr'><strong>sepultus</strong></span> <span class='ocrx_word' id='word_1_715' title='bbox 1370 5301 1470 5348; x_wconf 89' lang='lat' dir='ltr'><strong>est.</strong></span> <span class='ocrx_word' id='word_1_716' title='bbox 1516 5292 1583 5347; x_wconf 86' lang='lat' dir='ltr'><strong>Et</strong></span> <span class='ocrx_word' id='word_1_717' title='bbox 1617 5294 1916 5350; x_wconf 81' lang='lat' dir='ltr'><strong>resurrexit</strong></span> <span class='ocrx_word' id='word_1_718' title='bbox 1965 5293 2122 5349; x_wconf 91' lang='lat' dir='ltr'><strong>tertia</strong></span> 
     </span>
    </p>
   </div>
   <div class='ocr_carea' id='block_1_100' title="bbox 539 5383 2127 5464">
    <p class='ocr_par' dir='ltr' id='par_1_100' title="bbox 539 5383 2127 5464">
     <span class='ocr_line' id='line_1_100' title="bbox 539 5383 2127 5464; baseline 0.003 -27"><span class='ocrx_word' id='word_1_719' title='bbox 539 5384 630 5438; x_wconf 90' lang='lat' dir='ltr'><strong>die</strong></span> <span class='ocrx_word' id='word_1_720' title='bbox 657 5384 952 5441; x_wconf 87' lang='lat' dir='ltr'><strong>secundum</strong></span> <span class='ocrx_word' id='word_1_721' title='bbox 982 5383 1316 5453; x_wconf 86' lang='lat' dir='ltr'><strong>Scripturas.</strong></span> <span class='ocrx_word' id='word_1_722' title='bbox 1347 5384 1411 5438; x_wconf 89' lang='lat' dir='ltr'><strong>Et</strong></span> <span class='ocrx_word' id='word_1_723' title='bbox 1432 5385 1675 5440; x_wconf 88' lang='lat' dir='ltr'><strong>ascendit</strong></span> <span class='ocrx_word' id='word_1_724' title='bbox 1700 5384 1754 5439; x_wconf 91' lang='lat' dir='ltr'><strong>in</strong></span> <span class='ocrx_word' id='word_1_725' title='bbox 1780 5385 1972 5440; x_wconf 78' lang='lat' dir='ltr'><strong>cmlum</strong></span> <span class='ocrx_word' id='word_1_726' title='bbox 1993 5424 2020 5464; x_wconf 34' lang='lat'><strong>,.</strong></span> <span class='ocrx_word' id='word_1_727' title='bbox 2040 5401 2127 5441; x_wconf 76' lang='lat' dir='ltr'><strong>se-</strong></span> 
     </span>
    </p>
   </div>
   <div class='ocr_carea' id='block_1_101' title="bbox 538 5475 2123 5534">
    <p class='ocr_par' dir='ltr' id='par_1_101' title="bbox 538 5475 2123 5534">
     <span class='ocr_line' id='line_1_101' title="bbox 538 5475 2123 5534; baseline 0.004 -6"><span class='ocrx_word' id='word_1_728' title='bbox 538 5475 629 5529; x_wconf 88' lang='lat' dir='ltr'><strong>det</strong></span> <span class='ocrx_word' id='word_1_729' title='bbox 660 5475 728 5532; x_wconf 86' lang='lat' dir='ltr'><strong>ad</strong></span> <span class='ocrx_word' id='word_1_730' title='bbox 755 5475 1037 5532; x_wconf 83' lang='lat' dir='ltr'><strong>dexteram</strong></span> <span class='ocrx_word' id='word_1_731' title='bbox 1060 5475 1256 5532; x_wconf 85' lang='lat' dir='ltr'><strong>Patris.</strong></span> <span class='ocrx_word' id='word_1_732' title='bbox 1288 5476 1354 5531; x_wconf 86' lang='lat' dir='ltr'><strong>Et</strong></span> <span class='ocrx_word' id='word_1_733' title='bbox 1383 5477 1577 5531; x_wconf 77' lang='lat' dir='ltr'><strong>iterum</strong></span> <span class='ocrx_word' id='word_1_734' title='bbox 1615 5488 1875 5533; x_wconf 88' lang='lat' dir='ltr'><strong>venturus</strong></span> <span class='ocrx_word' id='word_1_735' title='bbox 1897 5486 1982 5534; x_wconf 89' lang='lat' dir='ltr'><strong>est</strong></span> <span class='ocrx_word' id='word_1_736' title='bbox 2003 5493 2123 5534; x_wconf 89' lang='lat' dir='ltr'><strong>cum</strong></span> 
     </span>
    </p>
   </div>
   <div class='ocr_carea' id='block_1_102' title="bbox 541 5568 2123 5642">
    <p class='ocr_par' dir='ltr' id='par_1_102' title="bbox 541 5568 2123 5642">
     <span class='ocr_line' id='line_1_102' title="bbox 541 5568 2123 5642; baseline 0.003 -21"><span class='ocrx_word' id='word_1_737' title='bbox 541 5568 712 5636; x_wconf 87' lang='lat' dir='ltr'><strong>gloria</strong></span> <span class='ocrx_word' id='word_1_738' title='bbox 746 5570 995 5641; x_wconf 84' lang='lat' dir='ltr'><strong>judicare</strong></span> <span class='ocrx_word' id='word_1_739' title='bbox 1032 5571 1183 5625; x_wconf 85' lang='lat' dir='ltr'><strong>vivos</strong></span> <span class='ocrx_word' id='word_1_740' title='bbox 1208 5579 1265 5624; x_wconf 90' lang='lat' dir='ltr'><strong>et</strong></span> <span class='ocrx_word' id='word_1_741' title='bbox 1308 5578 1586 5637; x_wconf 91' lang='lat' dir='ltr'><strong>mortuos;</strong></span> <span class='ocrx_word' id='word_1_742' title='bbox 1622 5571 1775 5642; x_wconf 86' lang='lat' dir='ltr'><strong>cujus</strong></span> <span class='ocrx_word' id='word_1_743' title='bbox 1816 5570 1968 5642; x_wconf 87' lang='lat' dir='ltr'><strong>regni</strong></span> <span class='ocrx_word' id='word_1_744' title='bbox 2016 5585 2123 5626; x_wconf 91' lang='lat' dir='ltr'><strong>non</strong></span> 
     </span>
    </p>
   </div>
   <div class='ocr_carea' id='block_1_103' title="bbox 539 5660 2125 5733">
    <p class='ocr_par' dir='ltr' id='par_1_103' title="bbox 539 5660 2125 5733">
     <span class='ocr_line' id='line_1_103' title="bbox 539 5660 2125 5733; baseline 0.004 -22"><span class='ocrx_word' id='word_1_745' title='bbox 539 5660 646 5713; x_wconf 88' lang='lat' dir='ltr'><strong>erit</strong></span> <span class='ocrx_word' id='word_1_746' title='bbox 674 5660 817 5717; x_wconf 90' lang='lat' dir='ltr'><strong>ﬁnis.</strong></span> <span class='ocrx_word' id='word_1_747' title='bbox 848 5661 917 5716; x_wconf 86' lang='lat' dir='ltr'><strong>Et</strong></span> <span class='ocrx_word' id='word_1_748' title='bbox 940 5663 992 5716; x_wconf 90' lang='lat' dir='ltr'><strong>in</strong></span> <span class='ocrx_word' id='word_1_749' title='bbox 1026 5662 1288 5733; x_wconf 91' lang='lat' dir='ltr'><strong>Spiritum</strong></span> <span class='ocrx_word' id='word_1_750' title='bbox 1313 5670 1559 5718; x_wconf 90' lang='lat' dir='ltr'><strong>sanctum</strong></span> <span class='ocrx_word' id='word_1_751' title='bbox 1588 5664 1874 5719; x_wconf 90' lang='lat' dir='ltr'><strong>Dominum</strong></span> <span class='ocrx_word' id='word_1_752' title='bbox 1899 5671 1956 5718; x_wconf 92' lang='lat' dir='ltr'><strong>et</strong></span> <span class='ocrx_word' id='word_1_753' title='bbox 1989 5662 2125 5718; x_wconf 90' lang='lat' dir='ltr'><strong>vivi-</strong></span> 
     </span>
    </p>
   </div>
   <div class='ocr_carea' id='block_1_104' title="bbox 539 5750 2124 5837">
    <p class='ocr_par' dir='ltr' id='par_1_104' title="bbox 539 5750 2124 5837">
     <span class='ocr_line' id='line_1_104' title="bbox 539 5750 2124 5837; baseline 0.006 -34"><span class='ocrx_word' id='word_1_754' title='bbox 539 5750 816 5819; x_wconf 87' lang='lat' dir='ltr'><strong>ﬁcantem,</strong></span> <span class='ocrx_word' id='word_1_755' title='bbox 847 5754 937 5823; x_wconf 89' lang='lat' dir='ltr'><strong>qui</strong></span> <span class='ocrx_word' id='word_1_756' title='bbox 984 5770 1048 5810; x_wconf 79' lang='lat' dir='ltr'><strong>ex</strong></span> <span class='ocrx_word' id='word_1_757' title='bbox 1082 5753 1241 5810; x_wconf 83' lang='lat' dir='ltr'><strong>Patre</strong></span> <span class='ocrx_word' id='word_1_758' title='bbox 1271 5753 1516 5837; x_wconf 81' lang='lat' dir='ltr'><strong>Filioque</strong></span> <span class='ocrx_word' id='word_1_759' title='bbox 1563 5755 1828 5825; x_wconf 86' lang='lat' dir='ltr'><strong>procedit.</strong></span> <span class='ocrx_word' id='word_1_760' title='bbox 1859 5752 1962 5821; x_wconf 86' lang='lat' dir='ltr'><strong>Qui</strong></span> <span class='ocrx_word' id='word_1_761' title='bbox 2001 5768 2124 5813; x_wconf 86' lang='lat' dir='ltr'><strong>cum</strong></span> 
     </span>
    </p>
   </div>
   <div class='ocr_carea' id='block_1_105' title="bbox 2232 4651 3005 4721">
    <p class='ocr_par' dir='ltr' id='par_1_105' title="bbox 2232 4651 3005 4721">
     <span class='ocr_line' id='line_1_105' title="bbox 2232 4651 3005 4721; baseline -0.003 -15"><span class='ocrx_word' id='word_1_762' title='bbox 2232 4661 2382 4706; x_wconf 89' lang='lat' dir='ltr'><strong>tuam</strong></span> <span class='ocrx_word' id='word_1_763' title='bbox 2406 4667 2529 4707; x_wconf 91' lang='lat' dir='ltr'><strong>cum</strong></span> <span class='ocrx_word' id='word_1_764' title='bbox 2560 4651 2762 4721; x_wconf 88' lang='lat' dir='ltr'><strong>Spiritu</strong></span> <span class='ocrx_word' id='word_1_765' title='bbox 2792 4659 3005 4706; x_wconf 89' lang='lat' dir='ltr'><strong>sancto.</strong></span> 
     </span>
    </p>
   </div>
   <div class='ocr_carea' id='block_1_106' title="bbox 2305 4733 3786 4813">
    <p class='ocr_par' dir='ltr' id='par_1_106' title="bbox 2305 4733 3786 4813">
     <span class='ocr_line' id='line_1_106' title="bbox 2305 4733 3786 4813; baseline -0.006 -17"><span class='ocrx_word' id='word_1_766' title='bbox 2305 4742 2543 4813; x_wconf 73' lang='lat' dir='ltr'><strong>Populus</strong></span> <span class='ocrx_word' id='word_1_767' title='bbox 2567 4744 2740 4798; x_wconf 81' lang='lat' dir='ltr'><strong>dicit:</strong></span> <span class='ocrx_word' id='word_1_768' title='bbox 2768 4743 3007 4807; x_wconf 87' lang='lat' dir='ltr'><strong>Christe,</strong></span> <span class='ocrx_word' id='word_1_769' title='bbox 3054 4741 3201 4797; x_wconf 89' lang='lat' dir='ltr'><strong>Deus</strong></span> <span class='ocrx_word' id='word_1_770' title='bbox 3230 4750 3437 4797; x_wconf 85' lang='lat' dir='ltr'><strong>noster.</strong></span> <span class='ocrx_word' id='word_1_771' title='bbox 3471 4737 3558 4794; x_wconf 81' lang='lat' dir='ltr'><strong>fac</strong></span> <span class='ocrx_word' id='word_1_772' title='bbox 3598 4752 3689 4793; x_wconf 85' lang='lat' dir='ltr'><strong>nos</strong></span> <span class='ocrx_word' id='word_1_773' title='bbox 3725 4733 3786 4788; x_wconf 73' lang='lat' dir='ltr'><strong>di~</strong></span> 
     </span>
    </p>
   </div>
   <div class='ocr_carea' id='block_1_107' title="bbox 2230 4828 3784 4908">
    <p class='ocr_par' dir='ltr' id='par_1_107' title="bbox 2230 4828 3784 4908">
     <span class='ocr_line' id='line_1_107' title="bbox 2230 4828 3784 4908; baseline -0.01 -15"><span class='ocrx_word' id='word_1_774' title='bbox 2230 4851 2371 4908; x_wconf 76' lang='lat' dir='ltr'><strong>gnos</strong></span> <span class='ocrx_word' id='word_1_775' title='bbox 2397 4837 2665 4893; x_wconf 86' lang='lat' dir='ltr'><strong>salutandi</strong></span> <span class='ocrx_word' id='word_1_776' title='bbox 2695 4846 2746 4892; x_wconf 90' lang='lat' dir='ltr'><strong>te</strong></span> <span class='ocrx_word' id='word_1_777' title='bbox 2770 4836 3097 4892; x_wconf 88' lang='lat' dir='ltr'><strong>salutatione</strong></span> <span class='ocrx_word' id='word_1_778' title='bbox 3121 4834 3351 4897; x_wconf 71' lang='lat' dir='ltr'><strong>cmlesti,</strong></span> <span class='ocrx_word' id='word_1_779' title='bbox 3389 4847 3456 4887; x_wconf 89' lang='lat' dir='ltr'><strong>ac</strong></span> <span class='ocrx_word' id='word_1_780' title='bbox 3492 4828 3725 4887; x_wconf 86' lang='lat' dir='ltr'><strong>laudandi</strong></span> <span class='ocrx_word' id='word_1_781' title='bbox 3748 4835 3784 4878; x_wconf 77' lang='lat' dir='ltr'><strong>te</strong></span> 
     </span>
    </p>
   </div>
   <div class='ocr_carea' id='block_1_108' title="bbox 2235 4919 3778 4995">
    <p class='ocr_par' dir='ltr' id='par_1_108' title="bbox 2235 4919 3778 4995">
     <span class='ocr_line' id='line_1_108' title="bbox 2235 4919 3778 4995; baseline -0.009 -10"><span class='ocrx_word' id='word_1_782' title='bbox 2235 4946 2344 4985; x_wconf 91' lang='lat' dir='ltr'><strong>una</strong></span> <span class='ocrx_word' id='word_1_783' title='bbox 2375 4944 2501 4986; x_wconf 91' lang='lat' dir='ltr'><strong>cum</strong></span> <span class='ocrx_word' id='word_1_784' title='bbox 2540 4927 2837 4984; x_wconf 85' lang='lat' dir='ltr'><strong>Cherubim</strong></span> <span class='ocrx_word' id='word_1_785' title='bbox 2883 4938 2939 4981; x_wconf 87' lang='lat' dir='ltr'><strong>et</strong></span> <span class='ocrx_word' id='word_1_786' title='bbox 2988 4924 3297 4995; x_wconf 87' lang='lat' dir='ltr'><strong>Serapbim,</strong></span> <span class='ocrx_word' id='word_1_787' title='bbox 3322 4924 3570 4979; x_wconf 84' lang='lat' dir='ltr'><strong>dicentes</strong></span> <span class='ocrx_word' id='word_1_788' title='bbox 3614 4937 3629 4975; x_wconf 92' lang='lat'><strong>:</strong></span> <span class='ocrx_word' id='word_1_789' title='bbox 3673 4919 3778 4973; x_wconf 46' lang='lat' dir='ltr'><strong>Satn.</strong></span> 
     </span>
    </p>
   </div>
   <div class='ocr_carea' id='block_1_109' title="bbox 2231 5004 3782 5087">
    <p class='ocr_par' dir='ltr' id='par_1_109' title="bbox 2231 5004 3782 5087">
     <span class='ocr_line' id='line_1_109' title="bbox 2231 5004 3782 5087; baseline -0.009 -11"><span class='ocrx_word' id='word_1_790' title='bbox 2231 5031 2372 5087; x_wconf 89' lang='lat' dir='ltr'><strong>ctus,</strong></span> <span class='ocrx_word' id='word_1_791' title='bbox 2402 5029 2645 5085; x_wconf 88' lang='lat' dir='ltr'><strong>sanctus,</strong></span> <span class='ocrx_word' id='word_1_792' title='bbox 2670 5026 2913 5084; x_wconf 86' lang='lat' dir='ltr'><strong>sanctus,</strong></span> <span class='ocrx_word' id='word_1_793' title='bbox 2945 5016 3316 5087; x_wconf 87' lang='lat' dir='ltr'><strong>Omnipotens.</strong></span> <span class='ocrx_word' id='word_1_794' title='bbox 3356 5013 3509 5071; x_wconf 90' lang='lat' dir='ltr'><strong>Pleni</strong></span> <span class='ocrx_word' id='word_1_795' title='bbox 3538 5021 3660 5069; x_wconf 91' lang='lat' dir='ltr'><strong>sunt</strong></span> <span class='ocrx_word' id='word_1_796' title='bbox 3685 5004 3782 5063; x_wconf 63' lang='lat' dir='ltr'><strong>curii</strong></span> 
     </span>
    </p>
   </div>
   <div class='ocr_carea' id='block_1_110' title="bbox 2231 5111 3130 5182">
    <p class='ocr_par' dir='ltr' id='par_1_110' title="bbox 2231 5111 3130 5182">
     <span class='ocr_line' id='line_1_110' title="bbox 2231 5111 3130 5182; baseline -0.006 -14"><span class='ocrx_word' id='word_1_797' title='bbox 2231 5124 2285 5168; x_wconf 90' lang='lat' dir='ltr'><strong>et</strong></span> <span class='ocrx_word' id='word_1_798' title='bbox 2311 5123 2451 5168; x_wconf 90' lang='lat' dir='ltr'><strong>terra</strong></span> <span class='ocrx_word' id='word_1_799' title='bbox 2483 5114 2771 5167; x_wconf 88' lang='lat' dir='ltr'><strong>sanctitate</strong></span> <span class='ocrx_word' id='word_1_800' title='bbox 2795 5111 2978 5182; x_wconf 82' lang='lat' dir='ltr'><strong>gloriae</strong></span> <span class='ocrx_word' id='word_1_801' title='bbox 3005 5119 3130 5165; x_wconf 72' lang='lat' dir='ltr'><strong>tum.</strong></span> 
     </span>
    </p>
   </div>
   <div class='ocr_carea' id='block_1_111' title="bbox 2303 5190 3784 5264">
    <p class='ocr_par' dir='ltr' id='par_1_111' title="bbox 2303 5190 3784 5264">
     <span class='ocr_line' id='line_1_111' title="bbox 2303 5190 3784 5264; baseline -0.01 -7"><span class='ocrx_word' id='word_1_802' title='bbox 2303 5200 2562 5258; x_wconf 75' lang='lat' dir='ltr'><strong>Sacerdos</strong></span> <span class='ocrx_word' id='word_1_803' title='bbox 2589 5203 2715 5255; x_wconf 89' lang='lat' dir='ltr'><strong>dicit</strong></span> <span class='ocrx_word' id='word_1_804' title='bbox 2741 5217 2759 5257; x_wconf 90' lang='lat'><strong><em>:</em></strong></span> <span class='ocrx_word' id='word_1_805' title='bbox 2795 5201 3052 5257; x_wconf 88' lang='lat' dir='ltr'><strong>Dominus</strong></span> <span class='ocrx_word' id='word_1_806' title='bbox 3082 5199 3383 5264; x_wconf 89' lang='lat' dir='ltr'><strong>vobiscum,</strong></span> <span class='ocrx_word' id='word_1_807' title='bbox 3427 5190 3647 5254; x_wconf 81' lang='lat' dir='ltr'><strong>sanctus</strong></span> <span class='ocrx_word' id='word_1_808' title='bbox 3672 5195 3784 5248; x_wconf 75' lang='lat' dir='ltr'><strong>inter</strong></span> 
     </span>
    </p>
   </div>
   <div class='ocr_carea' id='block_1_112' title="bbox 2232 5289 3776 5357">
    <p class='ocr_par' dir='ltr' id='par_1_112' title="bbox 2232 5289 3776 5357">
     <span class='ocr_line' id='line_1_112' title="bbox 2232 5289 3776 5357; baseline -0.007 -12"><span class='ocrx_word' id='word_1_809' title='bbox 2232 5300 2469 5357; x_wconf 90' lang='lat' dir='ltr'><strong>sanctos,</strong></span> <span class='ocrx_word' id='word_1_810' title='bbox 2498 5300 2718 5346; x_wconf 81' lang='lat' dir='ltr'><strong>sanctus</strong></span> <span class='ocrx_word' id='word_1_811' title='bbox 2740 5291 2883 5345; x_wconf 90' lang='lat' dir='ltr'><strong>inter</strong></span> <span class='ocrx_word' id='word_1_812' title='bbox 2904 5298 3147 5355; x_wconf 89' lang='lat' dir='ltr'><strong>sanctos,</strong></span> <span class='ocrx_word' id='word_1_813' title='bbox 3171 5298 3392 5345; x_wconf 89' lang='lat' dir='ltr'><strong>sanctos</strong></span> <span class='ocrx_word' id='word_1_814' title='bbox 3412 5289 3557 5343; x_wconf 87' lang='lat' dir='ltr'><strong>inter</strong></span> <span class='ocrx_word' id='word_1_815' title='bbox 3576 5291 3776 5341; x_wconf 85' lang='lat' dir='ltr'><strong>sanctos.</strong></span> 
     </span>
    </p>
   </div>
   <div class='ocr_carea' id='block_1_113' title="bbox 2232 5370 3779 5453">
    <p class='ocr_par' dir='ltr' id='par_1_113' title="bbox 2232 5370 3779 5453">
     <span class='ocr_line' id='line_1_113' title="bbox 2232 5370 3779 5453; baseline -0.005 -14"><span class='ocrx_word' id='word_1_816' title='bbox 2232 5385 2446 5439; x_wconf 85' lang='lat' dir='ltr'><strong>Gratias</strong></span> <span class='ocrx_word' id='word_1_817' title='bbox 2478 5384 2689 5452; x_wconf 84' lang='lat' dir='ltr'><strong>agimus</strong></span> <span class='ocrx_word' id='word_1_818' title='bbox 2718 5383 2835 5449; x_wconf 89' lang='lat' dir='ltr'><strong>tibi,</strong></span> <span class='ocrx_word' id='word_1_819' title='bbox 2867 5382 3112 5447; x_wconf 89' lang='lat' dir='ltr'><strong>Domine,</strong></span> <span class='ocrx_word' id='word_1_820' title='bbox 3142 5396 3241 5453; x_wconf 88' lang='lat' dir='ltr'><strong>per</strong></span> <span class='ocrx_word' id='word_1_821' title='bbox 3282 5380 3538 5436; x_wconf 88' lang='lat' dir='ltr'><strong>dilectum</strong></span> <span class='ocrx_word' id='word_1_822' title='bbox 3569 5370 3779 5445; x_wconf 68' lang='lat' dir='ltr'><strong>unigeni‘</strong></span> 
     </span>
    </p>
   </div>
   <div class='ocr_carea' id='block_1_114' title="bbox 2230 5469 3777 5538">
    <p class='ocr_par' dir='ltr' id='par_1_114' title="bbox 2230 5469 3777 5538">
     <span class='ocr_line' id='line_1_114' title="bbox 2230 5469 3777 5538; baseline -0.008 -9"><span class='ocrx_word' id='word_1_823' title='bbox 2230 5485 2343 5530; x_wconf 88' lang='lat' dir='ltr'><strong>tum</strong></span> <span class='ocrx_word' id='word_1_824' title='bbox 2371 5475 2568 5530; x_wconf 83' lang='lat' dir='ltr'><strong>Filium</strong></span> <span class='ocrx_word' id='word_1_825' title='bbox 2614 5473 3104 5535; x_wconf 86' lang='lat' dir='ltr'><strong>tuum,Domiuum</strong></span> <span class='ocrx_word' id='word_1_826' title='bbox 3153 5471 3343 5538; x_wconf 88' lang='lat' dir='ltr'><strong>Deum,</strong></span> <span class='ocrx_word' id='word_1_827' title='bbox 3375 5478 3430 5526; x_wconf 91' lang='lat' dir='ltr'><strong>et</strong></span> <span class='ocrx_word' id='word_1_828' title='bbox 3466 5469 3777 5524; x_wconf 72' lang='lat' dir='ltr'><strong>Servatorem</strong></span> 
     </span>
    </p>
   </div>
   <div class='ocr_carea' id='block_1_115' title="bbox 2227 5557 3773 5633">
    <p class='ocr_par' dir='ltr' id='par_1_115' title="bbox 2227 5557 3773 5633">
     <span class='ocr_line' id='line_1_115' title="bbox 2227 5557 3773 5633; baseline -0.009 -14"><span class='ocrx_word' id='word_1_829' title='bbox 2227 5574 2472 5622; x_wconf 89' lang='lat' dir='ltr'><strong>nostrum</strong></span> <span class='ocrx_word' id='word_1_830' title='bbox 2504 5563 2687 5621; x_wconf 84' lang='lat' dir='ltr'><strong>Jesum</strong></span> <span class='ocrx_word' id='word_1_831' title='bbox 2714 5563 3014 5627; x_wconf 88' lang='lat' dir='ltr'><strong>Christum,</strong></span> <span class='ocrx_word' id='word_1_832' title='bbox 3064 5578 3226 5633; x_wconf 87' lang='lat' dir='ltr'><strong>quem</strong></span> <span class='ocrx_word' id='word_1_833' title='bbox 3260 5562 3316 5617; x_wconf 91' lang='lat' dir='ltr'><strong>in</strong></span> <span class='ocrx_word' id='word_1_834' title='bbox 3358 5557 3640 5631; x_wconf 86' lang='lat' dir='ltr'><strong>posteriori</strong></span> <span class='ocrx_word' id='word_1_835' title='bbox 3670 5564 3773 5607; x_wconf 68' lang='lat' dir='ltr'><strong>tear</strong></span> 
     </span>
    </p>
   </div>
   <div class='ocr_carea' id='block_1_116' title="bbox 2229 5649 3776 5726">
    <p class='ocr_par' dir='ltr' id='par_1_116' title="bbox 2229 5649 3776 5726">
     <span class='ocr_line' id='line_1_116' title="bbox 2229 5649 3776 5726; baseline -0.007 -14"><span class='ocrx_word' id='word_1_836' title='bbox 2229 5673 2360 5726; x_wconf 91' lang='lat' dir='ltr'><strong>pore</strong></span> <span class='ocrx_word' id='word_1_837' title='bbox 2414 5658 2608 5713; x_wconf 87' lang='lat' dir='ltr'><strong>misisti</strong></span> <span class='ocrx_word' id='word_1_838' title='bbox 2662 5657 2819 5711; x_wconf 91' lang='lat' dir='ltr'><strong>nobis</strong></span> <span class='ocrx_word' id='word_1_839' title='bbox 2867 5653 3062 5709; x_wconf 77' lang='lat' dir='ltr'><strong>Filium</strong></span> <span class='ocrx_word' id='word_1_840' title='bbox 3128 5664 3303 5720; x_wconf 90' lang='lat' dir='ltr'><strong>tuum,</strong></span> <span class='ocrx_word' id='word_1_841' title='bbox 3350 5651 3689 5708; x_wconf 86' lang='lat' dir='ltr'><strong>Servatorem</strong></span> <span class='ocrx_word' id='word_1_842' title='bbox 3735 5649 3776 5692; x_wconf 72' lang='grc' dir='ltr'>ει</span> 
     </span>
    </p>
   </div>
   <div class='ocr_carea' id='block_1_117' title="bbox 2229 5736 3773 5822">
    <p class='ocr_par' dir='ltr' id='par_1_117' title="bbox 2229 5736 3773 5822">
     <span class='ocr_line' id='line_1_117' title="bbox 2229 5736 3773 5822; baseline -0.006 -18"><span class='ocrx_word' id='word_1_843' title='bbox 2229 5750 2669 5822; x_wconf 77' lang='lat' dir='ltr'><strong>Redemptorem,</strong></span> <span class='ocrx_word' id='word_1_844' title='bbox 2719 5749 2966 5804; x_wconf 88' lang='lat' dir='ltr'><strong>nuntium</strong></span> <span class='ocrx_word' id='word_1_845' title='bbox 3020 5746 3232 5803; x_wconf 86' lang='lat' dir='ltr'><strong>consilii</strong></span> <span class='ocrx_word' id='word_1_846' title='bbox 3290 5744 3408 5814; x_wconf 88' lang='lat' dir='ltr'><strong>tui,</strong></span> <span class='ocrx_word' id='word_1_847' title='bbox 3455 5743 3546 5815; x_wconf 84' lang='lat' dir='ltr'><strong>qui</strong></span> <span class='ocrx_word' id='word_1_848' title='bbox 3575 5736 3773 5798; x_wconf 67' lang='lat' dir='ltr'><strong>Verbi&quot;-</strong></span> 
     </span>
    </p>
   </div>
  </div>
