3924 6318
163 317 267 373 92!

1486 311 1690 369 MISSA
1716 313 2121 377 ASTHIOPUM.

3332 320 3438 378 922

166 443 321 487 tuum
363 439 470 496 est,
501 437 557 487 et
582 424 684 503 per
709 442 871 502 quem
897 429 1079 488 omnia
1124 429 1304 489 fecisti
1333 429 1630 486 secundum
1663 434 1751 486 iro.
1782 426 1833 488 Δ
1859 429 2167 487 nihus‘illis
2213 427 2303 501 qui
2351 430 2505 488 nobis
2543 430 2940 505 eleemosynam
2990 432 3336 501 tribuerunt,
3364 437 3436 492 ein

163 524 431 579 luntatem
458 532 627 579 tuam.

232 614 510 670 Diaconus
548 615 722 671 dicit:
764 615 871 672 Per
899 616 1112 672 beatum
1138 625 1194 672 et
1235 624 1482 673 sanctum
1528 617 1757 687 patriar-

160 705 328 760 cham
386 715 631 762 nostrum
680 705 769 777 N.,
811 706 868 763 et
909 722 1009 778 per
1054 709 1418 763 venerandum
1455 707 1753 763 antistitem

157 804 418 851 nostrum
471 795 563 863 N.,
598 799 690 868 qui
739 799 854 853 suis
881 798 1219 855 orationibus
1262 807 1320 855 et
1360 798 1614 871 precibus
1638 797 1769 852 lau-'

157 889 297 943 dant
326 897 411 955 te;
438 903 535 959 per
564 887 901 960 Stephanum
934 900 1411 963 protomartyrem,
1434 886 1753 945 Zachariam

156 982 526 1047 sacerdotem,
563 980 825 1038 Joannem
868 983 1202 1055 Baptistam;
1244 999 1342 1055 per
1388 999 1580 1041 omnes
1626 999 1758 1040 san-

156 1079 280 1126 ctos
311 1082 581 1143 martyres
622 1073 716 1142 qui
749 1072 803 1128 in
843 1073 950 1129 ﬁde
977 1072 1107 1129 Jesu
1146 1074 1349 1131 Christi
1390 1075 1752 1145 quieverunt;

153 1177 260 1232 per
292 1161 626 1230 Matthzeum,
652 1162 917 1231 Marcum,
948 1165 1171 1231 Lucam,
1199 1174 1254 1220 et
1281 1164 1544 1221 Joannem
1590 1181 1757 1221 evan-

157 1255 422 1324 gelistas;
451 1272 548 1327 per
575 1256 800 1312 Mariam
834 1258 928 1314 Dei
964 1259 1315 1331 genitricem;
1348 1275 1447 1329 per
1475 1259 1752 1315 Simonem

152 1346 408 1415 Petrum,
433 1348 744 1413 Andream,
776 1349 1056 1417 Jacobum,
1083 1349 1345 1406 Joannem
1365 1391 1379 1416 ,
1412 1349 1717 1419 Philippum
1735 1390 1752 1416 ,

151 1437 618 1496 Bartholomaeum
644 1482 658 1503 ,
704 1438 1000 1508 Thomam,
1046 1441 1355 1498 Matthteum
1375 1483 1390 1507 ,
1421 1441 1712 1497 'l'hadaenm
1736 1481 1753 1509 ,

153 1527 487 1592 Nathanael,
518 1529 780 1586 Jacobum
811 1530 1001 1601 Alphei
1024 1531 1122 1604 (2),
1148 1539 1202 1587 et
1220 1530 1502 1585 Matthiam
1528 1532 1750 1602 aposio-

152 1622 275 1687 los;
313 1636 409 1693 per
429 1620 688 1679 Jacohum
718 1623 1023 1693 apostolum
1048 1623 1274 1680 fratrem
1314 1625 1523 1680 Domini
1557 1626 1751 1691 nostri,

154 1714 477 1785 episcOpum
525 1714 827 1770 Jerusalem
876 1725 1107 1781 sanetae;
1154 1731 1251 1785 per
1282 1715 1536 1782 Paulum,
1565 1715 1752 1771 Timo-

154 1804 360 1859 thazum
390 1845 406 1869 ,
457 1804 649 1871 Silam,
701 1804 1005 1862 Barnabam
1037 1846 1053 1874 ,
1112 1807 1292 1863 Titum
1326 1846 1341 1872 ,
1395 1807 1708 1863 Philemona
1737 1847 1753 1873 ,

154 1895 522 1962 Clementem,
572 1904 627 1953 et
656 1912 753 1968 per
777 1897 1119 1970 septuaginta
1172 1897 1308 1953 duos
1355 1897 1667 1966 discitulos,
1695 1906 1752 1953 et

158 1989 492 2061 quingentos
533 1990 713 2045 socios
752 2004 964 2057 eorum,
1014 2006 1075 2046 ac
1119 2006 1218 2061 per
1246 1999 1519 2046 trecentos
1565 1992 1751 2046 decem

156 2087 215 2135 et
262 2089 388 2136 octo
433 2089 597 2135 recta:
642 2079 765 2135 ﬁdei
806 2079 1020 2147 Patres,
1063 2080 1223 2135 visita
1279 2093 1380 2134 nos
1420 2090 1476 2134 et
1520 2078 1605 2136 fac
1656 2096 1755 2135 nos

151 2171 452 2241 participes
525 2171 836 2227 orationum
905 2185 1094 2226 eorum
1145 2171 1526 2227 omnium:et
1590 2185 1755 2242 super

154 2264 341 2319 omnia
393 2263 687 2320 recordare
715 2262 999 2320 catholica:
1042 2273 1096 2319 et
1140 2262 1452 2333 apostolica:
1498 2258 1756 2318 Ecclesiae

154 2356 212 2411 in
243 2370 411 2427 pace,
442 2358 683 2427 pretioso
715 2357 982 2429 sanguine
1006 2372 1105 2429 per
1133 2356 1410 2412 Christum
1448 2356 1749 2413 :cdiﬁcatae.

156 2448 473 2507 Recordare
513 2452 680 2509 etiam
725 2452 967 2508 omnium
1016 2451 1451 2521 patriarcharum
1482 2450 1750 2522 archiepi-

157 2555 465 2612 scoporum,
483 2542 883 2612 episcoporum,
906 2542 1252 2598 sacerdotum
1264 2583 1279 2604 ,
1295 2549 1353 2596 et
1372 2541 1749 2607 diaeonorum,

160 2634 252 2706 qui
283 2635 523 2706 dirigunt
550 2635 694 2689 viam
726 2634 898 2701 verbi,
922 2633 1068 2705 quod
1097 2642 1181 2689 est
1212 2633 1266 2687 in
1297 2634 1550 2689 veritate.

230 2724 371 2780 Dicit
404 2724 631 2797 papulas
659 2737 679 2778 :
710 2725 986 2789 Miserere,
1014 2723 1245 2782 Domine
1263 2764 1279 2789 ,
1306 2724 1610 2779 animarum
1637 2739 1756 2781 ser-

157 2832 349 2874 verum
403 2825 619 2872 tuorum
667 2826 724 2873 et
766 2816 1088 2873 ancillarum
1122 2827 1371 2883 tuarum,
1399 2815 1493 2887 qui
1524 2816 1752 2873 mandu-

157 2916 352 2963 carunt
382 2923 601 2963 carnem
635 2917 783 2963 tuam
822 2917 878 2965 et
922 2908 1177 2964 biberunt
1219 2915 1368 2963 tuum
1407 2910 1750 2980 sanguinem,

158 3007 211 3055 et
240 3001 293 3055 in
327 3000 431 3056 lide
462 3011 548 3057 tua
581 2996 927 3072 quieverunt.

643 3091 831 3149 Oratio
869 3094 1264 3150 benedictionis.

224 3180 485 3238 Sacerdos
519 3183 644 3238 dicit
672 3197 692 3236 :
722 3184 769 3241 0
794 3194 983 3241 sancta
1011 3182 1271 3253 Trinitas,
1306 3185 1491 3253 Pater,
1547 3186 1650 3244 Fili
1692 3196 1747 3244 et

156 3274 396 3345 Spiritus
421 3283 630 3342 sancte,
663 3275 893 3333 benedic
920 3292 1086 3348 super
1114 3278 1371 3349 populum
1404 3288 1552 3334 tuum
1583 3280 1743 3335 Chri-

153 3366 392 3420 stiamrm
446 3365 679 3422 electum
728 3366 1110 3424 benedictione
1170 3369 1381 3425 caelesti
1416 3410 1433 3436 ,
1484 3378 1540 3425 et
1593 3371 1747 3426 mitte

154 3470 319 3526 super
348 3471 447 3512 nos
492 3456 722 3528 gratiam
751 3456 989 3529 Spiritus
1032 3459 1230 3514 sancti.
1260 3459 1423 3529 Aperi
1463 3461 1621 3516 nobis
1659 3459 1736 3516 f0-

146 3560 242 3601 res
300 3544 559 3601 Ecclesiae
606 3554 710 3602 tute
758 3555 996 3610 saneta}.
1041 3558 1263 3618 propter
1313 3548 1742 3605 misericordiam

144 3647 303 3693 tuam
332 3647 389 3693 et
415 3635 577 3694 ﬁdem
607 3646 872 3694 nostram.
904 3638 1113 3695 Perﬁce
1156 3640 1212 3694 in
1245 3639 1402 3696 nobis
1432 3639 1591 3696 ﬁdem
1623 3639 1745 3696 Tri-

144 3729 344 3785 uitatis
392 3744 567 3799 usque
616 3731 683 3786 ad
730 3738 1032 3787 extremum
1077 3730 1325 3801 spiritum
1352 3769 1370 3797 ,
1417 3745 1452 3787 ο
1490 3731 1744 3801 princeps

143 3829 384 3888 noster,
431 3819 558 3877 Jesu
611 3819 830 3877 Christe
860 3863 875 3887 ,
931 3822 1090 3878 visita
1157 3821 1429 3876 inﬁrmum
1484 3821 1741 3894 populum

142 3919 330 3977 tuum,
357 3917 414 3965 et
440 3924 574 3965 sana
604 3925 749 3965 eum.
781 3911 962 3982 Dirige
1006 3920 1189 3981 patres
1218 3920 1437 3968 nostros
1465 3921 1521 3968 et
1547 3911 1742 3968 fratres

143 4011 369 4059 nostros
420 4003 871 4075 peregrinantes,
918 4005 1086 4060 reduc
1135 4019 1231 4060 eos
1278 4005 1348 4059 ad
1400 4004 1541 4060 lares
1589 4020 1739 4073 suos,

140 4111 274 4152 cum
306 4096 478 4151 salute
502 4103 557 4151 et
579 4112 740 4168 pace;
770 4096 998 4154 benedic
1025 4106 1217 4153 ventos
1240 4096 1387 4164 coeli,
1414 4107 1470 4153 et
1507 4097 1737 4169 pluvias,

139 4200 215 4244 ac
260 4186 473 4245 fructus
517 4197 678 4245 terrm
721 4189 1005 4260 praesentis
1055 4183 1183 4245 anni
1231 4205 1332 4261 pro
1383 4191 1558 4261 gratia
1612 4199 1739 4259 tua;

138 4278 331 4350 prazbe
385 4294 601 4350 semper
643 4280 899 4351 gaudium
950 4289 1007 4335 et
1052 4280 1280 4337 delicias
1326 4297 1494 4353 super
1543 4283 1737 4339 facient

139 4376 331 4433 terras,
352 4374 409 4422 et
449 4367 742 4424 corrobora
786 4382 952 4440 super
992 4384 1095 4426 nos
1140 4385 1330 4440 pacem
1375 4380 1543 4426 tuam.
1572 4371 1740 4428 Indue

137 4457 315 4513 corda
356 4470 543 4529 regum
590 4460 882 4528 proborum
926 4460 995 4516 ad
1024 4459 1493 4516 \benefaciendum
1541 4461 1736 4530 nobis,

138 4549 214 4606 da
262 4546 500 4617 gratiose
530 4547 790 4604 honorem
816 4549 1168 4622 principibus
1210 4550 1466 4607 Ecclesia:
1510 4560 1734 4620 sancta),

137 4637 374 4710 singulis
417 4654 605 4696 eorum
641 4639 793 4711 juxta
835 4656 1026 4698 eorum
1076 4658 1296 4708 nomen,
1342 4644 1396 4700 in
1441 4654 1734 4717 conspectu
1784 4687 1806 4713 ,

136 4746 336 4805 regum
371 4732 669 4802 potentium
705 4732 793 4790 fac
821 4748 915 4791 eos
952 4744 1155 4806 gratos.
1187 4735 1234 4791 0
1280 4736 1524 4802 Domine,
1554 4738 1734 4808 prmbe

137 4813 392 4893 requiem
423 4824 709 4880 animabus
763 4837 979 4896 patrum
1025 4835 1074 4882 et
1118 4826 1345 4882 fratrum
1394 4837 1729 4896 nostrorum,

136 4914 237 4983 qui
267 4914 322 4968 in
353 4923 499 4970 recta
531 4914 639 4971 ﬁde
679 4916 956 4973 dormiunt
980 4927 1034 4974 et
1063 4916 1387 4989 quiescunt,
1413 4930 1471 4974 et
1501 4919 1731 4977 benedic

138 5006 232 5061 bis
263 5005 357 5075 qui
405 5005 658 5061 laborant
684 5007 830 5064 circa
861 5008 1041 5076 thura,
1070 5009 1215 5065 circa
1259 5010 1548 5077 sacriﬁcia,
1579 5012 1728 5069 circa

133 5098 352 5165 vinum,
392 5098 539 5154 circa
568 5099 747 5154 oleum
768 5139 786 5167 ,
815 5115 880 5156 ac
905 5102 1183 5173 butyrum,
1213 5111 1269 5157 et
1292 5101 1438 5158 circa
1467 5103 1726 5169 cortinas,

134 5198 196 5244 et
222 5187 375 5244 circa
399 5189 565 5244 etiam
592 5190 781 5256 libros,
823 5201 880 5247 et
909 5195 1193 5249 cathedras
1213 5232 1228 5258 ,
1259 5193 1401 5248 circa
1428 5210 1517 5251 res
1539 5210 1732 5252 omnes

136 5290 345 5337 saneta:
392 5280 685 5348 Ecclesiae,
732 5295 794 5338 ut
835 5282 995 5341 Jesus
1051 5283 1304 5342 Christus
1349 5286 1491 5345 Deus
1546 5298 1733 5346 noster

138 5382 529 5431 remuneretur
584 5388 679 5431 eos
725 5376 781 5432 in
830 5376 1039 5434 ctelesti
1091 5376 1412 5435 Jerusalem.
1474 5379 1732 5439 Miserere

135 5464 384 5539 omnium
425 5465 519 5536 qui
564 5465 843 5523 nobiscum
886 5469 1202 5541 congregati
1226 5479 1355 5526 sunt
1381 5471 1450 5528 ad
1474 5486 1723 5542 quaren-

137 5556 267 5610 dam
296 5553 729 5612 misericordiam
768 5557 864 5614 Dei
889 5558 1059 5615 nostri
1087 5558 1214 5616 Jesu
1257 5559 1482 5629 Christi,
1522 5572 1581 5618 et
1606 5580 1724 5621 om-

1856 518 2182 590 sedejudicii
2205 520 2281 575 tui
2302 521 2452 577 mitis
2470 521 2547 578 sis
2569 531 2625 579 et
2647 522 2914 594 placidus.
2940 522 3159 587 Libera,
3183 524 3434 591 Domine,

1856 614 1925 670 ob
1953 613 2351 670 multitudinem
2395 613 2784 671 misericordias
2821 626 2927 671 tua:
2949 655 2965 682 ,
3006 615 3196 672 omnes
3223 616 3437 673 animas

1858 704 2046 777 inopes
2071 713 2127 760 et
2164 701 2413 770 alﬂictas,
2464 712 2775 762 careeratos
2821 719 3056 800 quoqugh
3084 719 3148 760 ac
3188 704 3435 776 captivos

1856 807 1911 854 et
1934 798 2151 854 exsules
2193 812 2258 852 ac
2288 797 2342 852 in
2379 797 2702 870 servitutem
2747 798 2993 864 adactos,
3037 797 3094 855 et
3141 798 3195 853 in
3238 799 3440 855 amaris

1857 887 2133 944 laboribus
2163 863 2430 944 detento?
2456 887 2798 955 Recordare,
2822 863 3048 944 Domine
3074 895 3281 954 noster,
3310 887 3438 945 Jesu

1855 980 2093 1046 Christe,
2135 979 2190 1034 in
2230 994 2398 1050 regno
2437 979 2724 1046 etelorum,
2753 980 2992 1037 omnium
3024 979 3236 1037 illorum
3280 979 3373 1051 qui
3406 995 3439 1035 a

1857 1072 2013 1127 nobis
2040 1071 2314 1144 petierunt
2343 1078 2404 1125 ut
2430 1070 2849 1128 recordaremur
2874 1085 3083 1128 eorum.
3109 1069 3154 1127 0
3183 1061 3437 1137 Domine,

1855 1165 2020 1224 libera
2048 1164 2300 1237 populum
2330 1173 2479 1219 tuum
2520 1173 2577 1221 et
2603 1162 2831 1221 benedic
2875 1163 3177 1220 haereditati
3212 1172 3339 1230 tuas,
3365 1177 3433 1218 ac

1856 1257 2000 1315 nutri
2032 1274 2154 1316 eum
2181 1268 2236 1315 et
2273 1258 2449 1314 exalta
2481 1272 2655 1328 usque
2698 1258 2752 1313 in
2782 1256 3063 1313 saeculum.
3092 1256 3316 1312 Custodi
3341 1271 3437 1312 eos

1855 1350 1908 1404 in
1938 1357 2093 1404 recta
2137 1348 2244 1403 ﬁde
2273 1355 2327 1404 et
2373 1347 2429 1405 in
2479 1346 2674 1419 gloria,
2705 1346 2852 1403 omni
2894 1354 3160 1415 tempore,
3187 1354 3242 1400 et
3267 1344 3356 1401 fac
3384 1353 3446 1400 ut

1855 1437 2104 1494 ferveant
2160 1435 2419 1491 ineﬁ'abili
2466 1444 2522 1491 et
2560 1434 2966 1507 inexcogitabili
3012 1435 3316 1502 charitate,
3344 1451 3444 1505 per

1853 1547 2047 1603 preces
2086 1545 2150 1586 ac
2177 1529 2621 1585 intercessionem
2664 1543 2827 1599 quam
2861 1542 2962 1598 pro
3001 1527 3157 1583 nobis
3186 1526 3313 1581 facit
3338 1526 3444 1581 Do-

1854 1627 1997 1681 mina
2013 1632 2198 1680 nostra
2220 1629 2407 1679 sancta
2424 1629 2479 1678 et
2507 1620 2851 1676 immaculata
2874 1620 3028 1692 virgo
3049 1617 3216 1673 Maria
3238 1634 3250 1682 ;
3270 1625 3323 1672 et
3342 1634 3442 1689 per

1853 1730 2043 1788 preces
2067 1711 2328 1783 majorum
2351 1711 2663 1783 angelorum
2694 1709 3114 1789 splendentium,
3145 1706 3443 1771 Michaelis,

1783 1799 1829 1859 Β
1857 1804 2215 1872 etGahrielis,
2238 1820 2304 1861 ac
2323 1803 2637 1875 Raphaelis,
2665 1812 2719 1859 et
2750 1802 2968 1869 Urielis,
2995 1810 3050 1856 et
3068 1809 3301 1872 quatuor
3327 1794 3445 1854 ani-

1855 1899 2076 1955 malium
2131 1897 2248 1953 sine
2294 1910 2499 1962 carne,
2544 1903 2600 1952 et
2647 1893 2837 1967 viginti
2888 1902 3121 1963 quatuor
3168 1892 3445 1947 seniorum

1854 1989 2008 2057 cmli;
2056 1997 2111 2045 et
2154 1987 2379 2044 Patrum
2410 1995 2719 2044 nostrorum
2762 1994 3077 2042 sanctorum
3111 1982 3446 2055 patriarcha-

1853 2099 1997 2150 rum,
2027 2081 2327 2148 Ahraham,
2358 2079 2528 2146 Isaac,
2574 2086 2631 2135 et
2666 2075 2852 2143 Jacob,
2899 2085 2955 2133 et
2991 2075 3232 2133 omnium
3256 2073 3448 2147 proho-

1856 2191 1976 2230 rum
1999 2173 2222 2230 Patrum
2249 2172 2518 2245 priorum,
2541 2185 2607 2227 ac
2640 2170 2949 2241 quindecim
2982 2167 3204 2223 Patrum
3230 2176 3446 2221 nostro—

1854 2283 1974 2324 rum
2017 2266 2444 2338 prophetarum,
2493 2279 2559 2319 ac
2588 2262 2761 2318 sancti
2805 2259 3033 2317 Joannis
3074 2259 3348 2328 Baptistte,
3393 2263 3448 2314 et

1855 2359 2267 2433 quatuordccim
2296 2358 2526 2414 millium
2551 2371 2844 2430 puerorum
2879 2351 3214 2418 Bethlehem,
3244 2361 3299 2406 et
3336 2351 3444 2406 Pa-

1857 2464 1999 2510 trum
2049 2462 2361 2510 nostrorum
2392 2448 2678 2508 duodecim
2709 2448 3013 2519 principum
3047 2444 3442 2531 apostolorum,

1853 2556 1908 2602 et
1936 2546 2273 2618 septuaginta
2304 2545 2533 2601 duorum
2574 2540 2985 2610 discipulorum,
3036 2546 3092 2594 et
3118 2537 3445 2609 quingento~

1855 2654 1974 2694 rum
2004 2638 2277 2693 sociorum
2310 2649 2532 2701 eorum;
2561 2649 2626 2688 ac
2656 2632 2819 2687 trium
2850 2644 3167 2701 puerorum,
3193 2626 3439 2689 Ananitc,

1851 2732 2084 2797 Azaria',
2111 2739 2171 2787 at
2213 2728 2428 2785 Misael:
2456 2742 2522 2783 ac
2565 2724 2740 2781 sancti
2788 2722 2953 2778 Marci
2999 2719 3346 2792 evangelich
3388 2726 3446 2773 ct

1851 2821 2130 2895 martyris,
2153 2830 2209 2877 et
2232 2819 2407 2876 sancti
2433 2815 2694 2888 Stephani
2719 2812 3111 2879 archidiaconi,
3137 2818 3444 2882 protomar-

1851 2917 2011 2988 tyris,
2043 2925 2099 2971 et
2143 2914 2318 2969 sancti
2356 2911 2574 2984 Georgii
2628 2909 2802 2965 stella:
2850 2906 3097 2972 honoris,
3142 2902 3438 2966 Theodori,

1850 3007 2115 3074 Banadlii,
2141 3006 2373 3072 Claudii,
2401 3004 2577 3061 Minas
2604 3003 2764 3059 electi
2792 3043 2808 3069 ,
2835 3000 3048 3058 Cosmte
3071 3006 3129 3055 et
3168 2996 3441 3061 Damiani,

1851 3112 1908 3159 et
1929 3101 2153 3157 Patrum
2188 3107 2519 3162 nostrorum,
2567 3094 2871 3166 principum
2915 3091 3444 3160 episcoporum‘tre-

1851 3200 2133 3251 contorum
2159 3189 2348 3245 decem
2374 3196 2431 3243 et
2454 3195 2581 3244 octo
2621 3186 2713 3257 qui
2760 3184 2983 3240 fuerunt
3005 3180 3209 3245 Nicete,
3236 3186 3292 3233 et
3315 3191 3444 3232 cens

1852 3292 1962 3339 tum
2011 3279 2407 3353 quinquaginta
2456 3274 2551 3350 qdi
2595 3276 2816 3332 fuerunt
2860 3267 3347 3339 Constantinopoli,
3385 3274 3441 3323 et

1848 3374 2208 3429 ducentorum
2252 3369 2342 3440 qui
2371 3368 2595 3424 fuerunt
2626 3367 2859 3439 Ephesi;
2884 3374 2942 3422 et
2960 3362 3122 3420 Tecla
3153 3360 3439 3424 Aimanor,

1847 3483 2080 3539 quorum
2129 3466 2405 3524 orationes
2434 3472 2487 3519 et
2514 3459 2927 3517 benedictiones
2966 3463 3024 3511 et
3071 3452 3333 3509 auxilium
3378 3464 3441 3505 ac

1845 3559 2019 3632 gratia
2048 3558 2120 3613 sit
2159 3557 2443 3611 nobiscum
2490 3555 2543 3608 in
2594 3551 2792 3608 saecula
2833 3548 3174 3606 smculorum.
3239 3544 3433 3599 Amen.

1843 3649 2073 3706 Istorum
2096 3657 2153 3705 et
2173 3648 2384 3704 illorum
2405 3646 2647 3702 omnium
2670 3642 2955 3701 animabus
2973 3640 3211 3710 requiem
3236 3637 3436 3700 tribue,

1841 3749 1898 3797 et
1927 3742 2186 3797 miserere
2223 3754 2434 3804 eorum,
2464 3738 2535 3793 ob
2582 3737 2635 3792 id
2670 3735 2813 3791 enim
2865 3732 3059 3789 misisti
3106 3744 3138 3786 e
3176 3727 3317 3784 etelo
3340 3724 3435 3781 Fi-

1842 3833 1972 3889 lium
1997 3842 2147 3888 tuum
2176 3832 2227 3887 in
2253 3842 2466 3886 uterum
2490 3827 2748 3900 Virginis.

1910 3925 2179 3982 Diaconus
2202 3924 2326 3977 dicit
2355 3938 2375 3977 :
2399 3921 2498 3989 Qui
2525 3920 2744 3985 sedetis,
2772 3916 3001 3990 surgite.

1910 4016 2171 4073 Sacerdos
2196 4015 2324 4069 dicit
2355 4028 2373 4066 :
2404 4013 2462 4068 In
2500 4027 2607 4082 quo
2639 4018 2906 4083 portatus,
2940 4023 3070 4064 caro
3105 4007 3282 4062 factus
3325 4013 3429 4072 est,

1838 4118 1895 4165 et
1921 4119 2082 4165 notus
2106 4122 2203 4178 per
2229 4105 2492 4177 Spiritum
2522 4110 2770 4159 sanctum
2804 4100 2858 4155 in
2886 4100 3002 4172 ejus
3031 4098 3335 4154 nativitatc.

1910 4199 2178 4254 Diacomts
2203 4198 2374 4253 dicit:
2404 4195 2646 4268 Aspicite
2671 4193 2738 4250 ad
2764 4203 2967 4250 ortum.

1909 4289 2168 4347 Sacerdos
2211 4290 2337 4344 dicit
2383 4302 2407 4342 :
2448 4286 2645 4344 Coram
2697 4293 2750 4341 te
2797 4284 3058 4342 assistant
3099 4282 3266 4338 millia
3309 4282 3431 4338 mil-

1837 4383 1969 4438 lium
2030 4391 2351 4440 sanctorum
2428 4380 2786 4452 angelorum,
2842 4387 2900 4436 et
2969 4377 3273 4451 principum
3337 4390 3429 4433 eo-

1767 4514 1815 4575 o
1842 4489 1982 4575 '“T:

1912 4564 2182 4620 Diaconus
2209 4564 2338 4620 dicit
2372 4577 2393 4617 :
2421 4561 2784 4636 Aspiciamus.

1913 4656 2173 4714 Sacerdos
2213 4658 2390 4713 dicit:
2421 4656 2693 4713 Honorata
2740 4669 2958 4727 quoque
2996 4654 3286 4722 animalia,
3331 4670 3428 4712 sex

1839 4752 1956 4808 alas
1993 4752 2270 4819 trahentia,
2302 4751 2588 4826 Seraphim
2614 4759 2670 4807 et
2698 4750 2991 4808 Cherubim
3017 4750 3113 4821 qui
3138 4764 3262 4807 cum
3292 4749 3429 4805 dua-

1836 4843 1938 4899 bus
1972 4844 2074 4900 alis
2120 4845 2234 4900 suis
2280 4843 2472 4900 faciem
2522 4859 2698 4911 suam,
2751 4852 2809 4900 et
2850 4857 2975 4900 cum
3021 4843 3231 4901 duabus
3260 4844 3429 4916 pedes

1835 4952 1963 4993 suos
1991 4946 2208 5008 tegunt;
2242 4951 2364 4992 cum
2393 4937 2603 4992 duabus
2648 4950 2778 4992 vero
2815 4935 2997 4993 volant
3024 4950 3054 4991 a
3084 4934 3192 4992 ﬁne
3238 4936 3425 4990 mundi

1833 5027 1902 5080 ad
1936 5027 2132 5092 linem;
2181 5026 2323 5082 sicut
2357 5038 2574 5096 semper
2618 5034 2669 5081 te
2697 5024 3047 5083 sanctiﬁcant
3084 5033 3140 5080 et
3179 5024 3422 5090 laudant,

1832 5118 1913 5174 sic
1985 5134 2014 5173 a
2085 5119 2244 5175 nobis
2312 5119 2799 5175 sanctiﬁcationem
2847 5128 3091 5176 nostram
3143 5115 3375 5187 recipias
3404 5148 3420 5180 ,

1832 5211 1924 5283 qui
1955 5212 2189 5267 dicimus
2217 5212 2469 5289 assidue;
2497 5211 2755 5268 Sanctus.

1903 5303 2174 5360 Diaconus
2202 5305 2328 5359 dicit
2360 5319 2379 5359 :
2408 5303 2598 5361 Dicite.

1904 5394 2142 5468 Populus
2167 5398 2295 5451 dicit
2320 5409 2339 5448 :
2368 5395 2601 5453 Sanctus
2619 5438 2635 5465 ,
2664 5404 2887 5453 sanctus
2910 5436 2927 5463 ,
2953 5403 3199 5461 sanctus,
3229 5393 3418 5451 Domi«

1825 5506 1926 5546 nus
1954 5489 2215 5545 Sabaoth.
2246 5487 2492 5545 Perfecte
2517 5488 2661 5559 pleni
2705 5499 2832 5545 sunt
2859 5487 2984 5544 caeli
3014 5498 3069 5544 et
3098 5496 3244 5543 terra
3288 5502 3415 5543 sana

1824 5584 2012 5639 ctitate
2031 5582 2214 5654 gloria:
2239 5590 2359 5637 tum.

213 5740 293 5811 (2)
320 5738 646 5798 Existimant
669 5739 953 5813 Ethiopes
974 5741 1028 5798 in
1060 5742 1160 5799 hac
1180 5741 1393 5814 liturgia
1422 5743 1681 5804 Jacobum
1713 5746 1919 5819 Alplnei
1941 5747 2305 5819 apostolorum
2335 5745 2499 5802 alium
2523 5743 2689 5802 fuisse
2715 5760 2744 5800 a
2766 5743 2967 5803 Jacobo
2997 5743 3165 5802 fratre
3177 5739 3410 5800 Domini.
