3924 6318
544 304 652 361 923

1370 309 1663 369 APPEND.
1704 314 1799 369 AD
1834 314 2004 372 SEO.
2043 314 2112 370 Χ.
2142 345 2212 356 —-
2247 311 2683 372 MONUMENTA
2719 310 2998 371 LITURG.
3656 312 3732 373 iii

617 419 879 477 Sacerdos
902 420 1029 477 dicit
1056 437 1075 475 :
1106 419 1249 479 Vere
1272 425 1415 495 pleni
1439 434 1569 482 sunt
1591 426 1715 485 creti
1743 440 1799 485 et
1827 437 1970 484 terra
1999 444 2125 487 san-
2151 433 2205 491 Α
2230 426 2436 501 Spiritu
2464 435 2654 487 sancto
2680 435 2796 496 tuo,
2824 432 2882 483 et
2915 437 3049 483 sana
3073 435 3174 480 nos
3198 434 3296 497 per
3321 418 3424 478 hoc
3449 421 3735 493 sacriﬁcium,

540 514 735 575 ctitate
770 514 957 585 gloriae
999 524 1102 572 tuae
1125 556 1141 582 ,
1185 531 1282 586 per
1322 518 1610 575 Dominum
1635 560 1653 588 ,
1693 530 1749 578 et
1786 522 2121 578 servaturem

544 614 790 664 nostrum
819 605 1004 663 Jesum
1027 606 1324 674 Christum,
1350 615 1473 665 cum
1496 609 1701 680 Spiritu
1731 621 1921 669 saneto
1947 614 2001 668 in
2024 606 2151 669 sae?

546 697 667 751 cula
690 698 1032 754 saeculorum.
1057 699 1252 755 Amen.
1282 701 1513 759 Sanetus
1538 702 1706 760 Filius
1734 712 1859 760 tuus
1885 707 2034 762 venit
2058 723 2128 762 ex

545 787 764 858 Virgine
790 798 851 844 ιιι
881 790 1213 848 voluntatem
1239 803 1387 849 tuam
1417 793 1756 866 adimpleret,
1779 805 1836 852 et
1870 795 2128 868 populum

542 888 790 935 sanctum
819 881 915 938 tibi
943 882 1244 939 ordinaret.
1952 890 1955 895 ’

618 988 850 1058 Populus
895 991 1071 1047 dicit:
1118 991 1427 1050 SeeUndum
1472 995 1905 1053 misericordiam
1947 984 2117 1067 tuam,

539 1076 787 1143 Domine,
836 1095 937 1135 nec
958 1083 1253 1138 secundum
1280 1094 1500 1155 peccata
1524 1097 1730 1143 nostra.
2116 1090 2119 1091 ⁷

611 1189 871 1246 Sacerdos
900 1193 1028 1247 dicit
1051 1206 1070 1246 :
1102 1193 1360 1252 Extendit
1384 1213 1575 1255 manus
1601 1216 1728 1256 suas
1749 1203 1815 1257 ad
1843 1203 2130 1261 infirmita—

540 1289 670 1335 tem.
704 1282 1015 1341 lnﬁrmatus
1037 1295 1202 1343 estut
1229 1289 1475 1355 inﬁrmos
1499 1302 1717 1355 sanaret
1754 1295 1804 1349 in
1826 1311 1884 1350 se
1908 1282 2133 1371 s‘peran-V

542 1381 645 1427 tes.
671 1372 776 1441 Qui
804 1376 968 1431 etiam
1002 1378 1160 1434 datus
1185 1389 1268 1443 est
1303 1394 1402 1449 per
1424 1376 1756 1453 voluntatem
1801 1402 1952 1443 suam
1982 1388 2131 1441 inﬁr-

545 1466 743 1533 mitati,
789 1476 850 1523 ut
897 1478 1127 1551 mortem
1177 1457 1513 1542 destrueret,
1564 1485 1620 1530 et
1670 1476 1881 1531 vincula
1932 1478 2129 1534 diaboli

542 1558 894 1629 dissolveret,
925 1573 979 1618 et
1004 1548 1240 1621 calcaret
1272 1566 1543 1622 infernum
1565 1608 1580 1634 ,
1611 1570 1811 1639 probos
1840 1554 2129 1643 dirigeret,

540 1653 788 1709 ordinem
826 1654 1118 1726 plantaret,
1161 1667 1218 1715 et
1266 1662 1720 1717 resurrectionem
1754 1679 1907 1718 suam
1953 1650 2130 1741 mani¥

541 1743 786 1800 restaret.
837 1745 895 1801 in
940 1763 1003 1827 ea
1053 1757 1213 1811 nocte
1258 1751 1312 1806 in
1350 1768 1457 1824 qua
1508 1754 1741 1810 traditus
1788 1764 1887 1823 est,
1920 1759 2130 1835 accepit

540 1849 735 1904 panem
766 1837 821 1892 in
852 1849 1067 1919 sanctas
1097 1857 1160 1897 ac
1203 1842 1391 1900 beatas
1439 1852 1494 1899 et
1523 1844 1643 1900 sine
1679 1847 1885 1902 macula
1936 1864 2130 1925 manus

541 1938 693 1991 suas,
737 1927 971 2010 inspexit
1099 1932 1295 2010 uelum
1342 1934 1408 1988 ad
1442 1942 1492 1990 te
1538 1934 1754 1991 Patrem
1796 1952 1974 2005 suum,
2005 1918 2133 2010 graé

543 2017 650 2071 tias
678 2008 1135 2096 egerendum,
1189 2008 1245 2077 et
1286 2011 1676 2103 sanctificavit,
1708 2034 1763 2080 et
1793 2016 1939 2085 dedit
1966 2008 2131 2082 disci-

541 2109 682 2181 pulis
701 2112 813 2167 suis
843 2113 1027 2170 dicens
1045 2131 1058 2167 :
1076 2116 1317 2187 Accipite
1338 2126 1394 2171 et
1416 2119 1682 2173 comedite
1710 2135 1777 2174 ex
1804 2135 1868 2176 eo
1898 2137 2088 2177 omnes
2115 2139 2129 2177 :

542 2193 658 2270 lloc
688 2207 773 2254 est
806 2217 1005 2273 corpus
1038 2219 1238 2274 meum,
1269 2206 1413 2276 quod
1459 2222 1558 2277 pro
1585 2208 1738 2264 vobis
1785 2210 2033 2266 tradetur
2075 2211 2132 2266 in

545 2293 918 2351 remissionem
954 2306 1322 2368 peccatorum.
1356 2298 1550 2354 Amen.
2128 2294 2131 2297 λ

615 2407 853 2478 Populus
893 2410 1061 2465 dicit:
1090 2396 1305 2477 Amen;
1332 2427 1513 2478 amen,
1546 2427 1724 2468 amen.
1769 2413 2053 2471 Credimus
2080 2425 2137 2487 et

546 2499 893 2571 conﬁdimus,
916 2509 972 2556 et
1000 2501 1286 2557 laudamus
1309 2511 1379 2568 te,
1410 2518 1444 2559 ο
1471 2503 1718 2569 Domine,
1754 2504 1895 2560 Deus
1925 2516 2132 2561 noster.

544 2587 658 2646 iloc
683 2605 810 2646 vere
836 2606 1034 2672 corpus
1063 2602 1212 2655 tuum
1241 2601 1374 2663 est._

616 2704 875 2761 Sacerdos
913 2708 1041 2762 dicit
1082 2722 1102 2760 :
1132 2708 1396 2773 Similiter
1425 2710 1674 2776 calicem,
1711 2712 1917 2783 gratias
1944 2728 2134 2785 agens,

543 2797 841 2865 benedixit,
887 2809 941 2855 et
982 2802 1366 2871 sanctiﬁeavit,
1397 2813 1452 2860 et
1495 2803 1631 2859 dixit
1653 2806 1732 2861 eis
1761 2807 2050 2889 :,Accipitc
2081 2817 2138 2875 et

543 2887 712 2945 bibite
738 2905 805 2945 ex
832 2905 898 2947 co
930 2906 1121 2950 omnes
1150 2912 1163 2947 :
1198 2894 1298 2950 Hic
1323 2904 1408 2950 est
1433 2896 1573 2951 calix
1598 2897 1878 2967 sanguinis
1908 2887 2009 2954 mei
2043 2900 2135 2970 qui

543 2995 644 3056 pro
672 2982 826 3038 vobis
868 2981 1172 3050 etiaudetnr
1199 2993 1254 3042 et
1279 3001 1379 3057 pro
1410 2987 1783 3058 redemptione
1814 2990 2130 3047 multorum.

545 3072 736 3126 Amen.

2227 529 2288 576 ut
2325 521 2378 576 in
2412 528 2463 575 te
2493 518 2630 575 salvi
2672 518 2863 583 simus,
2889 529 2987 588 per
3009 504 3194 573 emnia
3235 511 3425 569 saecula
3460 513 3735 573 suaderem.

2226 615 2420 668 Amen.

2297 705 2648 763 Benedictum
2681 702 2757 759 sit
2788 714 2991 758 nomen
3028 701 3266 764 Domini,
3300 705 3355 754 et
3379 697 3661 756 benedictus
3676 701 3742 770 qui

2227 795 2378 850 venit
2451 795 2506 849 in
2560 793 2782 868 nomine
2826 790 3088 858 Domini,
3132 798 3191 851 et
3229 787 3556 861 benedictum
3593 805 3743 847 nomen

2230 887 2412 959 gloriae
2429 886 2565 955 ejus.
2596 880 2879 952 Fiatﬂiat,
2914 883 3029 939 ﬁat.

2241 1016 2251 1023 .
2304 978 2541 1050 Populus
2567 979 2736 1034 dicit:
2767 976 3119 1037 Benedictum
3146 974 3218 1038 sit
3246 988 3442 1031 nomen
3483 971 3684 1039 Domini,
3707 987 3747 1030 et

2229 1071 2546 1131 benedictus
2571 1071 2663 1142 qui
2692 1071 2838 1128 venit
2886 1071 2940 1129 in
2977 1069 3198 1125 nomine
3223 1067 3458 1133 Domini,
3494 1074 3546 1126 et
3581 1067 3750 1124 benedi-

2231 1172 2379 1219 ctum
2408 1178 2603 1219 nomen
2629 1161 2815 1233 glorite
2839 1160 2976 1231 ejus.
3001 1160 3140 1225 Fiat,
3168 1160 3284 1225 ﬁat,
3314 1158 3425 1214 ﬁat.

2304 1253 2566 1312 Sacerdos
2585 1255 2711 1324 dicit
2739 1270 2758 1310 :
2784 1253 2933 1310 Mitte
2952 1254 3185 1327 gratiam
3208 1252 3444 1324 Spiritus
3461 1250 3616 1318 sancti
3632 1266 3752 1323 super

2232 1360 2353 1410 nos,
2381 1346 2626 1417 Domine.
3194 1354 3201 1359 '
3350 1326 3367 1349 ’

2306 1438 2571 1493 Diacouus
2595 1438 2720 1493 dicit
2744 1452 2763 1492 .'
2785 1437 3005 1510 Surgite
3039 1438 3107 1494 ad
3132 1437 3456 1494 orationem.

2307 1527 2569 1596 Sacerdos
2597 1529 2723 1585 dicit
2753 1530 2822 1583 ad
2857 1531 3146 1584 orationem
3169 1527 3455 1600 fragmenti
3475 1542 3496 1583 :

2305 1618 2582 1677 Conﬁteor
2612 1619 2728 1684 tibi,
2773 1619 3030 1685 Domine,
3062 1619 3205 1674 Deus
3247 1632 3402 1674 meus
3440 1616 3756 1687 omnipotens,

2234 1703 2328 1774 qui
2357 1703 2515 1759 sedes
2548 1718 2714 1773 super
2741 1705 2994 1761 thronum
3023 1703 3321 1761 Cherubim
3342 1712 3398 1759 et
3422 1703 3617 1777 habitas
3638 1718 3757 1773 super

2160 1799 2205 1858 B
2231 1794 2470 1860 excelsa,
2505 1802 2560 1849 et
2584 1794 2822 1859 laudaris
2854 1795 2922 1851 ab
2945 1794 3262 1861 humilibus,
3303 1794 3398 1865 qui
3440 1795 3494 1848 in
3534 1794 3757 1864 splendore

2233 1885 2493 1946 existens.
2518 1883 2779 1947 mundum
2805 1884 3109 1956 cognovisti
3139 1892 3194 1943 et
3218 1884 3583 1955 absconditum
3608 1892 3758 1955 myste-

2236 1976 2377 2037 rium
2432 1975 2487 2039 in
2535 1990 2700 2042 cruce
2746 1974 2902 2038 nobis
2930 1973 3239 2057 ostendisti.
3267 1960 3404 2042 Quis
3436 1972 3570 2037 Deus
3600 1972 3758 2027 miseri-

2235 2082 2381 2131 cors,
2408 2074 2465 2121 et
2488 2076 2712 2123 sanctus
2739 2054 2882 2131 sicut
2911 2066 3003 2139 tu?
3042 2054 3291 2130 Potestas
3315 2073 3409 2119 tua
3432 2080 3534 2131 non
3554 2074 3627 2131 est
3647 2063 3758 2119 elon-

2234 2164 2361 2227 gata
2391 2172 2422 2211 a
2452 2155 2631 2225 nobis,
2658 2171 2822 2227 quam
2851 2155 2957 2223 tuis
2984 2155 3178 2211 dedisti
3207 2155 3483 2225 discipulis
3504 2155 3586 2227 qui
3612 2156 3760 2210 mundo

2235 2258 2293 2304 et
2323 2232 2537 2311 sincero
2564 2249 2728 2304 corde
2759 2248 2855 2304 tibi
2886 2248 3129 2316 serviunt
3166 2256 3223 2303 ct
3250 2246 3488 2304 oﬂ’erunt
3522 2247 3608 2311 tibi
3638 2246 3761 2303 sacri-

2236 2340 2419 2407 [icium
2447 2323 2811 2405 suaveolentis
2845 2339 3048 2407 odoris,
3091 2354 3191 2409 per
3219 2339 3511 2409 Dominum
3528 2348 3578 2393 et
3612 2336 3760 2392 Sem-

2239 2442 2412 2488 torem
2437 2440 2682 2499 nostrum
2708 2431 2897 2488 Jcsum
2919 2417 3195 2487 Christum
3216 2432 3327 2499 cui,
3355 2442 3410 2487 et
3440 2432 3549 2499 tibi,
3571 2440 3619 2485 et
3640 2429 3762 2500 Spiri-

2239 2512 2318 2580 tui
2349 2534 2540 2581 sancto
2587 2524 2661 2579 sit
2702 2523 2905 2598 gratia,
2947 2523 3140 2605 honor,
3186 2531 3243 2579 et
3289 2523 3482 2607 gloria,
3528 2522 3579 2577 in
3617 2520 3762 2577 secula

2238 2618 2584 2683 seculorum.

2307 2712 2581 2773 Diaconus
2630 2711 2759 2772 dicit
2821 2726 2842 2772 ε
2897 2711 3003 2780 Qui
3068 2712 3229 2775 statis
3256 2751 3273 2778 ,
3323 2709 3593 2773 humiliate
3635 2706 3762 2778 capit:

2238 2815 2421 2862 vestra
2430 2843 2447 2860 .
3205 2811 3210 2814 ’

2272 2928 2277 2933 ι
2310 2896 2574 2957 Sacerdos
2601 2897 2728 2952 dicit
2750 2911 2770 2957 :
2793 2896 3042 2965 Domine,
3071 2898 3164 2968 qui
3193 2896 3417 2955 habitas
3434 2910 3585 2967 super
3606 2893 3761 2951 Cheru-

2237 2991 2372 3058 liim,
2415 2999 2472 3046 et
2517 2991 2745 3060 respicis
2782 3005 2947 3061 super
2973 2990 3229 3060 populum
3262 2998 3420 3045 tuum
3459 2997 3516 3044 et
3540 2985 3759 3041 haeredita-

2241 3091 2349 3138 tem
2394 3092 2562 3149 tuam,
2612 3081 2842 3137 benedic
2869 3095 3058 3138 servos
3085 3091 3205 3137 tuos
3233 3090 3291 3138 et
3334 3078 3760 3139 aucillastuas,et

620 3161 856 3235 Populus
880 3167 1008 3234 dicit
1035 3182 1054 3232 ς
1088 3168 1258 3233 Amen
1282 3209 1297 3237 ,
1327 3185 1485 3226 amen
1512 3212 1527 3234 ,
1555 3188 1734 3227 amen.
1763 3172 2048 3229 Credimus
2078 3187 2132 3230 et
2162 3162 2206 3223 C
2239 3175 2379 3229 ﬁlios
2401 3189 2623 3239 eorum;
2658 3173 2965 3244 portionem
2994 3173 3173 3230 tribue
3193 3172 3273 3229 eis
3303 3171 3397 3242 qui
3427 3173 3491 3227 de
3510 3167 3759 3225 miraculost

482 3324 493 3331 _
549 3254 891 3322 conﬁdimus,
917 3267 973 3314 et
993 3258 1276 3324 laudamus
1316 3268 1389 3325 te,
1419 3262 1729 3329 Q'Domine,
1761 3262 1897 3317 Deus
1924 3275 2133 3333 noster,

550 3346 651 3407 llic
686 3362 815 3402 vere
848 3351 1068 3418 sanguis
1093 3360 1216 3407 tuus
1242 3359 1345 3419 est.

622 3437 883 3492 Sacerdos
924 3439 1050 3501 dicit
1104 3455 1123 3494 :
1173 3442 1399 3510 Quoties
1449 3444 1554 3511 hoc
1614 3443 1874 3515 feceritis,
1921 3446 1975 3502 in
2029 3448 2135 3504 mei

551 3529 870 3585 memoriam
904 3530 1135 3589 facietis.

622 3619 860 3691 Populus
897 3625 1021 3679 dicit
1049 3639 1069 3677 .'
1098 3626 1499 3699 Annuntiamus
1547 3641 1777 3686 mortem
1828 3642 1997 3698 tuam,
2026 3633 2138 3691 Do-

554 3710 719 3778 mine,
769 3722 824 3769 et
852 3726 1099 3772 sanctam
1141 3721 1605 3785 resurrectionem
1653 3732 1835 3792 tuam;
1866 3726 2139 3789 credimus

553 3806 927 3861 ascensionem
959 3817 1124 3874 tuam,
1175 3814 1572 3875 etsecundutn
1618 3815 1909 3871 adventum
1954 3828 2138 3886 tuum;

553 3910 808 3965 rogamus
853 3909 924 3965 te,
973 3901 1198 3958 Domine
1245 3903 1652 3975 Deus.nostcr;
1692 3909 1805 3965 haec
1847 3927 1975 3968 vera
2022 3928 2141 3971 esse

552 3988 846 4045 credimus.
868 4010 873 4015 ·

625 4078 880 4136 Sacerdos
928 4083 1104 4140 dicit:
1129 4085 1284 4141 Nunc
1329 4097 1510 4144 autem
1561 4091 1910 4147 recordamur
1952 4096 2144 4152 mortis

557 4180 662 4228 tuae
693 4182 749 4228 et
793 4178 1213 4241 resurrectionis
1257 4188 1385 4246 tuae,
1427 4181 1812 4253 olleriniusque
1861 4186 1956 4242 tibi
1999 4188 2145 4243 hunc

555 4281 750 4337 panem
783 4277 837 4322 et
864 4270 1008 4324 hunc
1034 4271 1291 4338 calicem,
1313 4256 1514 4344 tibique
1537 4278 1743 4346 gratias
1766 4279 1976 4350 agimus
2000 4280 2145 4350 quod

544 4364 655 4430 'per
684 4360 788 4416 hoc
817 4361 1145 4419 sacriﬁcium
1171 4366 1361 4437 dignos
1390 4384 1488 4424 nos
1518 4370 1693 4426 fecisti
1723 4374 1904 4427 standi
1931 4374 1983 4428 in
2011 4387 2146 4429 cons

560 4464 745 4521 specta
778 4464 889 4522 tuo,
922 4466 975 4512 et
1014 4460 1348 4515 sacerdotale
1376 4462 1610 4519 cilicium
1654 4481 1837 4521 coram
1885 4476 1936 4522 te
1983 4483 2145 4523 exse-

560 4549 791 4616 quendi;
814 4566 1035 4608 oramus
1064 4562 1132 4620 te,
1156 4555 1399 4622 Domine,
1417 4566 1471 4612 et
1499 4574 1527 4611 a
1554 4567 1605 4613 te
1628 4559 1891 4615 instanter
1919 4562 2150 4631 petimus

560 4651 625 4699 ut
678 4644 865 4700 mittas
912 4644 1174 4716 Spiritum
1204 4659 1448 4705 sanctum
1488 4666 1650 4722 super
1686 4652 1831 4709 hunc
1857 4670 2053 4725 panem
2097 4663 2154 4710 et
2190 4696 2197 4703 .

561 4734 707 4792 hunc
739 4737 989 4804 calicem,
1026 4740 1277 4797 videlicet
1324 4756 1520 4814 corpus
1566 4752 1619 4799 et
1665 4747 1985 4817 sanguinem
2038 4747 2149 4803 Do-

562 4832 697 4887 mini
739 4840 794 4888 et
836 4834 1132 4891 servatoris
1176 4837 1345 4893 nostri
1390 4836 1517 4891 Jesu
1559 4838 1797 4906 Christi,
1843 4841 1898 4895 in
1953 4840 2146 4896 saecula

563 4923 906 4980 saaculorum.
967 4928 1159 4981 Amen.
1208 4926 1411 4982 Tribue
1456 4929 1615 4983 simul
1664 4930 1914 4986 omnibus
1963 4948 2033 4987 ex
2083 4947 2150 4987 eo

563 5018 924 5082 sumentibus,
955 5026 1019 5072 ut
1064 5018 1261 5073 linteis
1290 5020 1355 5073 ad
1386 5021 1869 5076 sanctiﬁcationem
1894 5031 1949 5078 et
1980 5023 2149 5093 pleni-

565 5109 1103 5179 tudinem:Spiritus
1161 5110 1335 5164 sancti
1402 5119 1457 5165 et
1529 5111 1595 5165 ad
1650 5112 2148 5167 corroborationem

564 5200 708 5267 ﬁdei,
741 5212 796 5257 ut
839 5204 1180 5258 sanctiticent
1202 5212 1255 5262 et
1282 5203 1500 5259 laudent
1529 5212 1580 5259 te
1602 5246 1616 5267 ,
1656 5220 1754 5274 per
1781 5206 2065 5261 Dominum
2096 5215 2154 5261 et

565 5304 902 5353 servatorem
945 5304 1190 5352 nostrum
1240 5294 1423 5351 .lesum
1465 5297 1742 5353 Christum
1788 5314 1912 5353 cum
1962 5309 2151 5354 sancto

547 5389 799 5460 .Spii‘itu,
829 5390 883 5444 in
915 5389 1113 5445 satcula
1143 5388 1485 5472 saeculorum.
1523 5391 1718 5445 Amen.
1812 5390 1815 5393 ’

636 5480 907 5537 Diaconus
944 5482 1072 5538 dicit
1121 5495 1141 5534 :
1194 5482 1514 5550 Qumsutnus
1571 5494 1661 5547 te,
1712 5481 1960 5551 Domine,
2011 5484 2154 5542 Deus

569 5581 777 5641 noster,
829 5583 944 5630 toto
989 5575 1177 5641 corde,
1223 5583 1283 5630 ut
1333 5575 1429 5630 des
1463 5573 1618 5629 nobis
1667 5575 1864 5630 bonam
1917 5575 2153 5647 Spiritus

571 5664 743 5720 sancti
767 5664 1043 5721 unionem.

641 5753 901 5813 Sacerdos
949 5757 1181 5830 sequitur
1228 5760 1354 5817 :Da
1396 5760 1553 5819 nobis
1595 5770 1655 5819 ut
1697 5761 2052 5835 ceujugamur
2096 5763 2149 5820 in

2238 3280 2422 3321 mensa
2455 3275 2541 3319 tua
2571 3279 2785 3319 sumere
2807 3264 3034 3319 veniunt
3061 3279 3161 3334 pro
3187 3263 3393 3319 mentis
3417 3260 3761 3334 purgatione,et

2236 3364 2583 3424 peccatorum
2614 3354 2976 3421 remissione,
3023 3356 3339 3424 unionequc
3382 3351 3601 3423 Spiritus
3638 3346 3759 3402 sancti

2238 3461 2305 3501 ac
2349 3446 2526 3501 salute
2557 3446 2754 3502 animae
2793 3454 2851 3502 et
2894 3446 3270 3525 corporis,iet
3314 3443 3618 3500 haereditate
3656 3435 3761 3508 regni

2237 3541 2498 3598 caelorum
2524 3581 2541 3608 ,
2598 3556 2720 3596 cum
2774 3540 2979 3607 honore
3025 3548 3082 3595 et
3125 3538 3433 3603 voluntate,
3474 3550 3564 3606 per
3602 3531 3762 3587 unicum

2239 3634 2435 3689 Filium
2475 3643 2649 3698 tuum,
2702 3633 2823 3699 cui,
2848 3642 2905 3692 et
2929 3632 3024 3688 tibi
3070 3647 3193 3687 cum
3223 3645 3308 3695 eo,
3355 3638 3412 3686 et
3450 3642 3566 3685 cum
3610 3620 3762 3693 Spiritu

2239 3736 2431 3783 sancto
2452 3726 2571 3799 laus
2596 3736 2649 3781 et
2674 3726 2871 3798 gloria,
2898 3740 3061 3792 nunc,
3093 3734 3150 3781 et
3172 3739 3413 3795 semper,
3456 3732 3512 3778 et
3545 3722 3593 3777 in
3621 3713 3763 3774 secuit

2242 3818 2586 3887 saeculorum.
2609 3817 2805 3873 Amen.
3120 3868 3125 3873 .
3200 3815 3205 3821 ⁷

2310 3911 2453 3965 Dicit
2488 3911 2847 3966 subdiaconus
2881 3927 3001 3966 cum
3032 3910 3225 3982 populo
3246 3926 3267 3966 :
3293 3910 3569 3965 Exercitus
3605 3900 3763 3973 angelo-

2243 4016 2366 4061 rum
2412 4000 2715 4057 Salvatoris
2762 4001 2951 4057 mundi
2997 4009 3145 4056 stant
3185 4016 3374 4057 coram
3417 4015 3520 4067 eo,
3557 4006 3606 4053 et
3629 3994 3761 4065 legunt

2244 4110 2443 4165 corpus
2488 4103 2544 4149 et
2590 4095 2915 4165 sanguinem
2962 4095 3177 4152 Domini
3224 4104 3281 4150 et
3323 4092 3606 4151 Salvatoris
3642 4082 3762 4143 nostri

2243 4184 2372 4243 Jesu
2404 4185 2609 4241 Christi
2642 4205 2656 4240 :
2684 4187 3009 4243 accedamus
3035 4195 3162 4242 ante
3188 4184 3387 4244 faciem
3409 4186 3541 4257 ejus,
3562 4191 3611 4238 et
3632 4180 3673 4235 in
3692 4174 3764 4230 inde

2246 4292 2370 4332 eum
2412 4294 2470 4333 1‘0
2478 4293 2784 4335 vereamur.
3154 4324 3159 4327 ι
3342 4336 3347 4339 .

2317 4368 2587 4425 Diaconus
2613 4369 2740 4423 dicit
2771 4384 2791 4423 .'
2823 4369 3062 4426 Aderate
3087 4371 3260 4426 Deum
3290 4385 3413 4425 cum
3443 4368 3634 4423 timore.

2258 4506 2265 4513 .
2324 4461 2583 4517 Sacerdos
2629 4463 2754 4517 dicit
2781 4479 2803 4520 :.
2832 4465 3057 4520 Domine
3101 4464 3246 4520 Deus
3292 4465 3630 4533 omnipotens.
3663 4454 3764 4511 53"”

2253 4556 2450 4611 animae
2486 4564 2543 4611 et
2570 4556 2817 4627 corporis
2860 4557 3057 4625 nostri,
3087 4556 3180 4627 qui
3224 4571 3325 4627 per
3352 4570 3414 4612 os
3440 4554 3553 4610 Filii
3594 4549 3657 4605 tui
3687 4543 3765 4600 uni-

2253 4648 2443 4721 geniti,
2474 4648 2686 4704 Domini
2719 4648 2834 4714 Dei,
2865 4658 2922 4704 et
2944 4649 3239 4704 servatoris
3264 4647 3436 4704 nostri
3462 4645 3576 4702 Jesu
3597 4634 3763 4697 Christi.

2253 4741 2437 4796 dixisti
2469 4740 2617 4795 Patri
2662 4750 2851 4797 nostro
2878 4740 3041 4797 Petro
3078 4759 3092 4796 :
3134 4741 3214 4796 Τιι
3250 4756 3312 4796 es
3340 4739 3555 4803 Petrus,
3579 4743 3626 4790 et
3647 4740 3763 4800 super

2252 4834 2395 4889 hanc
2418 4842 2630 4904 petram
2660 4834 2942 4889 :ediﬁcabo
2970 4834 3268 4890 Ecelesiam
3310 4848 3481 4891 meam
3504 4873 3519 4900 ,
3559 4839 3607 4886 et
3641 4833 3763 4899 pom!

2252 4926 2449 4982 inferni
2490 4942 2596 4982 non
2645 4919 3017 4997 praevalebunt
3066 4927 3327 4982 adversus
3373 4941 3488 4981 eam
3517 4920 3762 4979 concutien-

2249 5020 2397 5085 dam,
2442 5027 2498 5074 et
2540 5018 2636 5073 tibi
2664 5019 2803 5073 dabo
2827 5018 3011 5073 claves
3041 5020 3192 5091 regni
3235 5017 3510 5080 ctelorum,
3536 5021 3762 5084 quemcnn-

2247 5126 2353 5182 que
2394 5110 2653 5179 ligaveris
2698 5124 2862 5180 super
2909 5119 3111 5169 terram
3157 5110 3264 5165 erit
3323 5109 3509 5179 ligatus
3544 5104 3597 5159 in
3631 5095 3759 5155 caelis.

2249 5214 2303 5259 et
2330 5217 2709 5275 quemcunque
2766 5201 2996 5258 solveris
3037 5216 3203 5271 super
3246 5210 3440 5255 terram
3479 5196 3572 5252 erit
3607 5189 3761 5247 solutus

2252 5298 2305 5353 in
2335 5297 2511 5363 caelis,
2540 5298 2651 5353 sint
2680 5296 2844 5352 soluti
2876 5295 3019 5350 servi
3049 5296 3123 5348 tui
3157 5302 3216 5349 et
3249 5291 3454 5347 ancillae
3475 5297 3586 5350 tute,
3623 5282 3675 5335 ab
3692 5287 3760 5331 οτο

2258 5402 2462 5448 sanctae
2488 5391 2798 5457 Trinitatis,
2832 5389 3032 5456 Patris,
3065 5397 3118 5444 et
3159 5387 3301 5452 Filii,
3344 5392 3399 5441 et
3438 5380 3642 5453 Spiritus
3667 5382 3758 5427 san'

2257 5485 2329 5542 cti
2356 5526 2370 5549 ,
2401 5494 2457 5541 et
2502 5464 2668 5541 etiam
2698 5485 2767 5542 ab
2800 5499 2898 5540 ore
2942 5496 3063 5538 meo
3086 5522 3103 5549 ,
3142 5496 3300 5537 servo
3328 5487 3414 5535 tuo
3448 5477 3689 5547 peccatore
3720 5467 3758 5513 ει

2258 5577 2430 5649 culpis
2457 5576 2634 5648 pleno.
2686 5576 2931 5641 Domine,
2962 5575 3103 5630 Deus
3132 5583 3337 5638 noster,
3362 5579 3413 5625 tu
3438 5565 3565 5623 tollis
3585 5561 3755 5633 pem“

2256 5668 2466 5731 mundi,
2481 5668 2695 5739 suscipe
2714 5665 3088 5736 pomitentiam
3111 5676 3386 5720 servorum
3408 5655 3670 5719 tuorum,e|
3685 5656 3754 5739 at"

2256 5730 2500 5817 cillarum
2516 5730 2747 5816 tuarum.
2767 5757 2909 5817 Oriri
2932 5757 3015 5815 fac
3035 5756 3475 5832 supereoslumen
3487 5748 3606 5805 vitae.
3619 5730 3751 5798 Εῖθυε
