3924 6318
108 371 212 425 923

1421 350 1625 413 IllSSA
1661 354 1773 412 ET
1781 356 2063 416 HIOPUM.

3256 348 3361 403 926

102 485 173 541 ab
204 484 289 542 eis
313 492 534 557 peccata
574 497 761 541 eorum
787 522 801 547 ,
827 480 1085 551 quoniam
1115 487 1172 533 tu
1205 491 1264 533 es
1301 476 1610 530 misericors
1634 482 1686 527 et
1716 479 1764 535 Α
1792 470 2235 544 ιεπιροιιθῬοηιίἰ
2277 469 2460 536 Piiati,
2491 483 2600 540 quo
2642 482 2701 524 se
2741 476 2934 557 sponte
2970 466 3219 536 'prmbuit
3266 482 3364 557 pro

101 580 419 641 miser-ator,
464 576 731 640 Domine,
776 574 919 629 Deus
962 581 1168 634 noster,
1218 568 1425 623 alienus
1470 567 1539 620 ab
1586 565 1687 627 ira,

96 670 393 723 abundans
435 666 843 731 misericordiae,
882 673 937 719 et
974 679 1101 717 vere
1134 660 1331 730 justus.
1373 658 1597 726 Quando
1636 652 1689 709 in

95 765 152 811 te
212 773 525 826 peccamus,
580 746 958 819 Domine,'aut
1003 754 1349 821 cogitatione,
1379 762 1474 805 aut
1496 747 1682 812 verbo,

92 859 197 902 aut
230 865 414 920 opere,
447 836 635 919 parce,
662 847 864 911 evelle,
905 855 960 900 et
988 853 1318 915 compatere,
1353 841 1607 912 quoniam
1633 847 1686 891 lu

92 957 157 997 es
208 943 523 1018 misericors
572 949 625 996 et
672 939 1220 994 hominumamator.
1258 935 1511 997 Domine
1546 933 1689 987 Deus

96 1041 320 1097 noster,
372 1031 519 1086 solve
554 1048 653 1086 nos
683 1045 892 1094 omnes,
928 1036 983 1083 et
1030 1041 1219 1087 omnes
1262 1024 1487 1096 populos
1518 1033 1637 1077 tuos
1669 1040 1683 1076 :

96 1123 276 1187 solie,
306 1123 561 1188 Domine;
585 1138 856 1179 summum
896 1120 1205 1192 pontiﬁcem
1235 1128 1476 1175 nostrum
1506 1116 1597 1183 N.,
1632 1123 1689 1171 et

96 1227 351 1269 sanetum
382 1232 447 1271 ac
496 1215 711 1270 beatum
745 1214 1041 1269 antistitem
1075 1221 1319 1269 nostrum
1366 1210 1460 1277 N.,
1488 1220 1543 1266 et
1570 1225 1688 1266 om-

96 1320 201 1360 nes
225 1306 360 1360 alios
385 1304 691 1375 pontifices,
736 1304 1041 1375 episcopos,
1073 1302 1382 1357 sacerdotes
1415 1309 1471 1361 et
1505 1300 1686 1361 diaco-

99 1416 226 1466 nos,
264 1401 417 1471 juxta
449 1415 637 1456 eorum
668 1398 887 1454 nomina
935 1396 1288 1452 custodiendo
1331 1395 1535 1453 custodi
1590 1410 1687 1451 eos

99 1498 327 1559 prepter
357 1505 477 1555 nos,
534 1488 600 1542 ad
642 1487 841 1543 multos
878 1502 1048 1541 annos
1092 1494 1146 1541 et
1184 1485 1250 1543 ad
1299 1485 1485 1557 longos
1528 1485 1641 1540 dies
1667 1526 1682 1550 ,

99 1580 153 1635 in
178 1580 387 1650 justitia
418 1591 471 1635 et
506 1596 659 1650 pace.
693 1578 874 1644 Solve,
910 1578 1157 1643 Domine,
1190 1594 1370 1647 regem
1413 1584 1680 1641 nostrum,

95 1670 190 1736 Ν..
227 1672 297 1724 ab
327 1670 473 1726 omni
501 1670 716 1725 vinculo
750 1669 1090 1725 delictorum.
1116 1668 1405 1732 Memento,
1435 1667 1680 1731 Domine,

95 1760 337 1813 omnium
380 1759 762 1814 dormientium
793 1767 846 1812 et
872 1758 1264 1827 quicsceutium
1293 1757 1347 1811 in
1383 1754 1485 1812 ﬁde
1520 1754 1681 1813 Chri-

1789 567 1944 623 nobis
1969 564 2192 635 in'ligno
2217 571 2409 617 sancto
2430 560 2856 617 crucis.-Amen.
2900 556 3078 613 Credo
3105 595 3124 620 ,
3175 555 3362 618 credo,

1789 657 1952 713 credo
1987 655 2132 725 quod
2169 653 2425 708 divinitas
2452 667 2558 707 non
2606 652 2678 707 sit
2711 657 2967 721 separata
3015 647 3085 702 ab
3112 645 3363 701 humani-

1790 755 1919 813 tate,
1947 761 2014 801 ne
2041 746 2173 801 hora
2199 744 2438 815 quidem,
2468 757 2647 813 neque
2672 757 2770 812 per
2798 742 2962 795 ictum
3001 738 3142 794 oculi
3169 754 3184 803 ;
3217 737 3365 791 dedit

1789 849 1968 895 autem
1997 852 2058 893 se
2083 853 2184 908 pro
2209 834 2363 892 nobis
2401 837 2469 891 ad
2515 834 2745 890 salutem
2791 840 2846 889 et
2891 832 2944 886 in
2984 829 3360 885 remissionem

1785 937 2153 1001 peccatorum,
2184 937 2240 983 et
2279 928 2347 982 ad
2387 928 2552 981 vitam
2594 933 2850 980 aeternam
2891 919 3359 990 consequendam,

1786 1023 2128 1078 sumentibus
2155 1036 2278 1077 eum
2307 1021 2376 1089 'in
2404 1019 2656 1076 veritate.
2699 1016 2890 1071 Amen.
2938 1013 3145 1075 Credo,
3176 1012 3359 1075 credo,

1786 1114 1952 1169 credo
1979 1127 2043 1168 ex
2098 1126 2239 1169 nunc
2266 1151 2282 1175 ,
2312 1119 2371 1165 et
2392 1122 2566 1180 usque
2608 1108 2663 1163 in
2695 1106 2971 1163 saeculum.
3013 1103 3204 1158 Amen.
3237 1100 3362 1155 Haec

1784 1203 1899 1272 ejus
1938 1213 2060 1259 sunt
2092 1203 2183 1273 qui
2214 1201 2407 1274 dignus
2451 1208 2535 1256 est
2575 1199 2781 1255 honore
2809 1236 2824 1262 ,
2870 1195 3077 1267 gloria,
3124 1201 3360 1248 etreve-

1785 1294 1982 1348 rentia.
2514 1330 2521 1341 ρ
2824 1330 2831 1335 -
3110 1287 3117 1299 ’

1862 1385 1981 1450 Hic,
2010 1385 2252 1441 sacerdos
2279 1385 2646 1453 sumitcorpus
2672 1391 2721 1438 ct
2758 1383 3086 1453 sanguinem,
3113 1389 3161 1434 et
3182 1375 3358 1451 'p‘ostea

1783 1479 2130 1532 communicat
2177 1493 2243 1530 ea:
2286 1477 2467 1531 eadem
2536 1475 2707 1530 hostia
2766 1474 3021 1527 ministris
3066 1468 3360 1539 sacriﬁcii;

1783 1570 1957 1623 dicens
1985 1585 2004 1623 :
2042 1568 2155 1623 Hoc
2180 1577 2264 1623 est
2293 1583 2511 1638 corpus,
2544 1575 2646 1621 etc.

1856 1659 2122 1714 Diacomts
2150 1660 2278 1714 dicit
2302 1676 2321 1714 :
2347 1658 2510 1714 Orate
2539 1674 2637 1729 pro
2683 1657 2859 1721 nohis,
2891 1665 2942 1712 et
2982 1670 3083 1727 pro
3109 1654 3363 1710 omnibus

1781 1751 1993 1823 populis
2014 1752 2360 1816 Christianis,
2385 1760 2441 1807 et
2466 1751 2681 1808 illorum
2717 1749 3033 1805 memoriam
3079 1746 3243 1803 facile
3269 1745 3360 1816 qui

93 1849 190 1915 sti,
216 1848 419 1905 colloca
447 1850 659 1905 animas
683 1864 871 1905 eorum
901 1848 954 1902 in
983 1848 1103 1902 sinu
1135 1846 1383 1912 Abrahae,
1424 1846 1597 1911 Isaac,
1626 1854 1680 1901 et
1708 1835 1754 1896 B
1781 1842 1938 1899 nobis
1966 1841 2218 1897 dixerunt
2239 1852 2296 1896 ut
2324 1842 2406 1897 sui
2443 1841 2878 1906 rccordaremur,
2906 1837 3124 1894 laudate
3143 1846 3198 1892 et
3220 1834 3362 1907 psal-

92 1940 285 2008 Jacob,
307 1950 361 1996 et
384 1942 549 1998 libera
576 1958 675 1998 nos
702 1942 770 1997 ab
794 1941 1044 1997 omnibus
1071 1940 1242 2011 culpis
1262 1949 1319 1995 et
1345 1940 1679 1995 maledictio-

92 2032 278 2098 nibus,
323 2042 379 2088 et
418 2033 486 2088 ab
518 2032 771 2088 omnibus
819 2031 1267 2102 abnegationibus
1314 2029 1593 2093 veritatis,
1623 2037 1679 2083 et

93 2125 166 2178 ah
197 2124 451 2180 omnibus
493 2124 769 2195 perjurlis,
818 2139 883 2179 ac
930 2124 1307 2179 communione
1355 2121 1676 2181 infidelium.

92 2225 148 2271 et
192 2216 471 2286 gentilium
502 2258 519 2283 ,
584 2231 647 2272 ac
696 2215 1097 2271 haereticorum.
1146 2215 1221 2270 Da
1274 2216 1431 2271 nobis
1479 2231 1576 2271 cor
1622 2224 1678 2270 et

90 2305 504 2379 intelligentiam
544 2305 851 2378 aufugiendi
900 2307 967 2359 ab
995 2305 1246 2360 omnibus
1280 2307 1533 2375 operibus
1562 2306 1677 2360 dia-

90 2394 234 2461 boli;
265 2397 331 2450 da
359 2396 517 2452 nobis
545 2405 602 2450 ut
632 2395 894 2452 faciamus
918 2395 1247 2451 voluntatem
1271 2406 1418 2451 tuam
1448 2397 1500 2451 in
1529 2396 1675 2454 omni

95 2499 360 2560 tempore,
393 2501 447 2546 et
471 2490 716 2547 describe
746 2490 963 2551 nomina
995 2499 1177 2546 nostra
1211 2490 1263 2544 in
1291 2490 1472 2560 regnis
1514 2489 1678 2545 ecclo-

91 2598 235 2648 rum,
278 2592 334 2638 et
362 2582 629 2655 conjunge
659 2598 782 2639 cum
822 2582 1074 2639 omnibus
1102 2583 1309 2640 sanctis
1336 2593 1391 2638 et
1423 2583 1678 2655 martyri-

91 2674 194 2728 bus
224 2688 321 2743 per
355 2673 537 2731 Jesum
564 2673 842 2730 Christum
872 2675 1154 2749 Dominum
1179 2685 1447 2740 nostrum,
1480 2674 1587 2740 cui,
1612 2689 1676 2731 ac

96 2762 217 2829 tibi,
243 2772 303 2818 et
325 2763 552 2834 Spiritui
584 2770 770 2819 sancto
798 2764 868 2819 sit
904 2764 1093 2835 gloria,
1138 2773 1195 2819 et
1222 2764 1485 2835 potentia,
1530 2780 1674 2821 nunc

84 2861 145 2907 et
171 2844 406 2925 semper,
434 2867 489 2909 et
512 2855 563 2909 in
597 2855 792 2911 saecula
819 2855 1157 2910 suaculorum.
1184 2855 1377 2913 Amen.

150 2942 420 2999 Diaconus
446 2946 615 3001 dicit:
642 2945 1015 3017 Inspiciamus.

152 3031 431 3099 Sacerdos,
484 3032 914 3090 Sanctum'date
975 3037 1201 3091 sanctis.

151 3121 388 3194 Populus
426 3125 595 3178 dicit:
635 3124 789 3181 Unus
819 3134 979 3196 pater
1020 3136 1242 3184 sanctus
1268 3168 1285 3194 ,
1328 3144 1469 3185 unus
1498 3128 1669 3187 Filius

82 3223 326 3277 sanctus,
351 3231 491 3269 unus
521 3224 605 3270 est
632 3214 870 3285 Spiritus
899 3225 1144 3273 sanctus.

151 3304 415 3361 Sacerdos
444 3307 569 3361 dicit
595 3324 613 3363 :
644 3307 905 3363 Dominus
930 3310 1211 3365 vobiscum
1235 3312 1325 3367 sit.

150 3391 389 3463 Populus
428 3395 597 3450 dicit:
626 3396 691 3450 Et
720 3412 845 3451 cum
872 3398 1069 3468 spiritu
1099 3408 1213 3453 tuo.

151 3485 435 3553 Sacerdos,
487 3487 691 3543 elevans
722 3500 1130 3554 sacramentum,
1170 3491 1295 3545 dicit
1346 3490 1455 3546 alta
1501 3506 1665 3547 roce:

147 3578 398 3646 Domine,
429 3579 555 3636 Jesu
582 3581 818 3646 Christe,
849 3581 1107 3636 miserere
1153 3583 1320 3636 nostri
1352 3600 1367 3648 ;
1415 3584 1671 3649 Domine,

76 3670 203 3726 Jesu
232 3670 465 3737 Christe,
491 3673 749 3729 miserere
770 3673 976 3738 nostri;
1003 3671 1247 3737 Domine,
1270 3673 1396 3729 Jesu
1423 3674 1660 3742 Christe,

78 3763 339 3818 miserere
375 3765 565 3819 nostri.

149 3852 347 3924 Populi
376 3857 623 3910 reiterant
654 3855 835 3911 eadem
865 3859 1040 3912 verba.

148 3942 407 4001 Sacerdos
432 3947 589 4000 dicit:
616 3947 864 4009 Oremus.
883 3949 973 4019 qui
1012 3951 1143 4003 estis
1171 3951 1516 4018 pomitcutes.
1548 3932 1657 4006 lin;

75 4036 285 4091 miliatc
314 4038 488 4108 capita
520 4048 721 4095 vestra.
773 4039 994 4109 Surgite
1028 4043 1094 4096 ad
1142 4043 1498 4099 adm-andum.
1548 4045 1660 4100 Pax

73 4129 333 4184 omnibus
363 4129 536 4185 vobis.

148 4218 389 4291 Populus
418 4221 587 4276 dicit:
617 4223 685 4278 Et
710 4238 833 4280 cum
871 4225 1063 4295 spiritu
1093 4236 1203 4281 tuo.

90 4314 95 4317 ⁴
148 4315 414 4371 Sacerdos
439 4314 567 4370 dicit
588 4334 607 4371 :
635 4316 748 4373 Hoc
777 4325 859 4374 est
887 4334 1082 4389 corpus
1113 4329 1385 4386 sanctum,
1419 4322 1659 4376 honora-

73 4416 189 4460 tum
221 4414 278 4461 et
306 4405 466 4461 vitale
499 4408 710 4462 Domini
737 4416 792 4463 et
820 4411 1117 4465 servatoris
1146 4411 1315 4465 nostri
1344 4410 1471 4465 Jesu
1498 4411 1658 4467 Chri-

72 4501 169 4562 sti,
208 4500 352 4569 quod
382 4500 564 4554 datum
596 4508 677 4556 est
720 4501 773 4555 in
819 4503 1198 4557 remissionem
1229 4512 1572 4575 peccatorum
1608 4513 1661 4559 et

70 4589 141 4641 ad
173 4589 339 4644 vitam
382 4599 639 4645 :cternam
696 4592 1131 4660 consequendam
1162 4635 1176 4657 ,
1232 4572 1359 4648 vere
1394 4595 1657 4649 sumenti-
1686 4572 1739 4631 D

68 4679 175 4735 bus
202 4680 399 4750 ipsum.
427 4681 620 4736 Amen.
649 4681 746 4737 llic
787 4691 872 4736 est
900 4684 1119 4752 sanguis
1169 4682 1378 4737 Domini
1406 4725 1420 4748 ,
1452 4693 1505 4739 et
1536 4700 1655 4739 ser-

66 4774 281 4827 vatoris
309 4773 475 4827 nostri
503 4771 628 4826 Jcsu
661 4772 893 4837 Christi,
925 4783 1144 4829 sanctus
1171 4817 1184 4839 ,
1217 4776 1544 4838 honoratus,
1592 4791 1657 4830 ac

67 4862 377 4925 vivificaris,
402 4865 489 4933 qui
511 4865 667 4916 datus
691 4873 773 4920 est
803 4864 855 4918 in
885 4866 1260 4921 remissionem
1284 4876 1652 4937 peccatorum,

67 4963 127 5007 et
152 4954 223 5009 ad
251 4954 415 5008 vitam
442 4966 699 5010 {Blt‘t'.i:1m
734 4957 1193 5026 consequendam,
1234 4973 1364 5014 vere
1389 4959 1656 5015 sumenti-

64 5045 173 5099 hus
208 5044 407 5113 ipsum.
438 5046 628 5099 Amen.
664 5046 799 5100 Vere
844 5048 945 5101 hoc
979 5056 1061 5102 est
1099 5062 1294 5118 corpus
1318 5088 1333 5113 ,
1377 5057 1433 5105 et
1457 5050 1546 5105 hic
1570 5058 1650 5106 est

64 5137 295 5206 sanguis
320 5136 636 5191 Emmanuel
670 5138 762 5193 Dei
795 5139 987 5192 nostri.
1021 5139 1210 5193 Amen.
1243 5140 1438 5203 Credo,
1464 5124 1663 5207 credo,

63 5229 236 5282 credo
262 5243 326 5283 ex
355 5244 497 5283 nunc
523 5237 577 5283 et
600 5244 769 5299 usque
798 5229 851 5284 in
874 5231 1147 5286 saeculum.
1176 5232 1369 5288 Amen.
1412 5234 1528 5289 Hoc
1568 5245 1655 5289 est

63 5330 307 5388 corpus,
363 5328 416 5373 et
462 5319 549 5373 hic
598 5328 681 5374 est
730 5321 950 5391 sanguis
1007 5322 1217 5377 Domini
1273 5331 1323 5378 et
1358 5327 1653 5381 servatoris

65 5408 246 5460 nostri
292 5405 417 5463 Jesu
468 5396 706 5477 Christi,
758 5412 903 5481 quod
948 5421 1003 5467 et
1047 5429 1204 5483 quem
1258 5419 1552 5486 assumpsit
1583 5435 1648 5473 ex

66 5495 302 5551 Domina
330 5505 513 5553 nostra
536 5508 721 5555 sancta
767 5510 822 5555 et
843 5502 1184 5558 immaculata
1213 5505 1434 5576 Virgine
1466 5507 1653 5573 Maria,

64 5599 123 5647 et
152 5591 329 5647 univit
381 5606 502 5647 eum
547 5594 828 5651 divinitate
869 5596 987 5653 sine
1032 5598 1284 5655 mistione
1332 5611 1426 5657 aut
1457 5603 1649 5672 copula

70 5682 332 5749 naturali,
372 5685 488 5742 sine
516 5687 857 5756 separatione
888 5697 981 5744 aut
1008 5692 1406 5761 permutatione
1458 5693 1656 5747 divini-

71 5777 228 5845 tatis,
281 5793 441 5848 quam
490 5793 603 5836 rem
655 5789 888 5837 testatus
939 5792 1019 5839 est
1074 5784 1277 5855 eptimo
1323 5784 1651 5852 testimonio,

1779 1934 1876 1991 lite
1901 1951 2023 1991 cum
2059 1951 2196 2006 pace
2222 1944 2277 1992 et
2301 1950 2487 1991 amore
2514 1934 2641 1991 Iesu
2673 1933 2895 1991 Christi.

1857 2025 1970 2081 Hoc
2005 2026 2140 2092 loco,
2165 2027 2291 2082 dum
2320 2028 2657 2082 ministratur
2696 2033 3084 2081 sacramentum
3116 2022 3310 2094 popula
3343 2062 3360 2080 .

1779 2119 2013 2191 psallunt
2058 2121 2200 2175 docti
2241 2120 2420 2191 aliqua
2460 2121 2733 2182 carmina,
2778 2119 2833 2174 in
2875 2120 3127 2173 honorem
3171 2132 3362 2171 sacra-

1778 2213 1960 2279 menti,
1988 2222 2038 2267 et
2058 2214 2359 2268 sanctorum
2400 2230 2622 2284 quorum
2673 2212 2806 2282 festa
2850 2212 3180 2267 celebrantur
3222 2225 3366 2264 com-

1776 2306 1966 2373 posita.
2002 2304 2134 2371 Qua-
2160 2306 2382 2374 popnlus
2406 2308 2614 2361 reiterat
2642 2306 2909 2360 canendo.

1849 2394 2107 2451 Sacerdos
2158 2396 2326 2451 dicit:
2353 2397 2500 2464 Quos
2539 2396 2769 2461 vocasti,
2795 2394 3059 2458 Domine,
3118 2404 3173 2449 et
3222 2409 3359 2465 quos

1777 2486 2148 2552 sanetiticasti,
2173 2488 2474 2557 portionem
2504 2490 2569 2543 da
2593 2489 2673 2544 eis
2698 2488 2751 2542 in
2796 2488 3080 2544 vocatione
3126 2495 3213 2541 tua
3239 2527 3255 2551 ,
3304 2494 3360 2541 et

1776 2579 2007 2635 fortiﬁca
2037 2594 2132 2635 eos
2162 2578 2215 2634 in
2244 2596 2429 2637 amore
2461 2588 2574 2645 tuo,
2602 2588 2657 2635 et
2702 2580 2914 2635 custodi
2958 2578 3011 2633 in
3038 2578 3354 2633 sanctiﬁca-

1775 2671 1922 2725 tione
1948 2679 2035 2725 tua
2068 2685 2165 2741 per
2187 2670 2460 2726 Christum
2488 2671 2705 2725 unicum
2726 2670 2922 2724 Filium
2952 2677 3102 2724 tuum
3132 2710 3145 2730 ,
3187 2668 3273 2723 cui
3303 2675 3359 2721 et

1771 2759 1873 2814 tibi
1904 2775 2025 2814 cum
2053 2773 2137 2826 eo,
2165 2771 2219 2815 et
2247 2775 2369 2815 cum
2400 2769 2591 2816 sancto
2622 2761 2849 2830 Spiritu,
2881 2760 3050 2831 gloria
3081 2768 3138 2813 et
3160 2760 3354 2823 honor,

1772 2866 1918 2906 nunc
1956 2860 2012 2906 et
2061 2865 2293 2923 semper,
2325 2861 2379 2907 et
2411 2853 2463 2907 in
2513 2853 2708 2908 smcula
2770 2854 3109 2909 smculorum.
3158 2853 3351 2906 Amen.

1770 2941 2015 3008 Domine,
2055 2943 2147 3012 qui
2190 2951 2451 2999 mternum
2484 2943 2666 2999 lumen
2714 2944 2836 3000 vita:
2879 2953 2934 2999 et
2977 2942 3351 3001 fortitudinem

1770 3039 1949 3095 servis
1992 3039 2099 3092 tuis
2142 3034 2422 3102 tribuisti,
2472 3043 2665 3090 etcos
2710 3034 3051 3090 eustodivisti
3106 3033 3354 3103 pluribus

1771 3132 1963 3189 diebus
1990 3147 2054 3187 ac
2080 3130 2333 3186 noctibus
2359 3168 2377 3196 ,
2405 3128 2700 3202 praeteritis
2730 3127 2782 3182 in
2814 3142 2951 3198 pace
2976 3168 2990 3192 ,
3020 3126 3247 3181 hencdie
3274 3125 3355 3181 eis

1772 3223 1935 3279 etiam
1985 3223 2039 3277 in
2097 3222 2202 3277 hac
2242 3222 2330 3276 die
2372 3228 2496 3291 post
2534 3218 2821 3275 Dominum
2872 3225 3117 3274 nostrum
3165 3214 3348 3271 Jesum

1770 3314 2045 3372 Christum
2071 3356 2086 3382 ,
2118 3312 2238 3378 cui,
2282 3320 2337 3368 et
2368 3311 2464 3367 tibi
2508 3325 2631 3367 cum
2658 3325 2755 3376 eo,
2798 3318 2852 3365 et
2902 3318 3090 3365 sancto
3123 3307 3350 3377 Spiritu,

1770 3404 1941 3475 gloria
1968 3413 2023 3460 et
2041 3404 2237 3470 honor,
2265 3418 2428 3469 nunc,
2457 3410 2513 3457 et
2536 3415 2769 3473 semper,
2790 3407 2845 3456 et
2874 3400 2927 3455 in
2952 3399 3145 3455 saecula
3175 3412 3347 3457 sareu—

1768 3496 1963 3552 lorum.
1998 3497 2168 3551 Amen

1839 3586 2107 3641 Diaconus
2125 3588 2249 3641 dicit
2277 3585 2531 3641 :Gratias
2562 3599 2783 3654 agamus
2804 3584 3055 3640 Domino.
3088 3582 3348 3639 Sanctum

1769 3676 1885 3745 ejus
1939 3676 2306 3745 sumpsimus;
2353 3676 2425 3731 sit
2454 3675 2599 3746 quod
2640 3675 2970 3744 sumpsimus
3037 3673 3242 3727 medela
3282 3672 3351 3727 ad

1767 3765 2148 3821 viviﬁcandam
2200 3767 2460 3820 animam.
2505 3764 2815 3819 Laudemus
2862 3763 3147 3818 Dominum
3182 3763 3347 3817 Deum

1766 3866 2036 3921 nostrum,
2062 3857 2393 3928 sumpsimus
2428 3869 2676 3913 sanctum
2715 3871 2945 3926 corpus,
2993 3865 3049 3910 et
3087 3870 3353 3910 veneran-

1766 3948 1892 4003 dum
1925 3948 2262 4019 sanguinem,
2295 3948 2397 4003 hoc
2445 3956 2530 4005 est
2552 3964 2749 4019 corpus
2792 3947 3015 4005 Christi.
3046 3946 3112 4002 Et
3143 3946 3350 4019 gratias

1766 4039 1816 4094 ei
1844 4022 2087 4110 agamus,
2110 4038 2253 4109 quod
2284 4039 2431 4110 digni
2478 4039 2742 4094 fuerimus
2770 4039 3101 4110 participare
3146 4040 3211 4093 de
3236 4039 3342 4095 hoc

1765 4133 2075 4189 venerando
2099 4142 2154 4188 et
2183 4141 2371 4189 sancto
2396 4133 2689 4205 ,mysterio.

1839 4226 2096 4282 Sacerdos
2121 4227 2291 4281 dicit:
2321 4226 2585 4281 Exaltabo
2611 4236 2664 4281 te
2686 4267 2704 4292 ,
2746 4243 2842 4282 rex
2891 4241 3044 4283 meus
3069 4268 3083 4293 ,
3122 4235 3178 4283 et
3197 4227 3344 4282 Delta

1766 4334 1955 4382 meus,
1996 4328 2052 4373 et
2078 4318 2394 4374 benedicam
2434 4319 2636 4375 nomini
2673 4327 2764 4373 tuo
2797 4318 2850 4374 in
2882 4318 3139 4375 saeculum
3180 4326 3236 4374 et
3286 4318 3338 4372 in

1765 4408 2020 4463 siccatum
2049 4409 2251 4465 saeculi.
2869 4417 2885 4430 '

1843 4496 2074 4569 Populus
2098 4500 2227 4553 dicit
2262 4500 2372 4554 alta
2414 4517 2533 4556 voce
2553 4516 2573 4555 :
2606 4499 2771 4555 Pater
2803 4510 2988 4557 noster
3010 4542 3026 4569 ,
3057 4503 3147 4572 qui
3188 4517 3248 4558 es
3290 4502 3344 4558 in

1765 4590 1940 4655 etelis,
1973 4604 2078 4645 non
2109 4591 2337 4646 inducas
2369 4607 2487 4653 nos,
2527 4592 2751 4647 Domine
2778 4596 2794 4657 ,
2835 4593 2885 4647 in
2912 4595 3305 4649 .tentationem.

1836 4679 2093 4735 Sacerdos
2115 4681 2275 4734 dicit:
2310 4680 2415 4735 Per
2443 4681 2680 4751 singulos
2706 4681 2836 4736 'dies
2875 4682 3190 4737 benedicam
3222 4683 3341 4748 tibi,

1764 4780 1818 4827 et
1853 4772 2083 4827 laudabo
2109 4787 2304 4827 nomen
2338 4781 2487 4827 tuum
2521 4773 2573 4826 in
2606 4773 2858 4828 sacculum
2901 4781 2956 4829 et
3000 4774 3055 4828 in
3088 4773 3342 4829 sateulum

1764 4863 1964 4919 surculi.

1838 4953 2073 5024 Populus
2102 4955 2291 5009 iterum
2321 4956 2446 5010 dicit
2476 4954 2675 5010 :Pater
2707 4965 2914 5022 noster,
2943 4957 3034 5027 qui
3058 4972 3116 5012 es
3142 4956 3195 5011 in
3219 4969 3336 5012 caa-

1763 5045 1849 5108 lis,
1876 5060 1982 5100 non
2016 5045 2238 5101 inducas
2264 5060 2361 5102 nos
2392 5047 2444 5099 in
2476 5046 2850 5102 tentatiouem.

1834 5136 2094 5191 Sacerdos
2150 5137 2277 5189 dicit
2325 5149 2345 5188 .'
2399 5136 2642 5191 Laudem
2702 5138 2916 5193 Domini
2981 5137 3233 5207 loquetur
3279 5154 3339 5194 os

1761 5240 1963 5291 meum,
1990 5236 2045 5283 et
2065 5227 2345 5282 benedicet
2373 5229 2549 5283 omnis
2577 5243 2704 5283 caro
2732 5230 2934 5284 nomini
2983 5238 3178 5285 sancto
3196 5227 3337 5298 ejus,

1765 5316 1820 5370 in
1850 5317 2107 5372 steculum
2136 5326 2191 5372 et
2218 5319 2274 5373 in
2305 5318 2561 5374 sacculum
2588 5319 2793 5375 saeculi.

1764 5423 1770 5428 ‘
1833 5408 2072 5481 Populus
2096 5413 2285 5465 iterant
2310 5412 2435 5466 dicit
2460 5426 2479 5466 :
2501 5411 2666 5467 Pater
2687 5422 2894 5476 noster,
2913 5420 3048 5479 etc.,
3069 5424 3126 5468 ut
3148 5431 3329 5485 supra.

1832 5502 2089 5559 Sacerdos
2109 5504 2234 5559 dicit
2260 5521 2273 5559 :
2307 5504 2553 5571 Domine,
2578 5505 2880 5561 animarum
2905 5515 3102 5575 rector,
3120 5517 3339 5563 sancto-

1758 5611 1880 5652 rum
1911 5596 2164 5661 director,
2204 5605 2261 5653 et
2280 5597 2549 5668 justorum
2582 5598 2758 5652 honor
2779 5639 2795 5665 ,
2824 5600 2889 5654 da
2940 5601 3099 5656 nobis
3140 5600 3335 5656 intelli-

1760 5688 1952 5760 gentiae
1981 5687 2167 5745 oculos
2195 5690 2289 5760 qui
2317 5697 2370 5744 te
2392 5703 2604 5760 semper
2650 5688 2869 5744 videant
2898 5730 2911 5752 ,
2943 5699 3000 5746 et
3027 5706 3188 5748 aures
3216 5707 3336 5762 qua:

1758 5791 1811 5841 te
1832 5783 2005 5841 solum
2034 5800 2250 5857 semper
2272 5785 2519 5853 audiant,
2546 5795 2833 5857 postquam
2860 5786 3068 5844 satiasti
3099 5789 3333 5845 animam
