3924 6318
591 272 697 395 ιιέτ

1339 302 1628 384 ΑΡΡΕΝὑ.
1664 325 1758 385 AD
1795 329 1969 389 sae.
2010 336 2079 392 x.
2103 368 2174 381 --
2211 341 2646 407 MONUMENTA
2671 352 2949 415 mune.

3744 380 3843 439 9‘38

590 438 834 487 nostram
871 432 1044 504 gratia
1083 442 1192 494 tua.
1240 438 1348 496 Cur
1391 442 1652 498 mundum
1700 459 1827 503 crea
1879 447 1936 503 in
1985 452 2167 518 nobis,
2200 458 2247 517 Λ
2274 460 2654 521 manifestatur
2690 468 2747 523 in
2787 470 2957 542 gloria
3001 480 3136 545 tua;
3184 481 3398 540 viviﬂca
3450 501 3555 544 nos
3578 488 3632 546 in
3664 499 3742 558 te,
3786 512 3837 555 ut

590 521 817 558 nomium
890 533 946 558 nl
992 530 1412 558 mnnnh..a:--_.
1460 545 1507 558 -.
1551 539 1847 558 -__-u.-.-,
1925 552 1937 558 -
2280 553 2300 558 _
2363 555 2371 558 _

589 521 849 590 Domine,
890 533 950 579 ut
990 530 1415 600 magnitudinem
1455 545 1511 591 et
1550 539 1879 608 probitatem
1924 552 2077 600 tuam
2106 562 2171 604 ac

585 626 829 669 amorem
870 622 1018 672 tuum
1045 610 1174 689 erga
1202 620 1452 681 homines
1495 627 1881 698 intelligamus.
1923 633 2048 691 Fiat
2077 652 2173 695 vo-

585 700 768 758 Iuntas
794 712 882 758 tua
918 720 1084 775 super
1108 713 1345 769 animam
1374 725 1659 786 nostram,
1687 730 1745 777 et
1790 733 2028 781 mentem
2070 742 2172 797 pu-

584 809 701 849 ram
727 811 793 851 ae
819 807 1024 854 rectam
1054 803 1232 860 tribue
1260 808 1415 865 nobis
1436 850 1453 877 ,
1496 812 1589 881 qui
1620 816 1686 870 de
1732 830 1963 887 corpore
1993 826 2086 876 tuo
2112 829 2171 877 et

583 885 844 956 sanguine
865 895 956 943 tuo
977 893 1331 964 sumpsimus,
1356 900 1502 955 servi
1530 902 1605 957 tui
1628 885 1881 973 humiles,
1909 911 2168 979 quoniam

579 995 809 1048 regnum
866 988 1054 1051 tuum,
1096 985 1342 1045 Domine.
1390 991 1578 1050 Gloria
1624 1011 1690 1053 ae
1734 997 2044 1056 benedictio
2093 1002 2168 1059 sit

575 1068 752 1135 Patri,
777 1074 834 1125 et
859 1071 1017 1139 Filio,
1046 1082 1101 1130 et
1131 1074 1358 1147 Spiritui
1396 1093 1613 1152 sancto,
1642 1102 1805 1155 nunc,
1838 1097 1894 1146 et
1928 1104 2165 1163 semper,

572 1167 629 1213 et
665 1160 717 1214 in
744 1162 942 1216 saecula
972 1164 1319 1223 saeculorum.
1347 1172 1543 1230 Amen.
2046 1160 2062 1163 ἡ
2110 1174 2119 1185 ⁸

649 1251 910 1310 Sacerdos
958 1256 1143 1315 dicit:
1180 1260 1448 1332 Domine,
1508 1266 1653 1324 Deus
1707 1279 1932 1339 noster,
1980 1273 2163 1331 lumen

570 1340 1038 1415 inexstinguihile,
1082 1350 1294 1420 respice
1329 1368 1492 1424 super
1539 1372 1728 1415 servos
1759 1369 1880 1416 tuos
1916 1371 1971 1417 et
2001 1379 2165 1433 super

571 1435 805 1492 ancillas
851 1445 975 1495 tuas
999 1481 1015 1506 ,
1045 1450 1100 1496 et
1139 1445 1346 1499 semina
1387 1447 1438 1501 in
1469 1451 1725 1508 cordibus
1768 1457 1969 1511 nostris
2006 1458 2162 1515 timo-

575 1539 690 1581 rem
722 1530 955 1587 nominis
981 1533 1078 1599 tui,
1100 1544 1155 1590 et
1180 1550 1403 1593 numera
1432 1554 1526 1596 eos
1551 1543 1751 1612 quibus
1779 1561 1979 1617 corpus
2007 1557 2157 1605 tuum

575 1626 631 1673 et
659 1622 878 1692 sanguis
908 1632 1031 1680 tuus
1062 1627 1221 1685 datus
1263 1639 1348 1686 est
1370 1672 1387 1697 ,
1436 1642 1496 1688 ut
1524 1633 1859 1695 fruetiﬁcent
1907 1640 1961 1695 in
1994 1642 2161 1699 bene-

572 1709 830 1769 dictione.
858 1714 969 1773 Fae
998 1718 1215 1779 habites
1240 1722 1296 1780 in
1321 1725 1433 1784 illis
1452 1730 1667 1800 populis
1695 1734 1825 1800 tuis,
1871 1737 1963 1806 qui
1994 1748 2158 1810 caput

2271 553 2536 613 faciamus
2565 559 2899 620 voluntatem
2928 578 3095 625 tuam.
3123 570 3259 631 Cum
3286 576 3393 635 tide
3423 553 3743 642 invocamus
3770 596 3841 657 to,

2270 644 2453 714 Pater,
2479 656 2534 705 et
2572 666 2797 723 regnum
2826 665 2982 715 tuum
3022 665 3278 733 petimus.
3319 669 3713 735 Sanctiﬁcatur

2267 751 2393 792 men
2426 748 2574 797 tuum
2603 758 2769 816 super
2795 763 2917 816 nos,
2963 754 3220 821 quoniam
3251 767 3308 815 tu
3349 777 3410 818 es
3438 762 3600 822 fortis
3632 784 3698 825 ae
3737 770 3837 826 lau-

2267 828 2460 921 dabilis
2486 841 2543 889 et
2568 835 2858 909 gloriosus.
2892 841 3012 900 Tibi
3039 845 3115 902 sit
3150 848 3322 921 gloria
3364 853 3421 909 in
3449 858 3659 917 saecula
3683 875 3838 917 sacu-

2266 920 2464 980 lorum.

2338 1033 2602 1095 Diaconus
2626 1041 2794 1098 dicit:
2822 1042 3085 1107 inclinate
3130 1053 3312 1124 capita
3346 1068 3539 1115 vestra
3570 1071 3709 1119 ante
3754 1063 3844 1121 Do.

2265 1126 2471 1182 minum
2504 1130 2865 1190 immortalem
2893 1176 2909 1204 ,
2963 1148 3019 1195 ul
3050 1140 3335 1203 benedicat
3358 1163 3454 1206 vos
3487 1165 3592 1221 per
3640 1168 3843 1210 manum

2264 1220 2411 1273 servi
2443 1222 2526 1276 sui
2548 1226 2855 1284 sacerdotis

2334 1328 2570 1401 Populus
2599 1334 2765 1391 dicit:
2792 1341 2989 1397 Amen.
3039 1344 3333 1405 Benedieat
3369 1367 3468 1409 nos
3498 1369 3700 1412 servos
3721 1373 3837 1414 suos

2262 1421 2542 1480 Dominus.
2561 1425 2615 1481 In
2638 1444 2771 1498 pace
2790 1433 2861 1487 sit
2888 1435 3140 1493 remissio
3163 1454 3328 1510 super
3349 1458 3449 1498 nos
3472 1446 3567 1515 qui
3597 1457 3837 1503 sanetum
3922 1462 3924 1467 '

2261 1526 2457 1582 corpus
2478 1525 2533 1569 et
2555 1520 2848 1586 pretiosum
2874 1527 3191 1596 sanguinem
3222 1535 3581 1604 sumpsimus.
3607 1538 3844 1597 Concede

2261 1603 2418 1658 nobis
2450 1613 2507 1659 ut
2544 1607 2737 1676 spiritu
2790 1626 2980 1669 omnes
3007 1617 3152 1674 vires
3193 1603 3399 1678 inimici
3436 1628 3839 1685 conculeemus.

2238 1677 2570 1753 [Benedictio
2608 1714 2800 1756 manus
2827 1713 2932 1758 ture
2984 1716 3188 1764 sanctae
3230 1709 3388 1779 plena
3415 1724 3505 1770 est
3532 1716 3837 1774 misericor-

1031 1811 1046 1822 ,
1146 1813 1160 1826 ,
1308 1821 1315 1827 ,
1408 1782 1423 1784 ⁷⁷
1453 1782 1479 1799 τ
1502 1782 1549 1833 ’τ
1567 1782 1661 1788 ""'
1697 1782 1825 1837 ","'
1873 1782 1963 1806 ’¹“’
1997 1782 2158 1843 "VI"
2260 1782 2369 1838 dia.
2403 1785 2458 1840 In
2487 1787 2603 1858 ipsa
2637 1804 2918 1860 speramus
2946 1810 3157 1853 omnes.
3194 1799 3280 1854 Ab
3303 1803 3563 1860 omnibus
3591 1808 3841 1877 Operibus

571 1817 727 1859 suum
760 1816 887 1866 ante
936 1818 990 1864 te
1031 1812 1334 1883 inclinant,
1384 1826 1497 1875 tam
1527 1837 1581 1877 in
1610 1825 1855 1881 maribus
1881 1842 2046 1898 quam
2099 1847 2152 1885 ut
2185 1817 2231 1878 Β
2260 1875 2414 1898 nm..-
2706 1897 2709 1898 ν
2771 1897 2778 1898 ,
2862 1883 2876 1898 .
3084 1888 3119 1898 ..
3377 1892 3407 1898 --
3528 1895 3541 1898 μ

570 1893 788 1954 feminis
815 1907 873 1955 et
903 1904 1111 1973 pueris,
1158 1916 1214 1961 et
1247 1923 1347 1965 nos
1379 1910 1546 1967 etiam
1587 1913 1694 1970 illis
1725 1893 1957 1989 adiunge
1986 1960 2001 1984 ,
2031 1936 2159 1990 pro-

510 2046 523 2055 ε
571 1993 713 2058 tege,
741 1990 885 2060 fove,
912 2008 980 2051 ac
1013 1997 1258 2066 guberna
1281 2014 1382 2057 nos
1407 2018 1506 2072 per
1529 2004 1676 2061 vires
1722 2008 2028 2079 principum
2058 2027 2157 2066 an-

571 2081 814 2149 gelorum
846 2092 1082 2143 tuorum.
1115 2089 1195 2145 Ah
1225 2093 1476 2150 omnibus
1500 2098 1756 2167 operibus
1781 2101 1940 2157 malis
1960 2116 2153 2175 separa

569 2187 709 2239 nos,
755 2175 1010 2234 omnibus
1050 2180 1309 2250 operibus
1355 2185 1513 2243 bonis
1550 2188 1818 2263 eonjunge
1866 2208 2001 2260 nos,
2055 2210 2155 2264 per

568 2261 843 2319 Christum
877 2266 1094 2324 unicum
1125 2267 1322 2328 Filium
1355 2285 1526 2342 tuum,
1560 2279 1647 2334 cui
1671 2319 1688 2345 ,
1719 2261 1776 2335 et
1815 2281 1911 2337 tibi
1940 2297 2061 2337 eum
2085 2278 2155 2341 eo

565 2360 621 2404 et
652 2367 775 2407 eum
800 2365 995 2414 sancto
1026 2357 1234 2429 Spiritu
1261 2403 1278 2429 ,
1326 2363 1496 2435 gloria
1534 2375 1591 2423 et
1633 2367 1844 2439 honor,
1876 2387 2020 2429 nunc
2044 2413 2060 2441 ,
2098 2383 2155 2432 et

565 2457 803 2513 semper,
832 2456 886 2501 et
915 2448 969 2504 in
1001 2449 1196 2507 smeula
1224 2455 1571 2513 saeculorum.
1598 2459 1795 2517 Amen.

638 2532 796 2590 Totus
821 2539 1046 2609 populus
1071 2542 1199 2597 dicit
1225 2546 1541 2603 comedenda
1566 2565 1586 2605 :
1617 2549 1871 2619 Sanctus,
1901 2563 2147 2623 sanctus,

563 2631 806 2689 sanctus,
840 2626 1035 2692 trinns,
1080 2630 1405 2703 ineﬂ'abilis,
1449 2636 1517 2692 da
1561 2638 1719 2695 nobis
1762 2652 1824 2697 ut
1870 2657 2154 2702 sumamus

563 2711 731 2769 vitam
759 2730 859 2786 per
879 2719 981 2775 hoc
1008 2735 1208 2793 corpus
1237 2732 1409 2793 tuum,
1460 2728 1581 2784 sine
1615 2728 1823 2799 judicio
1850 2750 1867 2800 ;
1901 2734 1967 2790 da
1994 2738 2152 2794 nobis

565 2807 625 2855 ut
649 2800 1040 2866 fructiﬁcemus
1069 2810 1121 2866 in
1151 2813 1496 2886 beneplaeito
1519 2826 1629 2886 tuo,
1653 2830 1710 2876 et
1729 2820 1942 2881 fructus
1960 2835 2152 2884 noster

2259 1875 2417 1932 malis
2436 1875 2661 1951 sejunge
2689 1897 2810 1951 nos,
2861 1883 2914 1938 in
2952 1888 3204 1944 omnibus
3238 1892 3498 1961 operibus
3526 1875 3695 1952 bonis
3733 1898 3840 1954 col-

2257 1962 2379 2020 loca
2436 1983 2537 2023 nos
2562 2008 2579 2035 ,
2612 1969 2931 2029 benedictus
2973 1975 3044 2030 sit
3073 1978 3165 2047 qui
3194 1979 3343 2035 dedit
3387 1984 3545 2040 nobis
3598 1999 3843 2043 sanctum

2256 2069 2453 2125 corpus
2506 2068 2562 2115 et
2613 2063 2912 2132 pretiosum
2976 2069 3297 2140 sanguinem
3349 2089 3531 2131 suum.
3602 2078 3849 2137 Gratiam

2166 2158 2173 2165 ·
2257 2146 2586 2216 accepimus,
2612 2158 2668 2207 et
2694 2151 2862 2210 vitam
2895 2154 3202 2216 invenimus
3237 2177 3337 2233 per
3362 2165 3629 2223 virtutem
3657 2172 3837 2229 crucis

2254 2231 2380 2288 Jesu
2433 2235 2657 2295 Christi.
2715 2240 2934 2300 Gratias
2986 2248 3198 2317 agimus
3239 2231 3389 2321 tibi,
3435 2271 3564 2311 cum
3615 2257 3847 2329 Spiritus

2258 2328 2431 2383 sancti
2460 2331 2691 2401 gratiam
2721 2336 3104 2406 receperimus.
3130 2342 3313 2400 Gloria
3344 2347 3417 2403 sit
3447 2328 3706 2419 Domino,
3752 2355 3842 2425 qui

2257 2418 2405 2475 dedit
2450 2424 2607 2480 nobis
2650 2441 2848 2499 corpus
2891 2444 3051 2486 suum
3106 2444 3393 2505 sanctum,
3436 2447 3492 2495 et
3542 2418 3842 2511 pretiosum
3922 2502 3924 2505 .

2254 2513 2574 2584 sanguinem
2601 2532 2780 2574 suum.
2821 2519 3006 2578 Gloria
3052 2524 3125 2581 sit
3154 2526 3292 2584 divae
3338 2527 3524 2586 Mariae
3550 2573 3566 2599 ,
3602 2547 3729 2603 qua
3762 2545 3839 2591 est
3922 2528 3924 2541 ’

2258 2602 2430 2676 gloria
2461 2619 2671 2679 nostra,
2701 2621 2757 2668 et
2787 2629 2910 2686 quae
2934 2618 3191 2688 parturiit
3217 2616 3383 2678 nobis
3411 2602 3775 2680 sacriﬁcium.

2257 2714 2412 2777 Finis
2449 2724 2663 2780 canonis
2690 2722 2914 2783 Patrum
2951 2738 3251 2786 nostrorum
3280 2734 3636 2803 apostolorum
3656 2776 3677 2802 ,
3719 2750 3838 2808 quo-

2380 2827 2499 2868 rum
2521 2815 2692 2872 oratio
2716 2825 2765 2873 et
2794 2816 3082 2875 benedictio
3107 2820 3175 2877 sit
3202 2821 3492 2879 nobiscum.
3521 2824 3721 2881 Amen.

576 2965 3829 3031 ..__________,_________________________________

1490 3133 2235 3235 BENEDICTIO
2307 3145 2983 3243 PUERPERIE

1648 3324 2015 3389 Secundum
2049 3346 2242 3393 usum
2274 3333 2672 3414 )Ethiopum.

1997 3501 2376 3527 Μ

560 3652 613 3694 lii
647 3652 849 3696 NOMINE
900 3656 1130 3702 PATRIS.
1172 3658 1245 3700 Εἰ·
1292 3660 1460 3715 ιιιιιιι,
1511 3662 1584 3704 ΕΤ
1640 3664 1883 3710 SPIRITUS
1928 3635 2186 3713 μεσπι(

2251 3634 2433 3706 plexos
2457 3652 2537 3706 es,
2554 3640 2919 3712 conﬁrmasti,
2960 3656 3016 3703 et
3042 3650 3326 3719 pervenire
3359 3651 3537 3712 fecisti
3569 3665 3819 3731 usquead

1263 3751 1429 3793 AIEN.

558 3845 896 3911 Orationes
928 3866 1090 3930 quas
1128 3850 1283 3915 dicit
1331 3856 1630 3921 sacerdos
1666 3876 1810 3922 cum
1861 3861 2141 3942 imponit

634 3965 865 4011 manus
901 3966 1099 4030 super
1130 3959 1396 4016 matrem
1430 3962 1493 4020 et
1543 3957 1855 4022 infantem
1882 4008 1898 4035 ,
1952 3969 2140 4041 post-

635 4044 829 4127 quam
861 4050 1142 4128 ingressi
1173 4060 1327 4116 sunt
1358 4055 1720 4121 ecclesiam.

626 4164 886 4223 Sacerdos
938 4171 1167 4240 primum
1213 4172 1457 4228 hortatur
1486 4175 1745 4248 populum
1793 4178 1863 4233 ad
1904 4180 2137 4252 agendas

551 4257 664 4313 Deo
698 4260 926 4328 gratias,
957 4260 1179 4318 dicens:
1405 4274 1408 4278 λ

620 4368 842 4425 Gratias
868 4384 1094 4442 agamus
1122 4373 1461 4433 benefactori
1496 4387 1684 4435 nostro
1709 4379 1939 4438 Domino
1964 4383 2136 4441 mise-

548 4458 784 4518 ricordi.
813 4459 962 4517 Patri
1000 4461 1214 4522 Doluini
1259 4465 1394 4534 Dei,
1432 4478 1488 4524 et
1529 4469 1907 4542 Redemptoris
1957 4476 2134 4532 nostri

547 4544 676 4604 Jesu
701 4550 929 4615 Christi,
956 4552 1084 4622 quia
1104 4556 1342 4625 protexit
1374 4574 1491 4625 nos,
1515 4561 1808 4618 auxiliatos
1830 4572 1916 4620 est
1948 4566 2128 4634 nobis,

546 4643 856 4709 eustodivit,
884 4652 941 4699 et
965 4647 1374 4705 commendatos
1408 4650 1508 4705 sibi
1541 4668 1641 4708 nos
1674 4654 1923 4717 credidit.
1956 4664 2131 4712 attra~

545 4730 662 4798 xit‘,
697 4731 980 4801 amplexus
1018 4743 1136 4803 est,
1182 4738 1554 4807 conlinmavit,
1600 4754 1656 4798 et
1704 4745 1988 4813 pervenire
2030 4760 2130 4804 nos

546 4821 679 4879 fecit
706 4823 774 4878 ad
801 4824 944 4881 hanc
967 4826 1181 4887 horam.
1225 4829 1609 4902 Rogemusque
1655 4833 1828 4902 ipsum
1856 4844 1916 4889 ut
1962 4835 2129 4893 etiam

545 4916 817 4972 custodiat
852 4932 953 4975 nos
982 4921 1039 4976 in
1074 4921 1177 4977 hac
1196 4922 1283 4978 die
1310 4933 1499 4980 sancta
1525 4925 1660 4981 etin
1702 4913 1851 4981 oinni
1885 4935 2127 4999 tempore

2244 3726 2385 3783 hanc
2410 3727 2621 3784 horam.
2649 3730 2893 3790 Petimus
2920 3751 3134 3809 quoque
3176 3749 3233 3796 et
3266 3746 3559 3813 quaerimus
3614 3726 3819 3808 a-boni-

2242 3825 2353 3871 tale
2376 3826 2487 3884 tua,
2514 3834 2547 3875 ο
2576 3830 2788 3877 amator
2814 3825 3036 3882 humani
3068 3833 3305 3900 generis.

2314 3907 2418 3963 Hic
2459 3911 2716 3968 diaconus
2764 3916 2936 3970 dicit:
2974 3917 3150 3976 Peti‘te
3203 3931 3261 3978 et
3303 3935 3489 3998 rogate
3531 3939 3591 3986 ιιι
3638 3943 3817 4004 parcat

2238 4005 2396 4060 nobis
2420 4006 2681 4065 Dominus
2708 4049 2725 4081 ,
2756 4018 2811 4065 et
2851 4012 3183 4074 misereatur
3211 4020 3416 4086 nostri,
3456 4030 3511 4077 el
3564 4026 3814 4097 suscipiat

2236 4099 2538 4156 orationem
2564 4117 2685 4171 quae
2712 4118 2811 4174 pro
2841 4105 2998 4162 nobis
3023 4107 3084 4162 iit
3112 4125 3143 4163 a
3170 4114 3377 4169 sanctis
3401 4116 3543 4185 suis,
3571 4128 3631 4175 et
3656 4118 3814 4177 faciat

2235 4206 2337 4248 nos
2362 4193 2551 4264 dignos
2574 4203 2633 4251 ut
2663 4210 2785 4267 quae
2809 4208 3034 4269 praestat
3061 4203 3409 4275 accipiamus,
3441 4217 3499 4266 et
3545 4226 3813 4270 sumamus

2234 4282 2307 4338 de
2321 4284 2729 4354 participatione
2756 4298 2808 4343 et
2833 4301 3176 4360 sacramento
3205 4310 3304 4353 suo
3328 4296 3643 4372 benedicta,
3660 4305 3807 4361 utdi-

2234 4373 2521 4430 mittantur
2545 4378 2702 4434 nobis
2729 4387 2954 4449 peccata
2986 4392 3198 4440 nostra.

2303 4465 2563 4523 Sacerdos
2614 4469 2981 4544 subsequitur:
3019 4474 3097 4530 Da
3132 4477 3291 4535 nobis
3333 4490 3395 4536 ut
3440 4485 3794 4554 perducamus

2230 4557 2377 4615 hunc
2408 4560 2553 4616 diem
2578 4571 2826 4619 sanctum
2866 4574 2923 4622 et
2962 4582 3125 4625 omne
3173 4578 3385 4642 tempus
3421 4574 3555 4631 vitae
3599 4588 3803 4644 nostra,

2229 4649 2287 4705 in
2310 4653 2455 4708 omni
2478 4668 2631 4723 pace,
2660 4670 2790 4712 eum
2811 4656 3004 4714 timore
3042 4668 3153 4715 tuo.
3179 4662 3408 4743 omnem
3436 4666 3696 4724 invidiam
3713 4710 3729 4734 ,
3754 4678 3804 4722 et

2228 4756 2446 4799 omnem
2475 4744 2848 4813 tentationem,
2881 4757 2937 4803 et
2961 4764 3124 4807 omne
3157 4768 3293 4823 opus
3339 4753 3593 4824 Satante,
3638 4759 3800 4814 censi.

2227 4832 2361 4890 lium
2419 4835 2698 4893 hominum
2758 4837 3024 4894 malorum
3057 4881 3073 4905 ,
3150 4842 3533 4902 insultationes
3606 4848 3795 4903 inimici

2226 4927 2572 4984 absconditas
2604 4939 2660 4985 et
2681 4929 3003 4986 manifestas
3030 4931 3220 5004 elonga
3256 4944 3311 4989 et
3341 4936 3559 5006 expelle
3586 4954 3619 4992 a
3648 4946 3792 4993 meet

544 5007 676 5063 vitae
716 5017 950 5078 nostra,
1001 5011 1057 5068 in
1100 5014 1249 5070 omni
1279 5029 1451 5084 pace,
1498 5017 1838 5088 omnipotens
1880 5020 2126 5089 Domine,
2159 5028 2186 5088 [

2251 5015 2301 5071 ιιι
2332 5017 2585 5074 universo
2613 5019 2811 5088 populo
2854 5028 2967 5086 tuo,
2995 5031 3051 5078 et
3081 5023 3150 5078 ab
3190 5024 3294 5080 hoc
3319 5025 3439 5082 loco
3468 5039 3666 5084 sancto
3697 5038 3793 5082 tuo.

543 5098 687 5156 Deus
715 5109 925 5159 noster.

612 5191 885 5249 Diaconus
905 5193 1076 5248 dicit:
1107 5194 1290 5253 Orate.

615 5282 877 5339 Sacerdos
898 5295 1073 5339 autem
1102 5286 1271 5342 dicit:
1299 5287 1523 5345 Domine
1548 5329 1565 5356 ,
1591 5306 1625 5347 ο
1656 5290 1886 5348 Domine
1914 5332 1929 5358 ,
1960 5292 2122 5349 Pater

539 5372 683 5430 bone
711 5384 769 5431 et
788 5376 1155 5448 omnipotens,
1202 5378 1366 5435 Pater
1398 5379 1611 5438 Domini
1640 5382 1733 5439 Dei
1757 5422 1774 5450 ,
1804 5394 1860 5440 et
1888 5382 2126 5440 Redem-

541 5467 713 5535 ptoris
738 5469 912 5524 nostri
931 5467 1060 5526 Jesu
1098 5470 1326 5538 Christi,
1354 5471 1636 5530 laudamus
1680 5485 1733 5530 te
1767 5490 1932 5546 super
1959 5488 2121 5530 omne

540 5574 700 5630 opus,
732 5577 831 5634 pro
857 5565 1008 5621 omni
1039 5581 1225 5638 opere,
1252 5576 1309 5624 et
1330 5568 1384 5624 in
1407 5569 1558 5625 omni
1598 5584 1799 5640 opere,
1834 5568 1965 5640 quia
1994 5585 2120 5641 pro-

542 5651 726 5708 texisti
760 5669 861 5712 nos
878 5663 938 5713 et
961 5657 1253 5715 auxiliatos
1276 5674 1341 5716 es
1365 5659 1542 5727 nobis,
1573 5659 1862 5717 custodisti
1887 5674 1989 5717 nos
2014 5699 2031 5728 ,
2062 5672 2120 5718 et

543 5749 956 5807 commendatos
983 5750 1079 5808 tibi
1102 5766 1201 5808 nos
1231 5752 1529 5822 credidisti,
1571 5753 1840 5810 attraxisti
1868 5794 1884 5823 ,
1916 5761 1973 5811 et
2001 5769 2115 5810 am-

2230 5103 2423 5162 Omnia
2476 5107 2618 5163 bona
2665 5109 2965 5182 (quidquid
3016 5114 3204 5182 utique
3247 5125 3470 5184 pra'stat
3521 5129 3578 5175 et
3618 5118 3791 5187 juvat)

2228 5195 2434 5267 impera
2453 5199 2535 5254 eis
2563 5214 2660 5268 per
2686 5216 2810 5267 nos,
2842 5202 2969 5271 quia
3002 5212 3057 5257 tu
3083 5220 3142 5259 es
3164 5207 3252 5274 qui
3282 5207 3478 5263 dedisti
3524 5211 3677 5266 nobis
3701 5225 3788 5281 po-

2229 5296 2478 5351 testatem
2507 5301 2565 5347 ut
2615 5291 2949 5350 calcaremus
2994 5305 3303 5367 serpentem
3350 5308 3407 5353 et
3444 5301 3782 5371 scorpionem,

2223 5388 2281 5435 et
2299 5395 2514 5436 omnem
2544 5383 2652 5437 vim
2677 5383 2973 5439 inimicam.
3005 5384 3082 5441 Ne
3116 5387 3342 5444 inducas
3370 5405 3470 5444 nos
3497 5430 3514 5455 ,
3560 5389 3781 5451 Domine,

2225 5472 2280 5529 in
2319 5474 2698 5543 tentationem,
2740 5477 2835 5535 sed
2861 5479 3066 5534 redime
3102 5487 3157 5534 et
3194 5478 3365 5537 libera
3413 5496 3515 5537 nos
3544 5482 3611 5537 ah
3650 5478 3777 5536 omni

2223 5566 2391 5634 malo,
2406 5583 2504 5639 per
2529 5569 2760 5641 gratiam
2788 5578 2844 5627 et
2867 5570 3294 5629 misericordiam
3320 5583 3374 5629 et
3403 5590 3640 5631 amorem
3664 5585 3772 5642 erga

2223 5656 2522 5715 humanum
2558 5674 2758 5731 genus,
2792 5659 2914 5717 Filii
2955 5660 3032 5716 tui
3075 5663 3254 5729 unici,
3301 5662 3513 5720 Domini
3557 5663 3684 5728 Dei,
3721 5668 3767 5715 et

2223 5750 2604 5824 Redemptoris
2626 5751 2796 5808 nostri
2830 5749 2957 5810 Jesu
2985 5752 3211 5822 Christi,
3243 5770 3363 5811 cum
3391 5769 3518 5825 quo,
3551 5753 3758 5820 tibi,una
