3924 6318
80 345 164 402 929

990 345 1176 406 ORDO
1211 343 1529 403 BAPTISMI
1572 342 1942 400 SECUNDUM
1971 343 2355 403 IETHIOPES.
3187 352 3290 406 950

81 458 182 516 cum
212 467 385 516 sancto
421 458 626 530 Spiritu
651 469 738 514 est
759 457 928 528 gloria
972 469 1028 516 et
1054 468 1294 530 potestas
1323 499 1338 525 ,
1367 473 1532 524 nunc,
1562 468 1618 514 et
1645 463 1690 521 Α
1719 457 1768 513 ei
1792 458 2046 512 virtutem
2073 499 2087 524 ,
2118 467 2169 514 et
2205 467 2428 530 protege
2475 475 2598 514 eum
2619 499 2633 526 ,
2662 468 2718 515 et
2771 461 3042 531 attingere
3090 461 3177 519 fac
3225 465 3291 518 ad

78 567 280 620 semper,
305 559 362 606 et
384 550 436 604 in
467 550 659 605 sarcula
687 551 1024 606 stcculorum.
1058 551 1253 605 Amen.

132 643 310 697 Postea
346 642 590 698 sacerdos
617 641 706 696 dat
732 642 874 706 thus,
903 650 952 696 et
990 641 1116 695 dicit
1138 641 1275 696 hanc
1303 643 1613 696 orationem.

129 731 358 796 Domine,
384 730 527 786 Deus
547 739 750 796 noster,
786 731 1128 801 omnipotens
1153 769 1169 796 ,
1211 730 1372 785 Pater
1405 731 1617 785 Domini

71 828 191 891 Dei,
233 835 284 881 et
312 825 684 896 Redemptoris
733 825 907 880 nostri
952 823 1080 882 Jesu
1128 823 1354 889 Christi,
1403 831 1618 879 creator

66 917 360 972 saeculorum
387 957 402 980 ,
449 917 541 987 qui
590 917 928 971 nativitatem
976 928 1221 973 nostram
1266 916 1484 981 fecisti,
1527 924 1613 979 tu,

65 1008 304 1071 Domine,
337 1006 619 1061 instituisti
669 1007 888 1078 Moysen
937 1022 1157 1063 servum
1204 1014 1352 1061 tuum
1398 1006 1451 1060 in
1498 1005 1618 1076 lege

60 1107 165 1162 tua,
196 1108 248 1150 et
272 1095 504 1151 docuisti
536 1110 660 1150 eum
686 1095 1124 1151 constitutionem
1157 1095 1410 1150 mundam
1437 1134 1453 1161 ,
1495 1108 1617 1165 quae

57 1186 297 1240 convenit
329 1185 476 1242 omni
524 1183 740 1239 femina:
779 1199 900 1253 qua:
943 1185 1253 1254 pepererit,
1301 1192 1361 1238 ut
1410 1183 1618 1238 scilicet

57 1277 312 1331 modicum
337 1275 592 1345 temporis
635 1284 1017 1346 separaretur;
1051 1285 1107 1332 et
1138 1276 1436 1346 praecepisti
1469 1275 1518 1331 ei
1549 1289 1616 1330 ne

55 1371 496 1440 appropinquaret
528 1371 595 1424 ad
624 1379 814 1424 sancta
838 1378 972 1438 .tua,
1000 1369 1096 1425 sed
1119 1379 1178 1424 ut
1205 1385 1266 1426 se
1310 1368 1618 1424 contineret

54 1460 224 1529 quoad
251 1459 606 1514 liberaretur:
652 1460 727 1513 ita
774 1474 988 1529 quoque
1018 1475 1272 1530 rogamus
1319 1460 1614 1515 bonitatem

55 1560 220 1613 tuam,
245 1559 299 1603 et
324 1563 631 1618 qumsumus
649 1563 746 1617 pro
771 1549 966 1603 ancilla
998 1559 1086 1604 tua
1115 1548 1207 1614 N.,
1237 1565 1357 1618 qua:
1379 1549 1615 1604 servavit

52 1640 481 1696 constitutionem
530 1649 674 1694 tuam
700 1679 716 1704 ,
749 1649 804 1694 et
829 1650 979 1710 optat
1028 1641 1233 1712 ingredi
1267 1641 1320 1694 in
1370 1651 1616 1695 sanctum

59 1732 449 1787 tabernaculum
497 1741 686 1796 tuum,
738 1742 796 1786 ut
836 1734 1028 1789 adoret
1073 1744 1199 1788 ante
1247 1733 1419 1789 altare
1463 1743 1615 1788 tuum

1719 558 1917 603 metam
1939 551 2115 604 artatis
2145 565 2274 606 sum.
2299 549 2420 604 Fiat
2469 551 2685 617 timens,
2708 560 2764 607 et
2809 553 3078 608 coalescat
3113 554 3165 609 in
3196 571 3294 607 vo-

1721 639 1979 694 luntatem
2018 649 2163 693 tuam
2210 651 2473 695 sanctam.
2506 641 2726 697 Custodi
2759 652 2814 697 et
2857 643 3120 699 conﬁrma
3167 659 3294 698 eum

1718 730 1773 784 in
1805 729 1908 783 ﬁde
1939 743 2108 794 recta,
2144 731 2198 786 in
2222 746 2337 800 spe,
2372 747 2505 800 pace
2529 772 2543 796 ,
2599 740 2655 788 et
2697 733 2968 788 charitate
3015 743 3105 789 tua
3133 774 3148 800 ,
3197 750 3297 804 per

1719 821 1935 874 unicum
1987 821 2181 875 Filium
2237 830 2385 875 tuum
2439 821 2622 876 Jesum
2681 822 2954 877 Christum
3005 823 3293 878 Dominum

1721 922 1986 977 nostrum,
2015 928 2136 967 cum
2174 902 2281 982 quo
2322 913 2418 968 tibi
2455 913 2741 980 convenit,
2787 930 2894 968 una
2945 931 3067 969 cum
3109 924 3297 969 sancto

1720 1000 1945 1072 Spiritu,
1973 1002 2141 1073 gloria
2168 1013 2221 1057 et
2250 1002 2541 1073 gratiarum
2571 1003 2735 1070 actio,
2770 1003 2824 1057 in
2855 1003 3052 1059 saecula
3074 1003 3297 1058 saculo-

1719 1109 1860 1146 rum.
1885 1094 2084 1149 Amen.

1789 1183 2048 1239 Sacerdos
2083 1186 2226 1256 ungit
2267 1202 2445 1239 eorum
2497 1185 2756 1254 frontem,
2783 1185 2991 1254 femina:
3014 1184 3210 1240 scilicet
3247 1194 3296 1238 et

1716 1276 1956 1345 infantis,
1982 1278 2223 1330 unctione
2243 1286 2450 1342 sancta,
2474 1286 2520 1329 et
2543 1276 2667 1330 dicit
2690 1286 2982 1347 sequentem
3005 1277 3295 1331 orationem

1717 1368 2063 1437 impositionis
2094 1381 2380 1422 manuum:

1789 1461 2033 1524 Domine,
2065 1473 2098 1514 ο
2137 1460 2399 1525 Domine,
2456 1460 2616 1515 Pater
2663 1460 2843 1525 bone,
2896 1459 3040 1515 Deus
3087 1466 3293 1524 noster,

1717 1552 2069 1622 imposuimus
2099 1568 2286 1606 manus
2318 1559 2531 1606 nostras
2558 1567 2718 1620 super
2757 1552 2932 1620 capita
2964 1551 3291 1606 famulorum

1721 1655 1955 1711 tuorum,
1987 1646 2038 1700 in
2073 1660 2326 1700 coronam
2352 1645 2574 1699 honoris
2596 1653 2651 1698 et
2671 1643 2876 1716 gloriae,
2909 1658 3065 1698 amen
3093 1659 3107 1708 ;
3142 1657 3299 1696 coro-

1721 1750 1843 1788 nam
1876 1735 2020 1801 ﬁdei,
2050 1744 2106 1789 et
2127 1734 2360 1800 decoris,
2385 1750 2540 1789 amen
2567 1750 2581 1798 ;
2617 1749 2872 1788 coronam
2889 1731 3146 1800 justitim,
3179 1747 3300 1801 qua:

57 1835 295 1878 sanctum
323 1841 337 1890 ;
367 1832 424 1878 et
452 1824 724 1881 desiderat
771 1840 987 1881 sumere
1028 1833 1424 1881 sacramentum
1467 1833 1616 1878 tuum
1652 1821 1694 1880 Β
1723 1843 1827 1883 non
1850 1837 2190 1899 expugnatur
2219 1829 2286 1882 ab
2308 1829 2547 1891 inimico,
2582 1843 2761 1882 amen.
2813 1826 2920 1882 Fac
2965 1841 3148 1880 servos
3179 1834 3300 1878 tuos

59 1925 294 1968 sanctum
312 1922 368 1970 et
393 1914 711 1971 viviﬁcans:
745 1930 1016 1987 rogamus,
1043 1915 1284 1985 inquam,
1316 1914 1611 1969 bonitatem

60 2015 217 2067 tuam,
248 2013 301 2060 et
327 2021 654 2076 quaesumus,
683 2023 717 2062 ο
750 2015 960 2062 amator
989 2007 1207 2064 humani
1235 2007 1448 2077 generis
1470 2045 1486 2071 ,
1515 2006 1611 2060 be-

1713 1918 1902 1989 plenos
1929 1921 2116 1990 gratia:
2145 1919 2384 1989 Spiritus
2413 1919 2608 1983 sancti,
2651 1933 2748 1988 per
2775 1916 3204 1972 misericordiam
3247 1923 3302 1968 ct

1716 2010 2152 2080 propitiationem
2203 2011 2464 2063 amatoris
2507 2009 2729 2062 humani
2777 2007 3028 2078 generis,
3082 2005 3176 2059 ﬁlii
3224 2005 3300 2058 tui

57 2099 202 2152 nedic
240 2098 442 2153 ancilla:
473 2108 576 2154 tuae
604 2099 670 2153 N.
697 2100 752 2154 in
785 2099 887 2155 bac
918 2100 1067 2164 hora,
1103 2109 1157 2154 et
1186 2100 1352 2154 libera
1389 2115 1507 2153 eam
1545 2099 1615 2153 ab
1713 2097 1840 2154 Jcsu
1872 2100 2097 2165 Christi,
2158 2116 2280 2154 nam
2313 2100 2431 2164 tibi,
2462 2108 2516 2153 et
2547 2099 2667 2170 ipsi,
2695 2114 2816 2155 cum
2841 2106 3030 2154 sancto
3075 2095 3300 2166 Spiritu,

55 2191 193 2243 omni
223 2190 552 2247 immunditia
581 2192 817 2265 maligna
840 2208 960 2262 qua:
987 2193 1240 2263 propellit
1279 2207 1310 2247 a
1340 2193 1489 2263 regia
1521 2201 1613 2246 tua

57 2291 252 2344 sancta,
285 2293 336 2338 et
363 2281 445 2336 fac
469 2293 529 2338 ut
557 2284 820 2354 suscipiat
857 2299 924 2339 ex
971 2292 1316 2340 sacramento
1361 2293 1455 2338 tuo
1485 2297 1613 2342 san-

57 2382 158 2424 cto.
185 2372 372 2426 Infanti
403 2374 566 2427 etiam
591 2375 716 2429 huic
743 2375 987 2444 parvulo,
1037 2374 1293 2438 Domine,
1335 2374 1427 2444 qui
1458 2382 1616 2428 natus

53 2475 132 2517 est
163 2478 223 2519 ex
259 2479 339 2528 ea,
365 2465 612 2533 benedic,
645 2467 945 2532 sanctiﬁca,
973 2477 1029 2524 et
1046 2467 1311 2524 conﬁrma
1342 2481 1467 2522 eum
1495 2481 1510 2531 ;
1543 2465 1610 2520 da

1716 2200 1802 2246 est
1825 2192 1995 2261 gloria
2019 2201 2074 2246 et
2100 2200 2340 2261 potestas
2363 2231 2378 2257 ,
2417 2192 2469 2245 in
2499 2189 2694 2246 saecula
2739 2187 3080 2244 surculorum.
3105 2189 3300 2242 Amen.

1791 2281 1985 2338 Postea
2018 2293 2187 2340 mater
2207 2284 2363 2338 sumit
2395 2293 2790 2338 sacramentum
2820 2295 3058 2337 sanctum
3083 2279 3299 2334 Eucha-

1722 2373 1908 2427 ristiaz.

1790 2463 2190 2521 Benedictionis
2212 2479 2490 2536 puerpera:
2514 2463 2658 2519 ﬁnis.

53 2609 3302 2635 _———-——_——_——-—————————————_———I—-——

234 2774 562 2870 ORDO
633 2774 1222 2888 BAPTISMI.
1270 2775 1913 2866 SECUNDUM
1990 2773 2311 2866 USUM
2383 2777 3105 2871 1ETHIOPUM.

50 3191 98 3228 nt
134 3187 328 3230 acutas
385 3185 574 3228 PATRIS
600 3210 616 3240 ,
666 3187 738 3227 ετ
771 3186 902 3228 FtLll
928 3211 944 3238 ,
994 3187 1065 3227 ετ
1115 3185 1358 3228 manus
1406 3186 1618 3228 SANCTI.
1650 3158 1696 3222 C
1726 3168 1899 3240 ptoris
1929 3169 2098 3226 nostri
2128 3167 2254 3226 Jesu
2284 3168 2508 3236 Christi,
2541 3185 2761 3226 oramus
2789 3179 2844 3227 et
2873 3187 3123 3243 rogamus
3150 3173 3307 3228 boni-

738 3278 902 3317 AIEN.

44 3357 379 3419 Orationes
410 3372 554 3436 qua:
573 3353 878 3416 dicuntur
907 3354 973 3416 in
1006 3362 1224 3448 sancto
1265 3354 1610 3433 baptismo.

111 3475 374 3531 Sacerdos
409 3475 637 3546 primum
659 3474 784 3528 dicit
812 3472 1074 3544 psalmum
1102 3475 1622 3546 quinquagesimum,

39 3567 233 3622 scilicet
269 3581 290 3620 :

107 3657 369 3713 Miserere
385 3670 511 3722 met,
529 3655 694 3721 Deus,
715 3653 1009 3710 secundum
1033 3668 1284 3725 magnam
1317 3654 1626 3710 misericor-

36 3748 182 3802 diam
218 3755 392 3812 tuam,
417 3761 580 3816 usque
605 3746 662 3800 in
698 3744 878 3814 ﬁnem.
923 3743 1064 3799 Thus
1106 3746 1232 3808 dat,
1258 3755 1306 3798 et
1336 3746 1624 3814 interrogat

38 3839 252 3894 nomina
273 3854 456 3894 eorum
477 3838 567 3909 qui
597 3837 903 3908 baptizandi
930 3847 1051 3893 sunt
1068 3878 1084 3905 ,
1112 3847 1161 3894 et
1187 3847 1304 3892 orat
1341 3854 1497 3909 super
1514 3853 1620 3892 eos.

101 3931 380 3983 Diaconus
406 3929 532 3982 dicit
561 3943 579 3980 :
605 3928 789 3984 Orate.

104 4021 376 4076 Sacerdos
411 4030 585 4074 autem
616 4022 748 4075 dicit
775 4037 794 4075 :
829 4020 1055 4077 Domine
1085 4028 1287 4084 noster,
1314 4018 1440 4075 Jesu
1467 4018 1627 4076 Chri-

31 4123 138 4176 ste,
174 4113 270 4182 qui
312 4113 583 4169 inclinasti
625 4123 680 4168 et
718 4113 1048 4169 descendisti
1082 4114 1135 4168 in
1187 4123 1430 4178 terram;
1471 4111 1626 4182 cujus

30 4208 262 4263 verbum
293 4207 494 4263 scindit
520 4215 723 4277 petras,
746 4216 800 4262 et
828 4215 1047 4263 acutum
1089 4217 1174 4263 est
1197 4207 1480 4277 plusquam
1511 4207 1626 4278 gla-

28 4300 197 4366 dius;
262 4300 423 4371 cujus
469 4300 761 4370 praesentia
816 4309 1102 4356 commota:
1165 4307 1292 4355 sunt
1334 4315 1520 4370 aqntc,
1571 4308 1626 4354 et

26 4402 184 4448 retro
215 4391 492 4463 fugerunt,
522 4407 653 4448 sana
698 4393 796 4448 hos
840 4392 1074 4447 famulos
1109 4401 1227 4446 tuos
1272 4393 1361 4461 qui
1396 4390 1623 4461 ingressi

23 4491 162 4537 sunt
189 4483 264 4538 ad
293 4483 595 4540 doctrinam
651 4493 821 4538 tuam.
854 4482 1092 4540 Ostende
1116 4484 1197 4539 eis
1230 4484 1372 4537 viam
1403 4498 1523 4554 qua:
1544 4483 1624 4537 eis

22 4575 321 4641 convenit,
353 4585 416 4630 ut
457 4590 554 4645 per
589 4590 707 4630 eam
743 4575 998 4631 incedant
1032 4591 1131 4645 per
1176 4575 1405 4646 gratiam
1449 4576 1622 4631 sancti

21 4667 280 4739 Spiritus
304 4668 654 4734 immaculati,
680 4678 735 4724 et
760 4670 899 4725 dona
923 4669 1004 4725 eis
1025 4669 1402 4725 remissionem
1429 4683 1622 4738 pecca-

19 4770 214 4815 torum
251 4775 460 4816 eorum.
490 4759 568 4814 Da
596 4761 674 4814 eis
719 4761 983 4831 gratiam,
1022 4770 1082 4814 ut
1130 4762 1405 4816 inveniant
1448 4761 1626 4816 mede-

19 4853 133 4906 lam
164 4865 524 4923 peccatornm
555 4869 776 4908 suorum
815 4869 935 4923 qnte
964 4854 1355 4924 coinquinant,
1407 4864 1462 4910 et
1498 4854 1629 4908 ﬁant

17 4945 175 5012 digni
211 4954 413 5000 sancto
443 4946 708 5016 baptismo
738 4953 828 5002 tuo
867 4947 1008 5016 quod
1039 4956 1125 5001 est
1169 4947 1508 5017 regeneratio
1540 4947 1636 5026 in-l

17 5039 452 5108 corruptibilis,
505 5048 558 5094 et
605 5039 883 5093 inveniant
926 5038 1187 5109 Spiritum
1238 5047 1526 5106 sanctum,
1568 5047 1629 5093 ut

17 5130 261 5186 videant
293 5132 718 5204 magnitudinem
761 5131 879 5202 ejus
909 5143 965 5186 et
999 5131 1300 5187 claritatem
1327 5173 1343 5196 ,
1375 5140 1430 5185 et
1457 5131 1628 5186 virtu-

17 5231 136 5277 tum
193 5223 576 5295 intelligentia!
625 5234 765 5288 tuae,
816 5233 870 5278 et
912 5224 1215 5295 gloriﬁcent
1263 5233 1348 5287 te,
1402 5223 1627 5278 Domine

17 5326 249 5380 noster,
275 5317 373 5371 tibi
395 5318 540 5371 enim
563 5318 811 5372 convenit
835 5318 1024 5388 gloria,
1045 5317 1299 5387 Patrique
1322 5325 1415 5370 tuo
1461 5317 1624 5381 bono,

17 5414 68 5457 et
98 5406 354 5475 Spiritui
386 5415 596 5471 sancto,
633 5406 950 5471 vivilicanti,
998 5422 1161 5472 nunc,
1191 5416 1245 5461 et
1275 5421 1488 5475 semper
1511 5445 1526 5471 ,
1573 5414 1625 5461 et

17 5497 65 5548 in
98 5497 325 5550 sacula
357 5497 696 5552 saeculorum.
721 5499 908 5552 Amen.

81 5588 386 5642 Diacomts
415 5590 578 5642 dicit:
610 5589 793 5644 Orate.

82 5678 376 5734 Sacerdos
405 5690 579 5735 autem
611 5681 736 5735 dicit
768 5695 788 5732 -:
819 5680 1064 5745 Domine,
1094 5679 1260 5735 Pater
1293 5681 1454 5743 bone,
1486 5679 1627 5735 Deus

17 5781 220 5825 noster
253 5772 624 5842 omnipotens,
657 5772 820 5827 Pater
867 5772 1075 5827 Domini
1129 5773 1246 5838 Dei,
1293 5782 1347 5828 et
1391 5771 1623 5826 Redem-

1726 3272 1892 3319 tatem
1939 3272 2110 3330 tuam,
2136 3280 2168 3320 ο
2198 3275 2410 3319 amator
2438 3266 2660 3320 humani
2697 3267 2931 3336 generis,
2963 3281 3060 3336 pro
3090 3265 3307 3321 fatnnlis

1727 3357 1833 3411 tuis
1876 3356 1968 3426 qui
2012 3357 2307 3424 docentur;
2362 3357 2515 3411 erudi
2563 3373 2676 3423 eos,
2713 3367 2768 3412 et
2815 3373 3005 3416 omnes
3049 3359 3310 3430 reliquias

1726 3446 2044 3500 idololatriae
2091 3447 2279 3518 elonga
2333 3455 2388 3502 et
2439 3447 2650 3518 expelle
2707 3463 2736 3502 a
2792 3450 3044 3504 cordibus
3095 3465 3306 3505 eorum.

1724 3535 1921 3606 Legem
1959 3545 2126 3602 tuam,
2153 3537 2434 3603 timorem,
2474 3547 2529 3593 et
2561 3537 2811 3593 mandata
2861 3549 2975 3605 tua,
3012 3537 3306 3608 justitiam.

1724 3637 1779 3682 et
1808 3628 2224 3683 constitutiones
2268 3636 2386 3683 tuas
2429 3637 2644 3686 sanctas
2674 3629 2889 3700 impone
2938 3630 3192 3686 cordibus
3219 3645 3312 3685 eo.

1725 3735 1879 3784 rum;
1927 3729 1984 3774 et
2017 3718 2104 3773 fac
2142 3734 2236 3774 eos
2275 3727 2427 3789 aptos
2470 3720 2537 3775 ad
2578 3721 3004 3775 conservandam
3051 3721 3308 3776 virtutem

1725 3811 1875 3867 verbi
1909 3812 1984 3891 tui
2022 3812 2166 3881 quod
2211 3811 2494 3877 docentur,
2536 3821 2596 3866 ut
2632 3811 2686 3866 in
2721 3821 2963 3882 tempore
2994 3819 3196 3867 statuto
3229 3813 3311 3865 in-

1724 3903 1945 3958 veniant
1987 3902 2318 3957 ablutionem
2365 3902 2794 3972 regenerationis
2839 3903 2889 3959 in
2934 3902 3309 3957 remissionem

1725 4005 2070 4065 peccatormn
2115 4009 2363 4056 suorum,
2395 4002 2448 4046 ct
2491 3993 2599 4046 sint
2640 3991 2904 4046 habitatio
2933 3993 3106 4047 sancti
3136 3991 3312 4062 Spiri-

1728 4099 1812 4145 tus
1852 4104 1950 4159 per
1989 4087 2220 4158 gratiam
2267 4087 2414 4140 unici
2449 4084 2568 4138 Filii
2615 4085 2716 4150 tui,
2748 4092 2808 4139 ut
2851 4083 2968 4150 tibi,
2999 4092 3056 4139 et
3100 4085 3226 4153 ipsi,
3257 4092 3312 4137 ct

1726 4189 1916 4236 sancto
1966 4177 2190 4248 Spiritui
2238 4176 2310 4232 sit
2359 4176 2531 4246 gloria
2583 4184 2640 4230 et
2689 4175 2986 4244 gratiarum
3036 4174 3212 4242 actio,
3255 4174 3309 4228 in

1727 4273 1921 4330 saecula
1953 4271 2296 4328 saeculorum.
2327 4269 2521 4324 Amen.
3053 4263 3057 4267 “

1797 4396 2000 4465 Accipit
2053 4395 2384 4465 postmodum
2433 4393 2679 4447 sacerdos
2712 4408 2799 4448 cas
2831 4391 2932 4446 olei
2972 4393 3028 4445 in
3071 4391 3312 4446 manibus

1657 4519 1702 4578 ο
1728 4489 1837 4543 suis
1863 4531 1877 4554 ,
1906 4498 1954 4542 et
1983 4499 2096 4540 orat
2127 4503 2284 4557 super
2311 4488 2478 4556 ipsum
2511 4490 2563 4539 in
2590 4486 2728 4539 [tunc
2755 4484 2990 4549 modum,
3023 4485 3198 4536 dicens
3230 4493 3254 4532 .°

1801 4580 2049 4645 Domine,
2077 4593 2111 4631 ο
2137 4577 2382 4642 Domine,
2422 4575 2582 4630 Pater
2611 4575 2774 4638 bone,
2810 4575 2949 4628 Deus
2980 4582 3169 4628 noster
3197 4587 3314 4629 om~

1728 4672 2011 4742 nipotcns,
2056 4669 2218 4723 Pater
2257 4666 2466 4722 Domini
2500 4667 2590 4721 Dei
2640 4676 2692 4721 et
2725 4665 3099 4735 Redemptoris
3131 4665 3304 4719 nostri

1727 4763 1853 4818 Jesu
1884 4762 2107 4828 Christi,
2140 4761 2284 4814 unici
2316 4759 2435 4814 Filii
2469 4759 2566 4820 tui,
2599 4757 2763 4812 Verbi
2795 4755 3062 4812 incarnati
3093 4765 3316 4826 propter

1731 4873 1830 4911 nos
1858 4865 2097 4924 tempore
2125 4853 2295 4908 Pontii
2325 4850 2480 4905 Pilati
2506 4850 2630 4922 (hoc
2659 4849 2802 4903 enim
2834 4862 2960 4904 vere
2992 4849 3310 4917 credimus),

1730 4964 1955 5004 oramus
1999 4957 2056 5002 ct
2105 4961 2356 5017 rogamus
2387 4944 2686 4997 bonitatem
2718 4951 2886 5006 luant,
2913 4957 2947 4996 ο
2972 4949 3184 4995 amator
3212 4939 3314 4993 hu-

1731 5039 1878 5096 mani
1913 5037 2158 5109 generis;
2206 5036 2360 5090 mitte
2404 5034 2658 5088 virtutem
2698 5043 2843 5086 tuam
2883 5039 3122 5089 sanctam
3153 5043 3318 5100 super

1731 5135 1835 5190 hoc
1873 5133 2072 5194 oleum,
2114 5139 2169 5185 et
2209 5129 2301 5183 ﬁat
2343 5128 2520 5182 oleum
2562 5126 2614 5179 in
2657 5125 3060 5179 mundationem
3097 5131 3153 5175 et
3187 5136 3314 5190 pro-

1728 5225 2092 5298 pugnaculum
2130 5230 2319 5278 contra
2346 5219 2528 5274 omnia
2559 5233 2678 5287 qua:
2708 5217 3083 5273 adversantur.
3121 5213 3312 5267 Amen.

1731 5317 1957 5373 Omnem
2004 5313 2399 5376 inﬁdelitatem,
2429 5319 2484 5364 et
2522 5324 2681 5363 omne
2721 5307 3066 5370 veneﬁcium,
3099 5315 3154 5357 et
3199 5319 3316 5356 om-

1732 5422 1854 5462 nem
1887 5403 2258 5461 adorationcm
2310 5400 2577 5455 idolorum
2625 5406 2680 5452 ct
2719 5411 2880 5451 omne
2908 5408 3042 5464 opus
3073 5392 3198 5446 mali
3231 5407 3318 5445 re-

1731 5505 2066 5553 trovertatur
2101 5509 2196 5563 per
2237 5491 2492 5546 virtutem
2521 5489 2662 5543 unici
2695 5485 2815 5541 Filii
2853 5485 2926 5538 tni
2959 5483 3085 5539 Jesu
3115 5479 3316 5537 Christi

1733 5587 1944 5643 Domini
1973 5594 2025 5641 et
2056 5583 2435 5650 Redemptoris
2477 5579 2670 5645 nostri,
2699 5576 2782 5632 cui
2817 5585 3019 5638 tecum,
3047 5587 3152 5627 una
3193 5587 3315 5627 cum

1729 5687 1920 5734 sancto
1954 5678 2180 5747 Spiritu,
2205 5674 2461 5732 convenit
2495 5672 2664 5743 gloria
2711 5677 2765 5726 et
2800 5668 2974 5724 honor
3015 5668 3068 5722 in
3115 5663 3314 5720 scccula

1732 5771 2073 5828 saeculorum.
2108 5770 2300 5826 Amen.
