3924 6318
685 342 784 405 9'51

756 460 1025 517 Diacouus
1042 456 1174 511 dicit
1199 468 1218 508 :
1242 454 1430 512 Orate.

758 548 1018 608 Sacerdos
1058 556 1232 602 autem
1260 546 1387 600 dicit
1416 557 1434 595 :
1460 544 1712 609 Domine,
1746 559 1780 598 ο
1822 542 2072 608 Domine,
2098 542 2263 597 Pater

685 644 846 707 bone,
877 640 1018 695 Deus
1047 648 1232 692 uoster
1281 634 1646 706 omnipotens,
1699 632 1860 688 Pater
1894 631 2112 688 Domini
2142 630 2259 697 Dei,

685 742 740 788 et
766 728 1147 800 Redemptoris
1175 726 1343 782 nostri
1365 720 1497 782 Jesu'
1522 724 1744 791 Christi,
1772 736 1989 778 oramus
2020 731 2074 782 et
2109 737 2264 793 roga-

688 837 807 879 mus
833 820 1129 876 bonitatem
1169 827 1337 882 tuam,
1367 829 1401 871 o
1430 825 1642 870 amator
1663 814 1883 868 humani
1908 812 2143 884 generis,
2169 811 2262 882 qui

685 912 831 968 solus
880 926 939 966 es
985 911 1129 965 Deus
1173 907 1400 977 iustitia:
1447 922 1568 961 cum
1598 905 1758 960 unico
1807 902 1944 959 Filio
1999 912 2091 958 tuo
2136 900 2262 956 Jesu

684 1000 923 1067 Christo,
962 1000 1190 1054 Domino
1217 1007 1424 1060 nostro,
1470 1002 1524 1049 et
1561 1010 1686 1050 cum
1717 992 1921 1063 Spiritu
1958 1001 2172 1058 sancto,
2204 999 2264 1046 ut

685 1105 904 1167 aspectu
955 1092 1184 1162 aspicias
1228 1103 1390 1159 super
1430 1087 1531 1143 hoc
1567 1086 1765 1151 oleum,
1795 1096 1848 1140 et
1887 1084 2058 1140 facias
2084 1091 2142 1138 ut
2174 1097 2261 1138 re-

685 1188 847 1259 pellat
873 1201 1059 1241 omncs
1088 1188 1378 1245 dmmOnes,
1404 1180 1587 1235 omnia
1616 1176 1875 1233 veneficia
1919 1186 1973 1231 et
2013 1176 2260 1230 incanta-

687 1283 882 1343 tiones,
906 1286 960 1332 et
985 1288 1199 1330 omnem
1231 1271 1610 1327 idololatriam.
1645 1269 1789 1323 Muta
1834 1269 2031 1337 ipsum,
2074 1274 2129 1320 et
2175 1265 2261 1318 fac

581 1372 590 1383 “
687 1370 994 1425 unctionem
1032 1365 1307 1428 mundam,
1340 1377 1462 1433 quae
1489 1360 1655 1417 faciat
1683 1358 1918 1414 animam
1949 1358 2173 1412 credere
2202 1354 2260 1409 in

684 1461 866 1516 Jesum
891 1438 1187 1520 Christum,
1214 1456 1300 1509 cui
1348 1448 1542 1515 tecum,
1573 1462 1629 1506 et
1669 1465 1791 1505 cum
1820 1447 2024 1518 Spiritu
2069 1453 2261 1502 sancto

683 1562 766 1608 est
792 1550 985 1621 gloria,
1016 1548 1069 1602 in
1098 1545 1292 1601 saecula
1321 1542 1662 1600 saeculorum.
1693 1546 1889 1594 Amen.

755 1640 949 1697 Postea
991 1639 1136 1709 ungit
1185 1636 1430 1691 sacerdos
1468 1636 1690 1705 frontem
1734 1646 1915 1684 eorum
1952 1629 2041 1700 qui
2087 1626 2261 1696 bapti-

684 1736 840 1790 zandi
867 1741 1009 1799 sunt,
1036 1726 1279 1800 scapulas
1308 1742 1508 1792 eorum,
1540 1722 1716 1787 ulnas,
1748 1730 1794 1774 et
1821 1734 2045 1790 granum
2085 1727 2259 1787 pecto-

1435 339 1723 397 APPEND.
1766 339 1857 394 AD
1895 337 2073 398 3:130.
2115 339 2184 397 Χ.
2223 367 2252 378 -

2285 366 2293 376 -
2324 330 2763 394 MONUMENTA
2790 330 3067 392 LITURG.
3726 341 3794 395 95!

2285 455 2339 514 Α
2435 448 2579 504 Tunc
2620 449 2864 503 sacerdos
2895 450 3057 519 ﬂectit
3099 463 3265 519 genua
3298 463 3465 501 eorum
3491 448 3566 517 qui
3592 448 3794 519 baptizandi

2358 547 2503 604 sunt,
2543 548 2589 592 et
2621 538 2745 592 dicit
2777 539 2913 591 hanc
2952 538 3237 592 orationem
3269 552 3417 607 super
3436 552 3514 590 eos
3545 537 3798 606 :Domitte,o

2360 627 2605 693 Domine,
2632 628 2795 684 Pater
2819 628 2978 694 bone,
3011 630 3152 682 Deus
3178 636 3360 682 noster
3379 628 3684 696 omnipotens,
3698 629 3798 687 Pater

2359 718 2605 784 Domini,
2651 719 2780 785 Dei,
2823 728 2879 773 et
2920 718 3297 787 Redemptoris
3335 717 3493 771 nostri
3522 716 3629 772 Jesu
3651 717 3798 788 Christi,

2361 823 2614 879 rogamus
2653 808 2951 863 bonitatem
2994 817 3163 873 tuam,
3192 815 3249 861 et
3288 821 3640 875 quaesumus»
3666 820 3801 863 amator

2359 895 2579 950 humani
2615 898 2858 967 generis,
2905 895 3225 950 famulorum
3271 904 3472 949 tuorum
3511 895 3591 965 qui
3628 896 3803 954 dederunt

2359 988 2574 1042 nomina
2605 1003 2722 1052 sua,
2757 987 3041 1052 miserere,
3066 998 3121 1041 et
3158 986 3245 1040 fac
3284 1000 3377 1040 eos
3418 987 3584 1056 dignos
3614 1003 3667 1042 ea
3695 992 3802 1059 grati:

2360 1074 2427 1128 ad
2471 1089 2631 1143 quam
2679 1084 3045 1138 accesserunt,
3086 1082 3145 1128 ut
3191 1074 3459 1129 inveniant
3484 1073 3698 1144 Spiritum
3731 1093 3806 1132 san-

2360 1176 2526 1231 ctum,
2559 1176 2615 1221 et
2656 1168 2966 1237 repleantur
2987 1169 3192 1238 Spiritu
3225 1177 3407 1235 tuo,'et
3432 1169 3550 1224 ﬁant
3572 1171 3617 1225 in
3638 1173 3807 1227 similiu-

2360 1258 2537 1311 dinem
2561 1258 2680 1319 Filii
2714 1260 2795 1323 tui
2815 1258 2944 1314 Jes'u
2974 1259 3175 1315 Christi
3199 1260 3406 1316 Domini
3435 1261 3607 1328 nostri,
3630 1273 3674 1318 et
3700 1281 3805 1319 unum

2359 1348 2660 1405 efﬁciantur
2697 1366 2822 1406 eum
2849 1366 2934 1406 eo.
2980 1354 3127 1408 Dona
3154 1353 3234 1410 eis
3260 1369 3357 1409 cor
3385 1357 3634 1422 mundum,
3656 1367 3699 1411 et
3716 1375 3810 1413 men-

2361 1447 2467 1493 tem
2497 1449 2735 1508 reetam;
2768 1442 2839 1496 ob
2870 1443 2973 1497 hoc
3009 1442 3373 1514 supplicamus
3415 1444 3504 1497 tibi
3545 1446 3722 1513 genibus
3752 1463 3809 1501 uo-

2358 1530 2508 1594 stris,
2537 1539 2592 1583 et
2624 1546 2876 1602 rogamus
2919 1541 2988 1588 te.
3027 1534 3100 1588 Da
3143 1548 3361 1588 manum
3404 1543 3556 1603 tuam,
3581 1535 3759 1600 Domine,
3775 1548 3807 1590 et

2358 1623 2577 1677 subleva
2606 1640 2704 1679 nos
2759 1641 2790 1679 a
2833 1634 2998 1691 terra,
3029 1633 3084 1681 et
3131 1627 3315 1682 attolle
3356 1638 3574 1681 mentem
3605 1637 3649 1683 et
3677 1628 3809 1683 intelle-

2358 1724 2504 1769 ctum
2546 1726 2807 1772 nostrum.
2857 1718 2929 1772 Da
2974 1718 3132 1773 nobis
3173 1727 3407 1773 mentem
3447 1719 3809 1783 intellectiratu,et

684 1818 1095 1895 ns,interiorem
1124 1832 1169 1879 et
1198 1822 1507 1879 exteriorem
1528 1826 1726 1886 partem
1754 1830 2024 1880 manuum,
2048 1820 2095 1868 et
2117 1825 2260 1867 sum-
2284 1796 2332 1860 Β
2359 1811 2681 1871 doctrinam.
2726 1812 2835 1868 Fac
2882 1829 2979 1868 nos
3037 1828 3225 1869 servos
3276 1821 3415 1880 tuos,
3457 1823 3505 1868 et
3549 1814 3713 1869 custodi
3739 1830 3807 1875 nos.

683 1923 886 1974 mitates
930 1918 1242 1989 digitorum,
1281 1916 1406 1970 dum
1442 1913 1612 1967 dicit:
1648 1910 1798 1978 Ungo
1836 1917 1908 1974 te,
1940 1905 2031 1971 Ν..
2065 1906 2122 1960 in
2160 1919 2259 1959 no-

685 2012 827 2065 mine
855 2010 1022 2065 unicae
1044 2008 1318 2072 Ecclesiae,
1342 2020 1461 2074 qum
1487 2012 1572 2060 est
1596 2000 1884 2058 concilium
1912 2012 2011 2055 seu
2036 2008 2261 2068 congw

682 2101 829 2172 gatio
860 2098 1226 2169 apostolorum
1256 2094 1492 2150 Domini.
1894 2114 1899 2119 ε

756 2189 858 2256 Qui
889 2190 1186 2260 baptizatur
1214 2188 1340 2241 dicit
1365 2194 1384 2240 ὲ
1415 2184 1611 2241 Amen.

753 2281 1013 2338 Sacerdos
1048 2297 1165 2335 vero
1191 2280 1316 2333 dicit
1342 2295 1359 2333 :
1383 2277 1571 2334 Oleum
1596 2276 1699 2331 hoc
1724 2273 1901 2331 deleat
1937 2284 2099 2330 omne
2124 2285 2260 2342 opus

682 2372 889 2428 inimici
919 2374 1012 2443 qui
1040 2372 1375 2426 adversatur.
1407 2368 1509 2434 Qui
1538 2367 1836 2437 baptizatur
1862 2365 1988 2419 dicit
2018 2380 2037 2419 :
2062 2364 2254 2418 Amen.

753 2463 1009 2520 Sacerdos
1036 2472 1209 2517 autem
1254 2461 1379 2514 dicit
1425 2460 1711 2515 orationem
1748 2458 2038 2529 gratiarum
2096 2456 2259 2509 actio-

683 2557 800 2619 nis,
839 2570 958 2623 qua’
996 2563 1071 2607 est
1118 2563 1176 2605 ut
1215 2567 1405 2621 supra,
1453 2549 1604 2619 cujus
1640 2549 1849 2602 initium
1891 2555 1967 2601 est
1995 2558 2014 2597 :
2044 2544 2259 2600 Gratias

684 2659 910 2717 agamus
953 2640 1309 2707 benefactori,
1341 2647 1446 2695 etc.
1479 2639 1678 2693 Deinde
1712 2638 1873 2708 ﬂectit
1909 2636 2123 2691 brachia
2164 2651 2257 2690 eo-

681 2750 799 2786 rum
832 2732 921 2804 qui
950 2728 1250 2801 baptizandi
1276 2739 1419 2794 sunt,
1448 2738 1663 2798 oratque
1689 2741 1846 2797 super
1872 2741 1980 2791 eos,
2007 2732 2058 2778 et
2083 2723 2211 2778 dicit
2235 2735 2256 2776 :

678 2812 1006 2877 Benedictus
1052 2820 1123 2875 sit
1169 2818 1430 2875 Dominus
1474 2818 1617 2872 Deus
1660 2826 1845 2871 noster
1891 2816 2254 2885 omnipotens.

679 2916 873 2969 Amen.
902 2913 1254 2969 Benedictum
1285 2913 1356 2967 sit
1381 2925 1577 2968 nomen
1604 2908 1788 2980 gloriae
1815 2908 1950 2980 ejus.
1985 2907 2182 2964 Amen.

754 3006 1079 3060 Benedictus
1124 3004 1197 3069 sit.
1225 3003 1417 3057 unicus
1452 3000 1622 3056 Filius
1654 2999 1771 3071 ejus
1795 2998 1954 3056 Jesus
1983 2999 2251 3057 Christus.

678 3096 872 3153 Amen.
904 3093 1009 3150 Per
1035 3109 1195 3163 quem
1224 3101 1429 3147 vocatae
1453 3100 1580 3146 sunt
1606 3105 1795 3145 omnes
1822 3100 2012 3161 gentes
2041 3106 2073 3145 a
2104 3101 2256 3147 tene-

679 3185 794 3241 bris
822 3184 887 3239 ad
918 3184 1098 3238 lumen
1128 3197 1310 3238 verum
1353 3190 1407 3237 et
1444 3179 1842 3263 admirandum,
1872 3190 1927 3236 et
1961 3181 2029 3236 ab
2066 3195 2255 3238 errore

678 3278 770 3346 qui
801 3286 887 3332 est
921 3274 1248 3342 idololatria,
1279 3275 1347 3328 ad
1376 3273 1660 3328 scientiam
1688 3280 1916 3328 rectam.
1943 3272 2136 3330 Amen.

748 3368 1014 3423 Diaconus
1035 3368 1160 3422 dicit
1187 3384 1205 3423 :
1233 3367 1416 3424 Orate.
1676 3370 1679 3379 '

750 3458 1009 3515 Sacerdos
1044 3470 1218 3514 autem
1261 3460 1385 3513 dicit
1416 3472 1434 3511 .'
1461 3457 1809 3515 Famulorum
1843 3469 2053 3516 tuorum
2082 3461 2254 3516 nomi-

678 3568 771 3618 na,
800 3566 938 3622 quos
966 3552 1172 3606 vocasti
1210 3551 1277 3607 ad
1322 3566 1517 3607 numen
1551 3561 1702 3607 tuum
1732 3534 1978 3607 sanctum
2008 3560 2063 3608 et
2089 3551 2251 3607 bene-

678 3644 905 3710 dictum,
934 3642 1111 3698 scrihe
1153 3641 1207 3696 in
1238 3641 1379 3697 libro
1416 3642 1560 3708 vitae,
1592 3650 1646 3697 et
1686 3657 2015 3699 connumera
2044 3657 2137 3697 eos
2171 3642 2253 3696 in-

676 3744 759 3792 ter
801 3750 993 3807 greges
1042 3743 1183 3803 tuos,
1213 3743 1269 3790 et
1313 3735 1456 3790 inter
1494 3734 1749 3805 populum
1782 3744 1931 3790 tuum
1968 3735 2059 3806 qui
2103 3734 2253 3789 timet

674 3843 874 3884 nomen
902 3835 1074 3893 tuum,
1112 3841 1145 3881 o
1174 3827 1420 3881 Domine.
1449 3826 1596 3881 Dona
1624 3827 1725 3892 eis,
1753 3835 1814 3880 ut
1842 3825 2159 3896 perveniant
2184 3824 2253 3880 ad

677 3930 878 3977 metam
912 3922 1087 3978 aetatis
1118 3936 1250 3987 suae,
1283 3920 1337 3975 in
1374 3920 1478 3975 tide
1512 3927 1568 3976 et
1604 3920 1973 3976 remissionem
2001 3925 2255 3989 peccato-

674 3998 833 4069 rum.
870 4013 981 4070 Fac
1026 4028 1121 4068 eos
1169 4012 1562 4068 habitationem
1614 4012 1789 4066 sancti
1840 4011 2101 4081 Spiritus,
2153 4024 2253 4081 per

677 4105 896 4161 unicum
942 4103 1134 4158 Filium
1174 4112 1322 4158 tuum
1364 4102 1547 4158 Jesum
1590 4102 1890 4168 Christum,
1930 4110 1990 4157 ut
2037 4102 2154 4169 tibi,
2197 4113 2253 4157 et

674 4194 796 4266 ipsi,
830 4202 885 4248 et
913 4203 1101 4248 sancto
1126 4192 1351 4264 Spiritui
1382 4194 1453 4248 sit
1478 4192 1647 4263 gloria
1674 4203 1728 4247 et
1754 4193 1948 4259 honor,
1977 4193 2031 4248 in
2056 4192 2249 4251 Saecula

673 4285 1009 4343 saeculorum.
1041 4286 1236 4339 Amen.
1458 4276 1463 4283 ‘

780 4375 965 4431 Oratio
1007 4392 1101 4449 pro
1147 4376 1213 4433 iis
1252 4376 1344 4449 qui
1385 4376 1638 4432 dederunt
1687 4381 1898 4435 nomina
1939 4395 2039 4437 sua
2078 4380 2153 4437 ad

1296 4446 1627 4519 baptismum.

748 4536 817 4591 Et
853 4538 978 4591 dicit
1011 4538 1256 4593 sacerdos
1283 4553 1303 4593 :
1330 4538 1599 4612 Rogamus
1631 4540 1817 4609 etiam,
1849 4551 1905 4599 et
1936 4545 2245 4615 quaerimus,

670 4645 704 4685 ο
734 4630 1169 4696 Domine,'Pster
1194 4632 1336 4686 bone
1362 4639 1417 4685 et
1440 4632 1804 4702 omnipotens,
1852 4634 2015 4691 Pater
2038 4636 2248 4693 Domini

670 4720 791 4784 Dei,
817 4729 873 4775 et
902 4721 1278 4793 Redemptoris
1316 4722 1487 4777 nostri
1516 4721 1645 4778 Jesu
1673 4722 1896 4789 Christi,
1923 4725 2247 4783 famulorum

672 4821 888 4866 tuorum
926 4811 1019 4880 qui
1059 4811 1328 4866 dederunt
1361 4812 1578 4868 nomina
1605 4828 1702 4869 sua
1728 4815 2008 4883 miserere,
2041 4817 2132 4887 qui
2163 4818 2249 4873 in-

668 4902 841 4973 gressi
865 4911 993 4957 sunt
1017 4918 1113 4973 per
1133 4903 1292 4958 (idem
1319 4912 1488 4971 tuam,
1516 4906 1574 4960 in
1598 4907 1828 4976 gratiam
1859 4897 2026 4973 tuam,
2056 4918 2117 4965 ut
2138 4910 2249 4965 sint

668 4991 818 5064 digni
855 4993 948 5063 qui
985 4993 1267 5049 inveniant
1295 4995 1493 5050 donum
1518 4997 1586 5051 ad
1614 4999 1759 5066 quod
1786 5009 2071 5065 venerunt,
2095 5012 2250 5072 rege-

669 5087 1009 5142 nerationem
1033 5086 1240 5142 scilicet
1267 5087 1321 5141 in
1352 5089 1729 5145 remissiOnem
1758 5101 2126 5162 peccatorum,
2156 5093 2246 5164 qui

671 5183 1019 5235 accesserunt
1050 5179 1117 5234 ad
1148 5187 1223 5247 te,
1245 5189 1305 5235 ut
1330 5182 1661 5239 mundentur
1684 5200 1713 5238 a
1743 5186 1977 5254 peccatis
2000 5185 2054 5240 in
2086 5194 2247 5241 aeter-

670 5287 819 5337 num,
849 5283 906 5328 et
932 5272 1002 5328 ab
1022 5276 1209 5328 eorum
1240 5274 1574 5342 turpitudine
1612 5275 1934 5340 liberentur.
1956 5277 2081 5347 quia
2104 5277 2247 5346 judi-

669 5364 812 5418 cium
835 5364 1076 5419 omnium
1112 5364 1168 5419 in
1199 5379 1362 5421 manu
1384 5374 1477 5422 tua
1498 5376 1599 5433 est,
1624 5367 1872 5435 Domine,
1896 5368 2039 5426 Deus
2063 5379 2247 5427 noster

668 5455 1030 5524 omnipotens.
1262 5500 1265 5503 ι
1308 5460 1313 5463 ⁷

740 5544 1006 5601 Diaconus
1046 5547 1218 5602 dicit:
1248 5547 1414 5605 Orate
1449 5562 1548 5618 pro
1587 5550 1671 5605 his
1708 5566 1800 5620 qui
1835 5551 2099 5607 dederunt
2146 5568 2244 5609 no-

668 5637 817 5691 mina
846 5653 967 5704 sua,
994 5649 1054 5693 ut
1084 5638 1249 5695 faciat
1278 5640 1419 5695 Deus
1446 5655 1541 5707 eos
1569 5641 1762 5712 dignos
1785 5643 2108 5715 baptismate
2142 5660 2240 5703 suo

668 5735 874 5795 sancto,
901 5738 954 5783 et
982 5730 1297 5787 remissione
1322 5744 1687 5803 peccatorum.

2355 1905 2530 1975 gratia
2551 1901 2786 1976 Spiritus
2815 1904 3005 1961 sancti;
3030 1904 3211 1976 Dirige
3241 1919 3338 1973 spe
3359 1904 3592 1959 bonitatis
3616 1915 3696 1959 tua
3715 1915 3810 1958 eter-

2356 2012 2441 2053 na:
2491 1997 2590 2053 hos
2624 1995 2856 2051 famulos
2898 2006 3036 2062 tuos,
3066 2013 3164 2067 per
3193 1995 3389 2051 Filium
3412 2004 3548 2050 tuum
3562 1996 3809 2064 (unigenitum

2355 2086 2540 2145 Jesum
2570 2088 2870 2153 Christum,
2898 2103 3020 2142 cum
3044 2100 3153 2157 quo
3179 2087 3275 2141 tibi
3306 2082 3557 2142 et‘saucto
3578 2084 3744 2156 Spiritui
3762 2096 3812 2138 est

2356 2177 2527 2247 gloria
2551 2185 2606 2231 et
2630 2176 2824 2239 honor,
2854 2175 2907 2230 in
2938 2175 3135 2231 saecula
3160 2173 3494 2230 saeculorum.
3515 2175 3676 2229 Amen.

2426 2267 2623 2323 Postea
2651 2268 2814 2339 ﬂectit
2842 2266 3086 2322 sacerdos
3115 2266 3270 2337 pedes
3299 2282 3475 2321 eorum
3501 2266 3581 2337 qui
3610 2264 3811 2335 baptizandi

2355 2365 2498 2425 sunt,
2530 2369 2578 2413 et
2606 2358 2738 2412 dicit
2763 2371 2783 2410 :

2426 2448 2703 2517 Rogamus
2747 2457 2820 2514 te,
2859 2446 3110 2513 Domine,
3149 2444 3533 2521 multiplicibus
3563 2447 3752 2519 precibus
3782 2457 3812 2499 rt

2356 2540 2648 2610 gemitibus
2678 2552 2934 2607 rogamus
2972 2537 3272 2596 bonitatem
3304 2550 3467 2605 tuam,
3493 2539 3682 2593 Domine
3703 2537 3810 2591 omni-

2355 2638 2571 2700 potens,
2616 2628 2779 2685 Pater
2817 2628 3030 2686 Domini
3091 2631 3208 2697 Dei,
3247 2641 3310 2686 et
3351 2631 3681 2701 Redemptoris
3711 2628 3810 2683 nostri

2353 2722 2484 2780 Jesu
2507 2722 2735 2787 Christi,
2765 2738 2863 2793 pro
2903 2723 3120 2779 famulis
3163 2724 3273 2779 tuis
3308 2724 3397 2793 qui
3428 2724 3656 2777 dederunt
3678 2720 3809 2775 nomini

2356 2832 2474 2874 sua.
2511 2815 2610 2883 Te,
2653 2817 2901 2882 Domine,
2934 2828 3188 2887 rogamus
3230 2826 3293 2871 ut
3331 2818 3532 2887 aperias
3554 2831 3681 2870 aures
3705 2813 3812 2868 cordis

2356 2922 2543 2964 eorum
2569 2915 2626 2964 et
2653 2907 2925 2965 Ilumines
2959 2921 3053 2963 eos
3096 2908 3304 2963 lumine
3347 2903 3812 2978 iuteligentieetde

2355 2998 2435 3054 eis
2463 2986 2791 3053 desiderium
2827 2997 3190 3068 cognoscendi
3216 2999 3475 3053 virtutem
3504 2996 3629 3052 verbi
3657 2995 3712 3049 tui
3731 2993 3812 3062 quod

2359 3092 2644 3157 docentur,
2676 3091 2802 3161 quia
2846 3098 3084 3162 potestas
3122 3104 3242 3158 quae
3278 3089 3336 3144 in
3371 3100 3422 3143 te
3456 3097 3551 3152 est,
3576 3093 3750 3157 potestas
3767 3090 3815 3134 est

2360 3182 2426 3237 ad
2482 3181 2932 3242 miscricordiam.
2975 3181 3220 3248 Domine,
3269 3180 3415 3236 Deus
3462 3187 3621 3235 noster
3652 3173 3814 3242 omnipo-

2360 3282 2500 3330 tens.

2424 3367 2695 3422 Diaconus
2722 3367 2848 3422 dicit
2876 3379 2895 3419 :
2927 3367 3109 3423 Orate.

2426 3457 2690 3513 Sacerdos
2725 3474 2842 3511 vero
2872 3458 2996 3511 dicit
3024 3470 3043 3509 :
3077 3455 3327 3523 Domine,
3369 3455 3491 3512 Iesu
3523 3452 3711 3515 Christe,
3730 3447 3811 3502 Deus

2353 3559 2409 3604 et
2454 3548 2784 3619 Redemptor
2825 3559 3032 3615 noster,
3076 3549 3169 3619 qui
3215 3548 3405 3604 omnia
3445 3546 3619 3609 fecisti,
3651 3550 3809 3611 rogamus

2353 3641 2651 3696 bonitatem
2697 3649 2865 3706 tuam,
2899 3653 2956 3698 et
2995 3656 3342 3711 quaesumus,
3390 3657 3424 3696 ο
3468 3648 3648 3695 amator
3676 3628 3808 3690 humani

2353 3730 2609 3802 generis,
2663 3738 2724 3785 ut
2772 3730 3006 3786 latenter
3050 3739 3106 3785 et
3152 3730 3493 3789 invisibiliter
3529 3745 3614 3801 per
3644 3724 3809 3797 Spiritum

2353 3831 2600 3876 sanctum
2640 3821 2858 3876 abolens
2894 3836 3085 3878 oumes
3112 3821 3390 3879 daemones
3423 3822 3579 3879 malos
3600 3821 3672 3890 qui
3696 3816 3811 3871 θάνεν

2352 3920 2544 3966 santur
2591 3912 2769 3979 nobis,
2808 3928 3059 3969 coerceas
3101 3923 3157 3970 et
3214 3915 3448 3986 castiges
3488 3929 3589 3979 eos,
3624 3910 3716 3980 quia
3746 3906 3811 3973 iiii

2351 4002 2557 4059 vacasti
2600 4004 2853 4073 populum
2884 4013 3037 4061 tuum
3067 4017 3123 4062 et
3160 4007 3262 4062 hos
3299 4006 3523 4062 famulos
3547 4014 3648 4059 tuos
3675 4000 3739 4070 qui
3756 4010 3813 4047 tc-

2351 4106 2554 4151 nerunt
2594 4112 2625 4150 a
2661 4098 2899 4153 tenebris
2939 4099 3007 4152 ad
3055 4098 3249 4167 lucem,
3282 4117 3314 4153 a
3356 4108 3525 4155 morte
3548 4097 3607 4152 ad
3628 4094 3813 4150 vitamﬁ

2353 4186 2423 4241 ab
2441 4200 2626 4242 errore
2640 4188 2708 4242 ad
2736 4188 3144 4259 intelligentiam
3165 4188 3412 4259 justitiae.
3425 4189 3545 4244 Post
3560 4181 3812 4256 cognitiora!l

2352 4294 2483 4335 vero
2526 4280 2629 4348 tui,
2670 4280 2813 4336 Deus
2874 4289 3059 4336 noster
3098 4282 3428 4353 justissime,
3473 4288 3683 4338 scrutare
3713 4272 3810 4328 etiam

2353 4369 2612 4426 interiora
2648 4371 2829 4426 cordis
2870 4386 3080 4436 eorum,
3107 4386 3140 4425 ο
3184 4372 3435 4439 Domine,
3475 4359 3809 4443 quemadmodum

2355 4462 2529 4535 dicis,
2576 4463 2964 4518 scrutabantur
3007 4460 3303 4520 Jerusalem
3351 4465 3558 4520 lucerna
3600 4453 3809 4529 sapienﬁt.

2354 4566 2456 4609 nec
2482 4552 2736 4623 permitte
2765 4551 3015 4623 spiritum
3048 4553 3343 4625 malignum
3371 4554 3531 4609 latere
3556 4552 3602 4606 in
3625 4549 3702 4605 eis.
3723 4545 3809 4598 Dona

2353 4642 2435 4698 eis
2481 4642 2798 4697 munditiam
2840 4651 2896 4697 et
2937 4642 3191 4709 salutem,
3219 4648 3285 4699 da
3327 4646 3405 4701 eis
3441 4646 3592 4699 vitam
3623 4646 3807 4694 aeternam.

2355 4746 2555 4803 genera
2581 4747 2676 4788 eos
2702 4747 2802 4803 per
2827 4733 3155 4790 ablutionem
3184 4732 3592 4806 regenerationis
3620 4730 3665 4782 in
3693 4718 3807 4777 remis-

2350 4823 2561 4879 sionem
2604 4835 2973 4895 peccatorum,
3004 4835 3061 4882 et
3088 4824 3173 4881 iac
3201 4841 3297 4881 eos
3335 4825 3681 4881 habitationem
3703 4807 3807 4870 sancti

2355 4912 2586 4982 Spiritus
2617 4929 2716 4985 per
2749 4915 2945 4970 Filium
2990 4926 3136 4970 tuum
3182 4918 3509 4987 unigenitum
3543 4913 3691 4969 Jesum
3717 4898 3811 4958 Chti'

2353 5012 2518 5069 stum,
2556 5004 2845 5061 Dominum
2886 5006 3075 5072 Deum,
3103 5015 3158 5061 et
3198 5006 3593 5076 Redemptorem
3629 5004 3808 5067 nostra”.

2352 5094 2482 5167 quia
2523 5094 2640 5162 tibi,
2669 5111 2795 5151 cum
2837 5110 2903 5150 eo
2942 5106 2997 5152 et
3027 5097 3227 5168 Spiritu
3256 5107 3444 5159 sancto
3469 5090 3683 5151 convenit
3700 5078 3809 5155 81°“.1

2353 5196 2409 5243 et
2432 5197 2691 5258 potestas,
2716 5189 2769 5245 in
2799 5190 2993 5246 saecula
3024 5190 3360 5251 seculorum.
3389 5191 3565 5244 Amen.

2425 5278 2625 5333 Deinde
2647 5280 2893 5334 sacerdos
2922 5280 3081 5350 ﬂectit
3101 5279 3255 5350 pedes
3280 5294 3458 5334 eorum
3485 5276 3566 5347 qui
3596 5260 3806 5341 baptismi

2346 5380 2494 5435 sunt,
2524 5377 2573 5423 et
2607 5369 2732 5423 dicit
2762 5368 2898 5423 Itauc
2926 5369 3212 5425 orationem
3241 5383 3261 5421 .'
3372 5426 3377 5433 ,
3730 5388 3737 5393 -

2420 5459 2466 5517 Ο
2506 5468 2720 5516 amator
2765 5460 2988 5515 humani
3033 5462 3279 5532 generis,
3329 5460 3638 5517 misericors,
3666 5446 3806 5518 genii“

2348 5553 2568 5608 luminis
2597 5561 2652 5608 et
2679 5552 2826 5615 vitae.
2858 5554 3133 5626 scaturigo
3173 5555 3348 5615 omnis
3376 5551 3636 5613 munditis,
3661 5554 3702 5598 tu
3729 5549 3801 5633 οιιξ·

2340 5647 2437 5702 nia
2469 5661 2589 5716 quae
2618 5644 2765 5700 facta
2809 5646 3026 5702 sunt‘ah
3046 5648 3257 5717 origine
3300 5646 3483 5708 fecisti,
3503 5651 3553 5698 ει
3578 5632 3728 5694 dedisti
3757 5641 3801 5678 st-

2347 5750 2511 5807 gnum
2551 5734 2778 5806 singulis
2806 5736 3060 5806 operibus
3088 5737 3216 5807 tnis,
3246 5739 3368 5808 quia
3407 5742 3568 5807 autem
3598 5731 3704 5784 idem
3729 5720 3799 5788 595°
