3924 6318
94 350 200 407 9'55

1034 335 1220 397 0RDO
1263 330 1584 392 BAPTISMI
1631 327 2002 385 SECUNDUM
2030 327 2417 387 ATHlOPES.

3231 330 3337 387 934

93 472 310 523 mutare
334 468 490 534 potes
518 459 731 525 omnia,
774 414 1139 513 metallorum
1179 454 1410 517 animas,
1434 458 1489 508 et
1525 450 1663 504 dona
1692 453 1740 511 Α
1768 446 1888 534 bus,
1921 455 1974 501 et
2030 447 2279 502 onmibus
2333 446 2615 517 operibus.
2640 443 2743 499 tuis
2796 459 2917 534 qnse
2966 444 3095 500 dant
3147 444 3335 500 vitam.

91 558 174 614 eis
214 555 505 613 secundum
538 551 963 622 generationem,
994 548 1294 613 caelestem,
1322 554 1379 601 ut
1417 559 1523 601 non
1553 543 1663 599 sint

92 663 244 713 caro,
276 646 371 702 sed
394 660 525 701 vere
553 643 648 699 ﬁlii
689 641 925 713 Spiritus
957 639 1154 704 sancti,
1187 653 1283 711 per
1323 635 1540 692 unicum
1576 634 1666 690 Fi-

92 740 224 794 lium
256 746 428 801 tuum,
453 734 580 805 quia
624 742 749 811 eum
785 746 851 786 eo
883 738 939 786 et
966 728 1173 800 Spiritu
1203 736 1414 792 sancto,
1448 726 1542 781 tibi
1583 732 1667 780 est

89 828 264 901 gloria
294 836 350 881 et
372 831 612 896 petestas
637 824 693 878 in
722 822 916 879 sarcula
943 820 1281 877 saeculorum.
1312 819 1505 873 Amen.

163 916 367 971 Iterum
388 917 547 985 ﬂectit
575 913 817 968 sacerdos
842 912 997 981 pedes
1046 927 1228 966 eorum
1250 910 1340 981 qui
1365 908 1667 978 baptizandi

83 1018 237 1076 sunt,
260 1019 307 1064 et
337 1009 463 1062 dicit
492 1008 626 1062 hanc
654 1006 944 1061 orationem
966 1014 987 1057 :

122 1088 125 1093 ’
164 1102 424 1167 Domine,
471 1116 504 1157 o
541 1098 802 1163 Domine,
841 1096 1003 1153 Pater
1043 1096 1254 1161 bonus,
1296 1094 1438 1150 Deus
1481 1100 1667 1149 noster

90 1195 457 1264 omnipotens,
485 1191 647 1246 Pater
680 1188 892 1245 Domini
921 1188 1038 1253 Dei,
1067 1196 1124 1243 et
1152 1185 1528 1256 Redemptoris
1565 1200 1666 1241 no-

90 1289 194 1344 stri
239 1287 363 1343 .lesu
395 1286 616 1352 Christi,
646 1279 745 1356 qui
783 1285 875 1340 dat
914 1284 1081 1340 vitam
1121 1283 1404 1339 animabus
1447 1283 1664 1345 nostris,

90 1373 292 1448 dirige,
324 1391 652 1447 quaesumus,
683 1389 777 1431 eos
805 1376 898 1445 qui
932 1389 1053 1431 eam
1080 1384 1346 1445 quaerunt.
1384 1373 1429 1428 0
1458 1381 1669 1427 amator

91 1468 320 1525 humani
347 1468 577 1539 generis,
607 1467 787 1537 aspice
823 1467 892 1522 de
926 1466 1084 1531 coelo,
1115 1475 1172 1520 et
1204 1465 1512 1521 sanctuario
1552 1476 1665 1528 tuo,

87 1568 149 1614 et
175 1558 247 1612 de
269 1557 480 1612 excelsa
509 1557 637 1612 sede
664 1557 813 1628 regni
844 1556 938 1621 tui,
971 1571 1134 1626 super
1160 1557 1260 1611 hos
1288 1554 1518 1610 famulos
1547 1562 1669 1610 tuos

87 1648 187 1718 qui
210 1648 476 1703 dederunt
499 1646 717 1702 nomina
747 1661 843 1701 sua
874 1645 1129 1701 Ecclesiae
1162 1634 1281 1707 tuae,
1310 1652 1369 1699 ut
1405 1655 1669 1698 veneren-

90 1747 188 1791 tur
214 1752 409 1792 nomen
440 1744 589 1791 tuum
621 1736 946 1792 sanctumst
973 1736 1023 1792 ei
1053 1737 1367 1792 inserviant.
1400 1737 1545 1805 Rege
1570 1749 1666 1790 cor

1840 532 2028 589 Postea
2076 534 2318 589 sacerdos
2358 534 2482 588 dicit
2520 534 2808 604 symbolum
2850 533 3008 601 ﬁdei;
3043 536 3134 605 qui
3169 535 3339 606 bapti-

1767 624 1923 679 zandi
1949 635 2071 679 sunt
2092 642 2199 679 una
2221 641 2339 691 cum
2358 640 2423 697 eo
2448 623 2628 677 dicunt
2832 698 2839 701 _

1837 716 2119 773 Credimus
2142 716 2195 772 in
2220 733 2384 773 unum
2414 717 2605 781 Deum,
2637 715 2947 786 Dominum,
2976 718 3191 776 Patrem
3221 735 3339 777 om—

1670 860 1675 867 ,
1766 806 2121 876 nipotcntem,
2156 815 2210 860 et
2252 806 2470 860 unicum
2519 806 2711 861 Filium
2760 806 2907 879 ejus,
2955 808 3141 865 Jcsum
3182 810 3341 866 Citri-

1765 904 1933 960 stum,
1977 894 2257 949 Dominum
2292 906 2558 961 nostrum,
2586 897 2736 951 etin
2784 898 3046 968 Spiritum
3087 910 3337 956 sanctum

1766 984 2149 1051 viviﬁcantem,
2179 996 2233 1042 et
2278 989 2729 1043 resurrectionem
2770 992 2972 1057 carnis,
3006 1000 3061 1047 et
3097 993 3334 1056 unicam,

1767 1084 2033 1142 sanctam,
2060 1092 2179 1147 qua:
2209 1092 2373 1147 super
2400 1093 2590 1134 omnes
2615 1090 2718 1147 est,
2758 1081 3052 1149 Ecclesium
3083 1084 3339 1154 apostoli-

1767 1179 1885 1219 cam
1903 1181 1917 1233 ;
1947 1174 2003 1220 et
2028 1167 2298 1222 credimus
2327 1183 2492 1222 unum
2522 1154 2847 1239 baptismum
2880 1172 2933 1225 in
2964 1174 3337 1230 remissionem

1767 1266 2137 1327 peccatorum,
2173 1258 2225 1312 in
2258 1259 2452 1313 smcula
2485 1259 2824 1315 saeculorum.
2853 1261 3045 1317 Amen.

1839 1347 2098 1403 Sacerdos
2138 1350 2325 1403 deinde
2374 1349 2655 1421 interrogat
2697 1369 2782 1406 eos
2812 1367 2831 1405 :
2862 1352 3053 1408 Annon
3085 1355 3339 1410 creditis?

1768 1437 1882 1508 Ipsi
1924 1449 2100 1493 autem
2137 1450 2215 1495 ter
2241 1440 2467 1494 dicunt:
2500 1439 2802 1510 Credimus,
2847 1445 3135 1511 credimus,
3162 1434 3349 1501 credi--

1769 1548 1908 1587 mus.
1950 1531 2054 1598 Qui
2088 1533 2550 1602 quidem.a'tatent
2583 1536 2795 1602 habent,
2830 1546 2883 1590 at
2914 1554 3007 1607 pro
3054 1538 3342 1608 infantibus

1765 1624 1854 1693 qui
1885 1608 2117 1677 nesciunt
2144 1622 2286 1693 loqui
2339 1625 2644 1694 respondent
2674 1627 2764 1695 qui
2794 1627 2946 1681 vades
2972 1636 3112 1681 sunt.
3142 1625 3344 1683 Deinde

1768 1714 2012 1769 sacerdos
2045 1715 2170 1769 dicit
2206 1716 2341 1768 hanc
2370 1716 2655 1770 orationem
2687 1730 2706 1768 :

87 1842 308 1892 eorum,
338 1835 398 1881 ω
438 1826 571 1882 nam
616 1824 709 1882 tibi
733 1842 857 1883 vasa
885 1827 1057 1884 electa
1083 1834 1278 1898 {aptos
1303 1843 1396 1884 eos
1422 1801 1528 1893 fa").
1563 1830 1663 1885 Do,
1702 1801 1745 1859 Β
1813 1806 2155 1898 Δθυμιτίιιεζο
2188 1805 2434 1898 Domine,
2463 1805 2621 1898 Pater
2648 1808 2807 1898 bene,
2844 1809 2985 1864 Dens
3010 1817 3194 1864 noster
3220 1826 3342 1864 om-

87 1918 264 1984 mine,
290 1917 359 1972 ad
382 1932 544 1973 omne
570 1933 707 1988 opus
733 1916 961 1986 bonum,
980 1927 1035 1974 et
1059 1935 1185 1975 arce
1211 1919 1280 1974 ab
1307 1919 1386 1976 eis
1414 1919 1667 1974 imminu-

91 2008 298 2063 tionem
323 2017 380 2063 et
399 2008 756 2064 defectionem
783 2010 905 2066 ﬁdei
928 2012 1231 2081 pristinam,
1262 2022 1322 2067 ut
1347 2011 1670 2083 amplectan-

89 2107 185 2151 tur
218 2097 441 2152 verbum
488 2108 651 2153 tuum'
684 2107 968 2167 sanctum,
1011 2109 1067 2156 et
1108 2100 1377 2171 accipiant
1417 2103 1667 2158 virtutem

87 2185 220 2241 ﬁdei
267 2195 370 2242 tua:
402 2195 460 2243 et
496 2189 749 2244 mandata
785 2197 874 2244 tua
909 2189 1132 2246 faciant.
1173 2191 1353 2262 Spolia
1394 2207 1490 2248 eos
1519 2201 1669 2251 vetu-

88 2292 260 2350 state,
287 2299 384 2355 per
421 2300 571 2355 spem
608 2287 732 2342 vitae
776 2302 896 2358 qua:
939 2295 1139 2344 interna
1180 2296 1284 2344 est.
1320 2288 1446 2345 Dele
1488 2289 1542 2343 in
1588 2289 1669 2344 eis

87 2385 313 2429 omnem
340 2376 447 2430 vim
475 2376 702 2431 inimici.
729 2371 991 2434 Scrutare
1022 2392 1206 2435 eorum
1232 2380 1425 2445 corda,
1446 2388 1507 2433 ut
1533 2377 1668 2435 dicis

89 2479 192 2534 per
233 2463 526 2521 Jeremiam
576 2468 894 2538 prophetam
942 2462 1329 2525 scrutabantur
1367 2468 1668 2526 Jerusalem

89 2557 313 2612 lucerna
347 2557 653 2627 sapientiae;
683 2574 793 2615 nec.
808 2560 1060 2630 permitte
1086 2570 1144 2615 ut
1169 2560 1405 2630 Spiritus
1433 2562 1670 2616 immun-

90 2647 200 2703 dus
226 2658 281 2702 et
302 2647 476 2704 malus
498 2648 662 2704 lateat
686 2650 740 2705 iu
770 2651 867 2716 eis,
886 2665 986 2706 nec
1004 2651 1114 2706 sint
1132 2653 1373 2708 membra
1395 2652 1599 2718 carnis,
1614 2660 1668 2707 et

91 2752 252 2792 mens
281 2737 443 2804 mala,
465 2738 559 2794 sed
580 2739 721 2793 dona
741 2739 823 2795 eis
843 2740 1162 2795 munditiam
1185 2757 1284 2811 per
1305 2741 1445 2797 hanc
1469 2757 1667 2812 aquam

90 2840 364 2887 sanetam.
396 2831 471 2886 Da
497 2832 578 2886 eis
600 2830 823 2887 verbum
852 2832 974 2888 vitae
996 2840 1240 2899 teternze;
1267 2844 1322 2888 et
1347 2847 1546 2904 genera
1574 2849 1669 2890 eos

91 2937 193 2993 per
233 2921 562 2977 ablutionem
592 2923 1018 2991 regenerationis
1046 2924 1102 2979 in
1134 2925 1508 2981 remissionem
1542 2939 1669 2994 pec-

91 3023 360 3068 calorum.
390 3012 498 3069 Fac
521 3028 613 3070 eos
647 3016 1031 3071 habitationem
1071 3017 1244 3073 sancti
1285 3016 1541 3087 Spiritus,
1572 3032 1669 3087 per

92 3104 328 3174 gratiam
356 3105 499 3159 unici
524 3105 647 3160 Filii
676 3106 748 3161 tui
775 3105 900 3162 Jesu
930 3105 1155 3174 Christi,
1185 3124 1328 3164 nunc
1356 3116 1664 3179 etsempcr,

94 3204 151 3248 et
173 3194 229 3271 in
256 3194 457 3249 saecula
479 3195 817 3251 satculorum.
847 3196 1039 3252 Amen.

165 3285 363 3342 Postea
389 3288 603 3358 imponit
634 3289 874 3344 sacerdos
903 3307 1114 3345 manum
1143 3307 1295 3347 suam
1319 3307 1475 3361 super
1494 3291 1667 3362 capita

98 3387 275 3434 eorum
294 3382 383 3450 qui
402 3381 703 3450 baptisandi
727 3392 871 3448 sunt,
893 3393 943 3437 et
962 3383 1088 3438 dicit
1108 3385 1245 3438 hanc
1268 3386 1555 3439 orationem
1577 3399 1595 3437 .'

165 3472 225 3528 In
255 3473 476 3530 nomine
506 3473 627 3529 Filii
665 3475 807 3529 unici
839 3473 964 3530 Jesu
999 3476 1222 3542 Christi,
1253 3491 1407 3546 cape,
1446 3478 1668 3542 munda,

93 3574 146 3622 et
177 3580 425 3636 praepara
457 3567 553 3621 has
576 3566 807 3634 animas,
834 3574 896 3622 ut
925 3567 1057 3621 ﬁant
1091 3566 1275 3622 liberte
1311 3568 1380 3623 ab
1417 3569 1671 3624 omnibus

88 3656 380 3712 daemoniis
405 3667 459 3712 et
484 3659 552 3713 ab
572 3658 719 3713 omni
747 3670 936 3713 errore
959 3668 1014 3714 et
1040 3658 1216 3729 culpa.
1248 3659 1478 3731 Fugiant
1501 3659 1569 3715 ab
1591 3659 1672 3716 eis

89 3764 294 3806 omnes
341 3750 603 3818 tenebras,
646 3758 702 3805 et
747 3749 1007 3821 quidquid
1051 3752 1325 3806 imminuit
1380 3750 1572 3816 ﬁdem,
1617 3760 1674 3807 et

90 3839 283 3895 omnis
308 3839 562 3912 cogitatio
589 3840 751 3896 mala.
780 3842 838 3897 in
867 3841 1085 3897 nomine
1111 3842 1254 3898 unici
1278 3841 1398 3897 Filii
1429 3843 1510 3897 tui
1537 3841 1667 3898 Jesu

92 3930 330 3997 Christi,
355 3933 555 3989 munda
579 3940 635 3987 et
664 3920 847 3987 libera
871 3947 965 3988 eas
1007 3933 1075 3988 ab
1113 3932 1364 3991 omnibus
1390 3932 1673 3990 fraudibus

93 4023 343 4088 Satanae,
375 4023 430 4077 in
459 4024 867 4093 sempiternum.
904 4024 1098 4082 Amen.
1294 4030 1299 4033 ’

170 4112 370 4169 Postea
393 4112 673 4170 detrahunt
696 4130 857 4171 uestes
883 4134 1064 4171 eorum
1083 4118 1176 4190 qui
1198 4118 1499 4189 baptizandi
1528 4129 1671 4187 sunt,

88 4218 141 4262 et
177 4206 357 4260 omnia
387 4202 710 4275 ornamenta,
742 4216 790 4261 et
819 4209 1024 4279 erigunt
1067 4225 1254 4263 manus
1288 4226 1468 4264 eorum
1496 4211 1676 4266 dexte-

88 4314 211 4362 ras,
234 4305 285 4350 et
303 4296 531 4367 aspicere
550 4295 748 4367 faciunt
777 4314 955 4352 uersus
969 4299 1282 4354 occidentem
1323 4301 1422 4372 (l),
1443 4310 1494 4355 et
1519 4305 1677 4357 abne-

85 4397 188 4458 gat
226 4385 503 4454 Satanam,
535 4388 624 4460 qui
666 4389 819 4443 habet
867 4399 1111 4456 (etatem;
1156 4391 1386 4460 ipsemet,
1417 4392 1463 4446 si
1500 4403 1672 4449 autem

86 4480 285 4577 infans
308 4480 397 4577 sit,
426 4481 516 4552 qui
548 4482 854 4552 respondent
876 4482 1163 4556 loquuntur
1181 4500 1278 4555 pro
1302 4501 1385 4551 eo,
1412 4495 1461 4541 et
1491 4487 1671 4544 dicunt
1699 4516 1753 4577 υ

85 4569 196 4623 hoc
219 4570 376 4623 modo
400 4582 420 4622 :

167 4657 505 4716 Abrennntio
533 4660 648 4727 tibi,
678 4661 900 4731 Satans,
929 4673 984 4720 et
1009 4666 1262 4724 omnibus
1279 4666 1535 4740 operibus
1565 4671 1674 4728 tuis

82 4751 425 4821 immundis,
476 4755 726 4811 omnibus
777 4756 1073 4825 ministris,
1112 4768 1166 4814 et
1214 4761 1672 4820 incantationibus

85 4843 206 4899 tuis
234 4843 408 4904 malis,
440 4854 494 4900 et
521 4847 667 4900 omni
696 4848 879 4903 virtuti
911 4859 1035 4917 tute,
1060 4853 1311 4907 omnibus
1335 4855 1672 4925 principibus

87 4938 231 5001 tuis.
246 4939 497 4996 omnibus
518 4938 820 5009 fraudibus,
843 4952 898 4999 et
917 4946 1168 5002 omnibus
1190 4946 1592 5006 adulationibus
1619 4962 1674 5006 et

84 5029 517 5109 illecebris'tuis
544 5032 702 5088 malis
737 5041 793 5089 et
828 5037 1151 5105 tenebrosis,
1173 5048 1228 5094 et
1266 5041 1412 5095 omni
1445 5039 1671 5110 jurisdi-

84 5122 266 5178 ctioni
295 5131 351 5178 et
380 5123 678 5181 inﬁdelitati
711 5135 831 5182 tuae.
884 5138 889 5171 Α
1562 5170 1567 5175 .
1644 5172 1647 5177 .

168 5210 365 5266 Postea
410 5224 611 5269 vertunt
652 5232 832 5271 eorum
878 5219 1040 5289 facies
1071 5238 1246 5276 uersus
1271 5221 1536 5279 Orientem
1568 5226 1664 5299 (‘2),

85 5312 143 5356 et
176 5303 387 5372 erigunt
434 5310 621 5359 manus
661 5324 841 5362 eorum
885 5310 1125 5365 dexteras
1156 5312 1282 5377 alte,
1309 5326 1357 5368 et
1380 5316 1600 5369 dicunt:

168 5394 350 5448 Credo
393 5395 445 5450 in
475 5405 547 5459 te,
581 5396 816 5463 Christe,
850 5400 991 5456 Deus
1022 5418 1197 5469 meus,
1237 5406 1396 5460 credo
1434 5406 1535 5477 legi
1574 5418 1676 5463 tuae

90 5483 416 5552 salutiferae,
485 5496 542 5544 et
622 5491 875 5550 omnibus
946 5495 1152 5566 angelis
1193 5496 1299 5554 tuis
1353 5498 1676 5556 viviﬁcanti-

171 5616 444 5704 (.linQuod.
470 5621 615 5704 enim
636 5621 845 5704 isthinc
872 5614 1116 5704 oriantur
1145 5629 1402 5704 tenebras,
1424 5645 1676 5704 aspectus

93 5687 205 5743 inci
237 5687 414 5772 ἰιιίᾳεἰ
432 5691 485 5745 in
514 5691 769 5772 Mysterio
797 5697 1066 5768 signiﬁcat
1093 5687 1401 5772 principem.
1424 5687 1674 5761 tenebra:

99 5774 224 5813 rum
256 5762 341 5815 cui
367 5762 798 5820 abrenuntiatur.
848 5762 897 5799 ⁷-
1008 5804 1014 5810 -

1774 1893 2052 1963 nipoteus;
2086 1894 2246 1949 Pater
2286 1895 2495 1949 Domini
2529 1895 2645 1960 Dei,
2673 1905 2728 1951 et
2754 1890 3130 1968 Redemptoris
3173 1903 3343 1956 nostri

1771 1984 1896 2041 Jesu
1927 1985 2151 2055 Christi,
2181 1986 2406 2041 Domine
2444 1988 2566 2042 coeli
2597 1997 2857 2054 etterrue,
2902 1990 3075 2045 factor
3102 1994 3342 2044 Oillltililtl

1773 2075 2219 2146 saeculorum,qui
2243 2078 2451 2132 donasti
2481 2078 2886 2150 intelligentiam
2915 2079 2979 2134 iis
3001 2082 3091 2149 qui
3119 2081 3171 2133 in
3201 2090 3344 2134 terra

1772 2175 1930 2233 sunt,
1972 2182 2070 2239 per
2114 2169 2333 2223 unicum
2379 2170 2574 2225 Filium
2618 2178 2765 2225 tuum
2811 2170 2992 2226 Jesum
3038 2170 3343 2235 Christum.

1775 2256 2061 2329 Dominum
2087 2265 2141 2312 et
2169 2257 2585 2330 Redemptorcm
2615 2269 2877 2326 nostrum,
2910 2262 2997 2331 qui
3028 2261 3348 2331 prteparasti

1773 2361 1869 2402 eos
1898 2346 1966 2401 ad
1996 2362 2219 2417 regnum
2250 2347 2509 2403 caelorum
2543 2364 2638 2419 per
2668 2350 2807 2404 hanc
2832 2354 3190 2417 vocationem,
3221 2366 3346 2408 eos-

1774 2437 1895 2493 dem
1964 2437 2224 2492 conﬁrma
2291 2423 2491 2494 virtute
2545 2448 2675 2505 tua,
2728 2450 2782 2495 et
2842 2442 3099 2496 conﬁrma
3155 2459 3344 2501 eormn

1774 2536 2029 2594 mentem,
2060 2529 2187 2598 quia
2227 2529 2366 2584 servi
2401 2520 2475 2583 tui
2514 2539 2659 2585 sunt.
2710 2530 2924 2585 llabitet
2953 2533 3121 2589 virtus
3158 2534 3247 2589 tua
3293 2536 3345 2590 in

1773 2618 1872 2684 eis,
1904 2634 1972 2673 ne
2001 2628 2345 2674 revertantur
2374 2621 2439 2674 ad
2470 2620 2753 2688 pristinum
2800 2624 2944 2690 quod
2987 2624 3346 2695 abnegarunt,

1774 2709 1902 2778 quin
1927 2724 2112 2764 eorum
2142 2710 2300 2767 ﬁdem
2330 2710 2609 2774 conﬁrma,
2644 2722 2702 2767 ut
2733 2714 2863 2768 nihil
2893 2716 3065 2786 possit
3093 2732 3348 2788 separare

1773 2816 1866 2855 eos
1895 2809 2028 2855 ate.
2060 2801 2330 2856 Conﬁrma
2377 2816 2472 2858 eos
2523 2802 2575 2857 in
2610 2803 2887 2860 voluntate
2934 2807 3057 2862 ﬁdei
3105 2823 3223 2877 qua}
3267 2817 3348 2863 est

1773 2890 2163 2961 apostolorum,
2195 2888 2327 2947 ﬁdes
2370 2904 2513 2947 recta
2545 2904 2599 2948 et
2641 2905 2848 2952 sancta.
2880 2895 2989 2952 Fac
3029 2913 3121 2952 eos
3159 2899 3349 2970 dignos

1774 2981 2144 3051 magnitudine
2172 2982 2362 3052 gratia:
2391 2992 2514 3047 tuae,
2549 2984 2687 3053 pelle
2719 2987 2787 3040 ab
2812 2987 2891 3041 eis
2916 2997 3261 3056 vetustatem,
3288 2979 3350 3046 ἐει

1776 3070 1970 3127 innova
2002 3072 2165 3127 vitam
2190 3089 2397 3138 eorum,
2431 3084 2487 3128 et
2516 3074 2736 3154 infunde
2775 3093 2937 3148 super
2966 3094 3059 3134 eos
3094 3081 3343 3135 virtutem

1694 3167 1740 3225 ι,
1773 3162 2010 3233 Spiritus
2061 3164 2258 3231 sancti,
2298 3172 2358 3219 ut
2391 3164 2523 3220 ﬁant
2574 3167 2721 3238 digni
2776 3178 2831 3224 et
2880 3171 3174 3242 participes
3220 3189 3343 3228 cum

1770 3253 1909 3310 Filio
1946 3264 2036 3311 tuo
2082 3257 2259 3322 unico,
2312 3267 2365 3312 et
2422 3274 2527 3313 non
2574 3260 2684 3314 sint
2738 3260 2833 3316 ﬁlii
2880 3264 3061 3319 carnis
3108 3265 3201 3321 sed
3252 3266 3347 3322 ﬁlii

1764 3346 2012 3417 iustitiae,
2051 3358 2107 3404 et
2153 3348 2265 3404 sint
2311 3350 2452 3405 servi
2503 3349 2581 3407 tui
2624 3353 2918 3425 sapientes,
2949 3365 3000 3409 et
3041 3358 3345 3426 credentes,

1768 3454 1868 3510 per
1891 3438 2075 3496 Jesum
2103 3439 2398 3508 Christum,
2429 3458 2551 3497 cum
2587 3459 2716 3514 quo,
2746 3446 2861 3512 tibi,
2900 3456 2955 3501 et
2998 3457 3185 3505 sancto
3227 3448 3349 3521 Spi-

1773 3529 1907 3584 ritni-
1931 3539 2014 3584 est
2042 3530 2232 3599 gloria,
2261 3533 2315 3585 in
2350 3533 2544 3588 saecula
2578 3534 2918 3591 saeculorum.
2951 3541 3143 3596 Amen.

1842 3617 2033 3674 Postea
2065 3621 2316 3675 diaconus
2343 3622 2469 3676 dicit
2498 3636 2518 3675 :
2548 3622 3042 3699 llumiliatecapita
3073 3639 3275 3689 vestra.

1845 3713 2044 3770 Deinde
2080 3726 2126 3770 et
2165 3717 2407 3772 sacerdos
2451 3720 2612 3789 ﬂectit
2647 3720 2802 3790 pedes
2846 3739 3027 3778 eorum
3058 3726 3149 3796 qui
3182 3727 3352 3799 bapti-

1775 3805 1932 3858 zandi
1956 3815 2099 3870 sunt,
2122 3817 2170 3860 et
2198 3817 2312 3860 orat
2334 3823 2490 3879 super
2509 3826 2619 3877 eos,
2643 3811 2818 3866 dicens
2842 3830 2861 3867 :

1844 3894 2091 3961 Domine,
2130 3895 2459 3970 Redemptor
2497 3908 2702 3969 noster,
2748 3912 2960 3959 amator
2996 3905 3216 3963 humani
3261 3925 3354 3980 ge-

1775 3986 1944 4052 neris,
1976 3984 2150 4042 factor
2172 3987 2291 4042 cmli
2318 4000 2373 4042 et
2402 4000 2589 4057 terrae;
2623 3993 2745 4063 quia
2780 4003 2832 4048 tu
2860 3995 3006 4051 solus
3029 4012 3089 4052 es
3114 3998 3204 4067 qui
3230 4016 3353 4069 per-

1776 4074 1893 4132 ﬁcis
1916 4077 2018 4133 hoc
2043 4079 2383 4149 mysterium,
2407 4082 2533 4151 quia
2565 4091 2615 4137 te
2642 4085 2833 4139 adorat
2855 4101 3016 4142 onme
3043 4104 3181 4159 genu
3206 4092 3348 4160 quod

1776 4165 1829 4220 in
1858 4166 1998 4222 ccelo
2031 4175 2116 4222 est
2153 4178 2208 4222 et
2252 4167 2304 4222 in
2338 4177 2499 4237 terra,
2543 4180 2599 4227 et
2636 4176 2813 4230 omnis
2846 4175 3026 4249 lingua
3064 4187 3115 4234 te
3144 4178 3352 4248 laudat,

1769 4256 1926 4328 juxta
1974 4259 2102 4315 illud
2149 4260 2333 4327 Pauli,
2381 4262 2705 4335 Redemptor
2758 4277 2813 4324 et
2861 4270 3118 4329 Dominus
3166 4284 3352 4331 noster

1775 4346 1931 4403 Jesus
1967 4348 2215 4404 Christus
2252 4352 2433 4407 omnia
2472 4365 2726 4424 operatus
2769 4367 2855 4413 est
2898 4359 2951 4414 in
2999 4361 3223 4432 gloriam
3258 4365 3350 4420 Dei

1776 4434 1976 4503 Patris,
2006 4438 2103 4494 hos
2130 4455 2317 4495 servos
2356 4451 2477 4499 tuos
2521 4445 2868 4516 amplectere,
2905 4453 2995 4521 qui
3026 4452 3355 4513 festinarunt

1776 4535 1831 4582 et
1863 4540 2128 4584 venerunt
2158 4541 2215 4585 ut
2244 4531 2533 4590 adorarent
2562 4545 2614 4592 te
2641 4554 2782 4610 genu
2809 4540 2957 4597 ﬂexi.

1851 4616 2115 4673 Diaconus
2145 4621 2269 4674 dicit
2303 4635 2320 4673 :
2354 4621 2535 4679 Orate.

1847 4707 2103 4767 Sacerdos
2145 4725 2319 4768 autem
2350 4716 2473 4770 dicit
2504 4734 2523 4772 :
2553 4716 2841 4790 Propterea
2874 4740 3161 4796 precamur
3187 4741 3239 4787 et
3269 4748 3356 4789 ro—

1776 4818 1963 4874 gamus
1995 4813 2066 4869 te,
2097 4819 2131 4860 ο
2168 4817 2380 4862 amator
2418 4808 2637 4866 humani
2683 4815 2919 4883 generis,
2953 4833 3166 4876 omnem
3215 4824 3354 4880 invi-

1778 4896 1944 4962 diam,
1970 4907 2024 4951 et
2051 4912 2266 4954 omnem
2298 4902 2649 4958 tentationem
2675 4905 2865 4977 eionga
2901 4909 2969 4965 ab
3006 4912 3108 4979 eis,
3137 4931 3354 4971 onmem

1774 4984 2167 5055 inﬁrmitatem,
2184 4998 2238 5043 et
2257 5007 2472 5046 omnem
2497 4990 2837 5051 alliictionem
2866 4998 2934 5053 ab
2960 5001 3161 5057 eisdem
3187 5013 3355 5061 trans-

1771 5077 1875 5145 fer,
1923 5090 2165 5136 scrutare
2212 5082 2423 5138 interna
2468 5100 2691 5154 eorum,
2740 5098 2795 5143 et
2857 5090 3097 5148 illumina
3164 5111 3351 5152 eorum

1774 5169 1937 5223 corda
1980 5179 2036 5224 et
2084 5181 2292 5227 mentes
2328 5172 2532 5229 lumine
2574 5176 2963 5250 intelligentiae.
3002 5182 3172 5238 Omne
3220 5200 3353 5253 opus

1775 5258 2024 5327 Satanae,
2070 5270 2125 5315 et
2169 5278 2383 5317 omnem
2430 5264 2861 5324 immutationem
2901 5280 2957 5328 et
2994 5258 3351 5330 defectionem

1781 5348 1924 5412 ﬁdei,
1950 5359 2003 5403 et
2032 5365 2248 5405 omnem
2278 5352 2644 5410 adorationem
2676 5357 2965 5426 idolorum,
2995 5360 3063 5415 ab
3090 5363 3168 5416 eis
3204 5379 3350 5420 arce.

1779 5438 2050 5520 Conﬁrma
2082 5452 2137 5495 et
2168 5442 2340 5514 dirige
2374 5458 2559 5500 eorum
2595 5448 2781 5513 corda,
2807 5466 2904 5521 per
2930 5455 3351 5525 assumptionem

1777 5528 2011 5601 Spiritus
2032 5532 2104 5587 tui
2132 5535 2328 5602 sancti,
2353 5544 2410 5592 et
2437 5552 2534 5608 per
2559 5538 2892 5597 voluntatem
2939 5543 3060 5600 Filii
3101 5547 3201 5615 tui,
3233 5564 3353 5619 qua:

1770 5665 2376 5756 ...λφψτςςοβίφυι
2418 5687 2476 5729 se
2522 5686 2816 5736 conversos
2872 5678 2941 5735 ad
2987 5695 3111 5737 eum
3159 5683 3247 5756 qui
3296 5700 3355 5741 se

1778 5735 1951 5793 lueem
1979 5754 2100 5795 esse
2129 5735 2373 5796 tesiatur.
2767 5735 2770 5736 ν
2864 5784 2869 5789 ς
