3902 5334
601 302 707 359 955

1406 300 1697 358 APPEND.
1733 301 1827 358 an
1866 274 2040 360 SEO.
2079 300 2146 356 x.
2186 329 2257 342 —
2293 300 2724 359 MONUMENTA
2759 301 3039 362 Ltrunc.
3708 310 3793 368 sas

597 419 826 499 estsine
854 416 1087 483 defectu,
1112 429 1275 482 nunc,
1300 420 1357 470 et
1376 428 1609 489 semper,
1631 416 1763 490 etjin
1782 416 1980 473 smeula
2004 431 2178 473 saeeu-
2205 420 2258 480 Α
2284 416 2527 473 inseredes
2562 417 2713 487 regni
2757 418 2854 473 tui.
2897 417 3091 473 Amen.
3117 416 3187 474 Et
3208 426 3444 490 pugnent
3465 419 3521 476 in
3541 424 3791 483 custodiam

599 511 797 567 lorum.
823 511 1016 566 Amen.

2281 505 2661 561 mandatorum
2689 505 2913 573 Christi,
2936 514 3003 569 et
3028 521 3097 562 ea
3132 508 3437 565 custodiant
3475 508 3622 580 signo
3643 510 3793 571 immo-

669 599 861 655 Postea
898 597 1140 653 sacerdos
1187 596 1376 666 accipit
1411 595 1606 661 oleum,
1636 603 1684 649 et
1710 594 1856 665 ungit
1878 609 2059 649 eorum
2088 594 2179 665 qui
2278 595 2393 651 bili.
2430 597 2622 651 Amen.
2648 595 2717 650 Et
2761 595 3135 652 indumentum
3165 597 3586 668 immaculatum,
3611 610 3660 657 et
3682 601 3795 660 inve-

596 692 898 764 baptizandi
939 699 1059 745 sunt
1101 686 1363 760 scapulas,
1424 702 1648 757 granum
1686 686 1940 757 pectoris,
1988 696 2080 740 seu
2118 699 2176 740 os
2277 686 2432 743 niant
2459 687 2822 743 constantiam
2856 694 2913 742 et
2942 689 3437 758 perseverationem
3462 704 3579 762 qua;
3618 695 3794 749 estets-

593 782 872 849 stomaclti,
897 790 946 836 et
986 794 1236 835 manuum
1280 778 1556 832 interiores
1589 785 1638 830 et
1671 776 1951 849 exteriores
1977 785 2172 845 partes,

2276 786 2510 842 ctorum,
2554 792 2651 847 per
2693 776 2878 834 Jesum
2924 776 3199 834 Christum
3249 777 3534 835 Dominum
3577 789 3793 850 nostrum,

591 890 787 946 genua,
815 882 864 927 et
894 887 1072 927 omnes
1102 869 1374 950 iuncturas
1401 866 1632 937 corporis
1658 881 1856 930 eorum,
1884 866 1940 919 in
1967 867 2173 936 signum
2275 870 2384 934 cui,
2417 879 2615 935 tecum,
2660 883 2767 924 una
2802 883 2927 925 cum
2958 878 3147 925 sancto
3172 867 3377 940 Spiritu
3403 869 3645 926 convenit
3665 871 3795 944 gloria

591 963 799 1030 Crucis,
836 970 885 1016 et
913 960 1040 1015 dicit
1063 973 1083 1012 :

665 1052 824 1124 Ungo
847 1062 923 1118 te,
945 1050 1035 1117 N.,
1068 1050 1188 1107 oleo
1209 1048 1435 1116 laetitiae,
1464 1047 1605 1118 quod
1632 1045 1932 1118 perrumpit
1955 1057 2171 1102 omnem

591 1148 698 1204 vim
729 1150 954 1214 inin‘tici,
979 1147 1121 1219 quod
1143 1146 1443 1219 plantatum
1468 1152 1557 1200 est
1586 1144 1638 1198 in
1667 1143 1843 1199 medio
1869 1142 1996 1213 ligni
2017 1142 2172 1197 olivae

593 1239 766 1296 dulcis
813 1252 933 1311 qure
983 1247 1067 1294 est
1116 1236 1358 1293 Ecclesia
1405 1243 1599 1291 sancta
1655 1231 2021 1305 apostolorum
2066 1232 2173 1287 Do-

591 1346 747 1385 munt.

658 1420 927 1474 Diaconus
948 1428 998 1474 et
1020 1419 1110 1490 qui
1134 1425 1403 1489 unguntur
1429 1416 1610 1471 dicunt
1630 1428 1651 1467 :
1673 1415 1865 1469 Amen.

659 1508 918 1565 Sacerdos
957 1519 1166 1575 autem,
1207 1517 1481 1580 postquam
1533 1506 1680 1560 unxit
1721 1520 1809 1558 eos
1846 1501 1992 1570 oleo,
2040 1500 2168 1555 dicit

588 1602 726 1657 hanc
750 1601 1037 1656 oralionem
1058 1615 1079 1656 :

655 1693 899 1758 Domine,
929 1707 963 1747 ο
991 1691 1237 1757 Domine,
1263 1689 1424 1746 Pater
1450 1690 1613 1756 bone,
1641 1688 1784 1744 Deus
1823 1692 2011 1743 noster
2052 1699 2168 1741 om-

2273 970 2328 1016 et
2346 970 2584 1032 potestas
2609 962 2663 1017 in
2695 960 2890 1019 saecula
2919 961 3262 1020 saeculorum.
3310 963 3506 1022 Amen.

2309 1053 2501 1112 Postea
2533 1058 2659 1111 dicit
2695 1056 2939 1112 sacerdos
2975 1058 3046 1112 ad
3079 1058 3274 1129 fontem
3304 1058 3547 1129 baptismi
3577 1068 3771 1116 secreto:

2343 1147 2571 1203 Domine
2602 1157 2814 1215 sancte,
2841 1159 2898 1204 et
2921 1148 3037 1215 lux,
3066 1148 3330 1205 conﬁrma
3367 1148 3597 1207 famulos
3622 1160 3738 1217 tuos,
3758 1163 3798 1211 et

2272 1238 2361 1295 fac
2386 1256 2482 1295 eos
2511 1240 2704 1311 dignos
2738 1241 3067 1312 magnabac
3094 1239 3272 1312 gratia
3295 1280 3313 1306 ,
3343 1240 3589 1297 Ecclesia
3614 1241 3795 1307 scilicet,

2266 1340 2327 1386 et
2349 1332 2617 1400 baptismo
2642 1338 2851 1386 sancto.
2886 1328 3054 1386 Aufer
3080 1331 3149 1385 ab
3173 1330 3256 1385 eis
3278 1338 3623 1394 vetustatem.
3657 1340 3703 1386 et
3727 1346 3797 1402 gr-

2270 1438 2402 1478 nera
2426 1438 2517 1478 eos
2545 1423 2779 1477 secunda
2801 1422 3149 1491 generatione
3171 1422 3227 1476 in
3248 1422 3417 1476 vitam
3442 1422 3797 1492 sempiternam.

2269 1513 2495 1569 Iniundc
2519 1527 2682 1583 super
2702 1527 2796 1568 eos
2817 1512 3069 1568 virtutem
3093 1511 3326 1581 Spiritus
3348 1512 3545 1577 sancti,
3559 1520 3611 1566 et
3628 1513 3798 1581 sapien-

2270 1605 2402 1660 tiam
2428 1603 2631 1660 Christi
2660 1602 2759 1670 tui,
2791 1618 2861 1658 ne
2883 1603 2993 1658 sint
3019 1602 3112 1657 ﬁlii
3137 1602 3323 1657 carnis
3351 1641 3366 1666 ,
3416 1600 3514 1656 sed
3544 1600 3633 1655 ﬁlii
3658 1602 3798 1673 gloria:

2273 1703 2396 1761 tuae,
2422 1704 2481 1750 et
2502 1694 2746 1750 haeredes
2791 1694 2940 1764 regni
2991 1693 3066 1748 tui
3088 1680 3109 1760 ',
3153 1692 3299 1765 quod
3340 1707 3614 1763 nunquam
3643 1694 3799 1748 invete-

583 1783 854 1855 nipotens,
888 1780 1203 1838 invocamus
1231 1794 1427 1836 nomen
1456 1788 1605 1835 tuum
1636 1786 1884 1834 sanctum
1914 1785 1971 1832 et
1994 1775 2163 1832 bene—
2200 1779 2241 1838 Β
2271 1786 2456 1851 nscit,
2501 1786 2555 1840 in
2598 1785 2873 1841 voluntate
2901 1776 3197 1856 Unigeniti,
3227 1782 3313 1840 cui
3361 1792 3567 1849 tecum,
3595 1799 3689 1838 una
3709 1799 3798 1837 cum

586 1873 813 1938 dictum,
841 1881 899 1925 ut
929 1871 1188 1927 discutias
1213 1878 1271 1925 et
1299 1868 1537 1941 expelles
1576 1882 1791 1924 omnem
1830 1866 1940 1920 vim
1976 1863 2169 1918 adver-

585 1972 818 2029 samem,
847 1978 1097 2033 rogamus
1133 1976 1233 2032 per
1270 1975 1460 2016 omnes
1491 1967 1707 2015 sanctos
1752 1966 1889 2021 ιιιοε,
1924 1963 2169 2011 scrutare

586 2054 914 2111 famulorum
951 2063 1165 2109 tuorum
1197 2053 1385 2118 corda,
1418 2050 1511 2122 qui
1540 2058 1804 2106 venerunt
1828 2056 1889 2101 ut
1918 2060 2169 2101 consum-

590 2157 741 2205 ment
773 2159 829 2204 et
855 2148 1141 2220 perﬁciant
1164 2146 1395 2216 gratiam
1423 2153 1570 2200 tuam
1595 2151 1856 2207 sanctam,
1883 2147 1940 2195 et
1966 2139 2011 2195 si
2035 2152 2167 2209 quas

584 2242 789 2297 habent
824 2241 1083 2311 reliquias
1126 2240 1298 2296 malas
1335 2239 1617 2305 daemonis,
1648 2253 1770 2308 qua:
1815 2235 2041 2299 lateant,
2075 2244 2169 2287 ex-

582 2333 737 2388 trahe
765 2343 824 2388 ct
857 2332 1160 2389 extermina
1199 2330 1267 2386 ab
1308 2330 1595 2386 animabus
1637 2338 1692 2385 et
1728 2326 2047 2398 corporibus
2076 2337 2168 2380 eo-

581 2444 724 2494 rum,
754 2428 878 2497 qnia
921 2428 1061 2482 servi
1109 2427 1184 2481 tui
1216 2434 1343 2481 sunt
1372 2434 1427 2481 et
1461 2425 1690 2481 credunt
1727 2424 1782 2479 in
1826 2422 2041 2478 nomine
2074 2428 2166 2474 tuo

581 2528 789 2574 sancto.
820 2517 1021 2573 lnnova
1066 2533 1255 2573 eorum
1294 2517 1483 2577 vitam.
1508 2524 1563 2571 et
1603 2514 1689 2570 fac
1719 2532 1816 2571 eos
1841 2514 2033 2586 dignos
2073 2509 2165 2582 qui

581 2610 787 2680 absque
816 2607 1023 2663 macula
1052 2617 1107 2662 et
1137 2622 1259 2663 cum
1300 2606 1619 2663 sinceritate
1648 2608 1948 2678 suscipiant
1982 2608 2162 2662 lumen

580 2712 639 2760 et
664 2702 876 2775 signum
899 2701 1101 2758 ChriSti
1126 2702 1222 2769 tui,
1251 2709 1305 2757 et
1332 2702 1565 2774 gratiam
1594 2701 1832 2772 Spiritus
1861 2701 1937 2756 tui
1964 2701 2163 2769 sancti,

585 2793 783 2863 quibus
824 2808 1046 2864 compar
1084 2801 1167 2848 est
1205 2802 1382 2848 tecum
1424 2793 1599 2847 honor
1635 2801 1690 2846 et
1719 2791 1922 2848 lumen.
1963 2793 2163 2857 Anien,

583 2880 967 2938 lndumentum
1001 2883 1213 2940 salutis.
1251 2884 1444 2938 Amen.
1471 2881 1695 2938 Scotum
1737 2881 1858 2938 lidei
1900 2885 2042 2955 quod
2070 2900 2164 2938 ex-

583 2975 814 3046 pugnari
859 2966 965 3029 non
1014 2984 1191 3046 potest
1230 2975 1298 3029 ab
1344 2973 1586 3028 inimico.
1628 2972 2003 3029 Amcn.Fiant
2033 2990 2163 3031 oves

581 3068 760 3138 gregis
802 3068 899 3133 tui,
930 3079 985 3122 et
1028 3069 1148 3124 ﬁdei
1180 3067 1366 3139 gloriae
1405 3076 1510 3122 tua:
1541 3067 1798 3132 caelestis,
1825 3076 1880 3122 et
1921 3069 2160 3124 luercdcs

582 3157 736 3227 regni
781 3156 858 3211 tui
899 3158 1043 3226 quod
1089 3158 1142 3212 in
1185 3166 1449 3212 :eternum
1495 3173 1601 3211 non
1645 3158 1957 3223 veterascit,
1986 3174 2160 3228 neque
2189 3140 2233 3199 (ἶ

581 3246 965 3317 corrumpitur.
991 3246 1186 3309 Amen.
1213 3262 1310 3316 per
1347 3245 1530 3302 Jesum
1566 3246 1845 3302 Christum
1875 3247 2161 3304 Dominum

583 3345 850 3403 nostrum,
893 3352 1015 3391 cum
1044 3352 1151 3407 quo
1176 3336 1293 3401 tibi,
1322 3345 1378 3392 et
1407 3345 1595 3392 sancto
1623 3335 1848 3408 Spiritui
1877 3345 1960 3393 est
1990 3337 2165 3394 honor

579 3438 636 3484 et
661 3427 851 3500 gloria.
885 3428 940 3483 in
971 3428 1166 3484 smcula
1194 3427 1532 3484 smculorum.
1560 3427 1755 3484 Amen.

651 3521 919 3576 Diaconos
942 3521 1066 3576 dicit
1091 3534 1110 3573 :
1158 3520 1342 3587 Orate.
1534 3522 1543 3528 ’

652 3613 907 3670 Sacerdos
937 3622 1111 3667 autem
1136 3621 1251 3666 orat
1281 3613 1335 3666 in
1357 3611 1496 3666 hunc
1527 3612 1772 3667 modum:

586 3756 591 3759 .
650 3707 761 3762 Ens
787 3706 1032 3771 Domine,
1054 3705 1216 3761 Pater
1238 3703 1401 3770 bone,
1419 3704 1559 3759 Deus
1580 3713 1770 3761 noster
1784 3706 2125 3776 omnipotens
2142 3747 2158 3773 ,

574 3800 668 3872 qui
687 3800 885 3856 ﬁnxisti
900 3799 1170 3855 hominem
1187 3796 1250 3852 ad
1266 3796 1555 3868 imaginem
1570 3807 1623 3852 et
1636 3797 2045 3853 similitudinem
2062 3799 2158 3864 tui,

578 3904 634 3949 et
653 3894 843 3950 dedisti
863 3892 910 3948 ei
930 3899 1251 3962 potestatem
1276 3891 1416 3957 vitze,
1436 3898 1757 3960 potestatem
1775 3907 1894 3961 quae
1910 3901 2091 3947 manet
2107 3894 2160 3948 in

579 3970 864 4048 aeternum,
896 3991 951 4036 et
979 3996 1103 4036 cum
1131 3980 1417 4035 cecidisset
1446 3980 1498 4034 in
1530 3988 1832 4049 peccatum,
1864 3996 1969 4035 non
2002 3983 2155 4035 dese-

581 4073 734 4128 ruisti
765 4071 858 4127 sed
880 4070 1164 4126 correxisti
1195 4086 1316 4124 eum
1340 4066 1536 4134 salute,
1560 4068 1932 4123 incarnatione
1959 4068 2161 4124 scilicet

577 4164 703 4228 Filii
735 4166 810 4219 tui
843 4162 1132 4234 unigeniti,
1163 4161 1288 4217 Jesu
1320 4161 1545 4226 Christi,
1584 4159 1794 4215 Domini
1844 4163 2036 4225 nostri,
2069 4164 2157 4232 qui

576 4258 770 4329 plenus
804 4264 888 4311 est
916 4254 1110 4309 salute.
1137 4242 1269 4307 limo
1300 4252 1550 4324 ﬁgmenta
1586 4261 1673 4306 tua
1708 4251 1878 4308 libi'l‘ﬂ
1928 4254 1994 4310 ab
2031 4270 2162 4325 Ope-

578 4348 727 4403 ribus
750 4345 978 4413 inimici,
1006 4353 1060 4401 et
1088 4345 1299 4414 suscipe
1330 4360 1390 4400 ea
1435 4345 1574 4400 intra
1624 4362 1847 4415 regnum
1895 4354 2065 4414 tuum,
2104 4355 2160 4403 et

577 4438 724 4508 aperi
771 4436 957 4492 oculos
986 4436 1230 4492 cordium
1278 4451 1488 4492 eorum.
1537 4437 1731 4495 Amen.
1782 4438 2158 4497 Clariﬁcentur

574 4530 778 4588 limine
820 4530 975 4602 regni
1017 4531 1123 4594 tui,
1164 4541 1218 4586 et
1264 4533 1335 4587 sit
1376 4547 1500 4587 cum
1535 4533 1616 4589 eis
1656 4531 1913 4590 divinitas
1947 4545 2036 4589 tua
2062 4550 2160 4606 per

572 4626 809 4693 spatium
847 4626 970 4680 vitae
999 4638 1209 4681 eorum.
1251 4624 1470 4681 Liberet
1514 4639 1608 4682 eos
1647 4625 1717 4681 ab
1759 4628 1904 4682 omni
1951 4627 2158 4684 malitia

577 4715 808 4782 inimici,
838 4725 894 4773 et
948 4733 983 4772 a
1026 4718 1323 4773 tentatione
1374 4718 1513 4775 mala
1558 4719 1805 4776 daemonii
1854 4719 2157 4779 meridiani.

573 4808 764 4868 Amen.
790 4808 834 4862 Α
870 4809 1066 4880 sagitta
1098 4809 1312 4864 volante
1353 4811 1406 4863 in
1449 4794 1553 4868 die.
1601 4811 1791 4867 Amen.
1816 4813 1884 4868 Et
1908 4813 1976 4869 ab
1995 4828 2159 4884 opere

577 4898 892 4956 ambulante
920 4902 974 4956 in
1007 4900 1286 4968 tenebris,
1322 4911 1378 4958 et
1402 4917 1433 4957 a
1460 4903 1669 4959 visione
1713 4906 1908 4962 noctis.
1958 4904 2154 4961 Amen.

574 4990 719 5049 Arce
743 4990 812 5047 ab
841 4993 922 5049 eis
948 5008 1143 5051 omnes
1188 4992 1426 5064 Spiritus
1472 4994 1800 5054 immundos.
1848 4998 2041 5055 Amen.
2091 4999 2159 5054 Et

576 5081 842 5154 Spiritum
886 5083 1205 5155 malignum,
1242 5085 1334 5157 qui
1384 5089 1666 5157 perturbat
1696 5105 1809 5146 cor.
1865 5090 2058 5146 Amen.
2091 5092 2160 5147 Et

576 5172 842 5246 Spiritum
882 5175 1109 5242 erroris,
1137 5182 1192 5232 et
1217 5191 1432 5233 omnem
1481 5178 1892 5251 malignitatem.
1959 5182 2159 5237 Amen.

578 5263 836 5334 Spiritum
860 5268 1063 5324 amoris
1091 5268 1234 5323 auri.
1287 5267 1481 5324 Amen.
1506 5267 1574 5325 Et
1597 5285 1813 5327 omnem
1842 5272 2154 5327 servitutem

2268 1877 2477 1946 Spiritu
2526 1885 2716 1933 sancto
2761 1876 3020 1932 convenit
3050 1874 3246 1947 gloria,
3279 1873 3545 1932 divinitas
3572 1883 3623 1931 et
3645 1876 3796 1941 honor,

2269 1971 2324 2026 in
2351 1969 2548 2026 saecula
2574 1968 2914 2025 saeculorum.
2942 1968 3141 2026 Amen.

2337 2062 2542 2118 Deinde
2570 2062 2818 2116 sacerdos
2855 2060 2983 2117 dicit
3028 2058 3319 2116 orationem
3349 2060 3641 2130 gratiarum
3671 2058 3799 2114 actio-

2268 2156 2384 2222 nis,
2435 2163 2482 2207 et
2530 2154 2651 2207 thus
2698 2152 2835 2218 dat;
2880 2151 3139 2208 diaconus
3186 2160 3360 2206 autem
3413 2150 3542 2222 legit
3581 2168 3642 2206 ea;
3669 2149 3800 2221 Epist.

2265 2244 2428 2300 Pauli
2460 2244 2530 2298 ad
2560 2243 2692 2309 Tit.,
2718 2260 2835 2312 cap.
2870 2258 2926 2297 xx
2955 2259 2970 2298 :

2334 2331 2601 2403 Apparuit
2623 2331 2768 2387 enim
2798 2331 2973 2403 gratia
3000 2330 3096 2387 Dei
3120 2330 3427 2389 Salvatoris
3471 2331 3637 2387 nostri
3668 2332 3803 2389 omni-

2266 2427 2366 2482 bus
2392 2426 2723 2489 hominibus,
2762 2424 3020 2481 erudiens
3051 2412 3178 2489 nos,
3206 2435 3265 2480 ut
3289 2426 3623 2494 abnegantes
3652 2423 3800 2494 impie

2267 2526 2430 2574 tatem
2458 2526 2514 2573 et
2536 2516 2818 2573 saecularia
2860 2515 3152 2582 desideria,
3185 2517 3364 2572 sobrie
3389 2525 3450 2573 et
3486 2514 3648 2583 iuste,
3672 2523 3718 2569 et
3736 2514 3799 2584 pie

2264 2609 2516 2665 vivamus
2545 2609 2599 2664 in
2646 2609 2750 2664 hoc
2792 2607 3012 2673 saeculo,
3039 2617 3419 2678 exspectantes
3452 2609 3659 2663 beatam
3686 2620 3797 2675 spem

2264 2712 2322 2757 et
2346 2702 2636 2758 adventum
2671 2700 2857 2773 gloria:
2896 2698 3076 2768 magni
3109 2698 3202 2753 Dei
3246 2705 3301 2753 et
3344 2697 3647 2755 Salvatoris
3671 2695 3800 2752 nostri

2263 2796 2389 2852 Jesu
2414 2795 2647 2860 Christi,
2680 2795 2773 2866 qui
2800 2794 2949 2851 dedit
2971 2792 3319 2864 semetipsum
3344 2807 3446 2862 pro
3475 2792 3646 2858 nobis,
3665 2799 3801 2845 utnos

2265 2889 2562 2945 redimeret
2587 2890 2656 2943 ab
2683 2888 2830 2943 omni
2860 2886 3171 2956 iniquitate,
3204 2894 3261 2939 et
3290 2884 3588 2940 mandaret
3622 2881 3711 2939 sibi
3732 2896 3802 2952 ρος

2263 2980 2449 3049 pulum
2482 2979 2902 3050 acceptabilem,
2934 2985 3258 3033 sectatorem
3304 2975 3575 3033 bonorum
3601 2989 3798 3044 operum.

2263 3069 2390 3125 Haec
2416 3070 2659 3140 loquere,
2685 3078 2740 3123 et
2771 3068 3083 3129 cxhortare,
3117 3075 3173 3122 et
3202 3078 3368 3133 argue
3398 3080 3530 3119 cum
3565 3062 3698 3119 omni
3724 3062 3801 3114 im-

2264 3160 2414 3230 perio
2441 3176 2455 3226 ;
2487 3174 2648 3215 nemo
2673 3168 2724 3214 te
2745 3166 3079 3214 contemnat.
3102 3158 3348 3212 Admone
3374 3156 3500 3212 illos
3519 3152 3801 3227 principibus

2264 3263 2319 3306 et
2345 3250 2702 3321 potestatibus
2726 3251 2974 3305 subditos
2991 3263 3133 3316 esse,
3156 3248 3300 3303 dicto
3326 3247 3580 3312 obedire,
3599 3245 3660 3302 ad
3680 3256 3802 3300 omne

2263 3359 2400 3413 opus
2425 3342 2624 3398 bonum
2668 3350 2888 3411 paratos
2934 3354 3078 3406 esse,
3129 3339 3400 3395 neminem
3448 3337 3799 3408 blasphemus.

2264 3450 2370 3491 non
2394 3433 2655 3505 litigiosos
2676 3448 2820 3499 esse,
2843 3433 2936 3488 sed
2965 3432 3235 3488 modestos
3254 3441 3477 3487 omnem
3497 3427 3802 3486 ostendentes

2262 3524 2730 3580 mansuetudinem
2779 3524 2846 3579 ad
2889 3538 3080 3579 omnes
3124 3522 3388 3579 homines.
3428 3521 3659 3577 Eranms
3691 3516 3799 3573 enim

2262 3615 2550 3684 aliquando
2596 3624 2650 3670 et
2699 3630 2797 3670 nos
2843 3615 3180 3685 insipientes,
3237 3614 3529 3679 increduli,
3575 3620 3798 3669 errantes.

2262 3706 2562 3762 servientes
2591 3701 2874 3761 desideriis
2898 3713 2954 3760 ct
2980 3703 3345 3783 voluptatibus
3383 3704 3575 3769 variis,
3603 3702 3653 3756 in
3679 3698 3803 3756 maliv

2262 3798 2338 3855 tia
2366 3807 2427 3854 et
2459 3799 2664 3853 invidia
2692 3807 2914 3868 agentes
2940 3837 2956 3863 ,
2987 3797 3216 3856 odibiles
3239 3836 3256 3861 ,
3299 3796 3551 3853 odientes
3585 3793 3799 3850 invicem.

2258 3889 2396 3946 Cum
2425 3899 2603 3945 autem
2630 3889 2935 3959 benignitas
2960 3897 3019 3943 et
3042 3888 3353 3943 humanitas
3373 3887 3629 3958 apparuit
3653 3883 3803 3939 Salvn-

2262 3982 2395 4037 toris
2420 3982 2587 4036 nostri
2619 3981 2711 4035 Dei
2742 4021 2756 4046 ,
2786 3996 2892 4036 non
2922 3996 2988 4035 ex
3015 3980 3270 4051 operibus
3311 3979 3544 4049 justitim
3570 3994 3681 4049 qua:
3703 3975 3804 4031 feci-

2260 4087 2383 4127 mus
2413 4086 2532 4138 nos,
2558 4071 2657 4126 sed
2683 4071 2980 4126 secundum
3017 4085 3170 4126 suam
3204 4070 3631 4127 misericordiam
3657 4065 3803 4123 salvos

2262 4178 2361 4217 nos
2409 4162 2534 4217 fecit
2585 4178 2683 4232 per
2728 4161 3004 4217 lavacrum
3050 4161 3477 4227 regenerationis
3518 4169 3576 4215 et
3615 4171 3805 4214 renova-

2262 4253 2427 4309 tionis
2450 4253 2686 4325 Spiritus
2707 4252 2880 4307 sancti
2904 4268 3065 4322 quem
3086 4252 3274 4308 cﬁudit
3304 4252 3356 4306 in
3389 4266 3490 4306 nos
3513 4250 3715 4306 abunde
3730 4259 3807 4315 per

2260 4345 2445 4402 Iesum
2473 4346 2750 4403 Christum
2787 4345 3124 4400 Salvatorem
3172 4352 3437 4405 nostrum.
3473 4355 3530 4399 ut
3552 4338 3804 4413 iustiﬁcati

2260 4440 2433 4510 gratia
2462 4438 2654 4510 ipsius,
2693 4437 2941 4493 haredes
2980 4438 3195 4509 simus”
3216 4436 3509 4494 secundum
3536 4450 3682 4509 spem
3705 4432 3804 4486 vita

2260 4536 2499 4585 aeternae.

2333 4617 2701 4677 Subdiacouus
2726 4618 2915 4679 deinde
2939 4618 3156 4691 legitrea:
3189 4616 3428 4687 Epistula
3463 4617 3687 4679 Joannis
3715 4612 3801 4687 pri-

2259 4728 2372 4778 ma,
2393 4728 2511 4783 cap.
2541 4726 2576 4766 v
2602 4727 2619 4768 :

2331 4805 2464 4874 Quis
2489 4813 2577 4860 est
2603 4805 2693 4874 qui
2721 4805 2892 4862 vincit
2918 4804 3198 4869 mundum,
3230 4804 3332 4860 nisi
3362 4803 3452 4874 qui
3482 4801 3655 4859 credit
3686 4811 3799 4869 quov

2262 4896 2405 4952 niam
2416 4894 2577 4952 Jesus
2591 4905 2676 4952 est
2697 4896 2866 4952 Filius
2880 4896 2975 4952 Dei
2990 4896 3014 4951 i
3029 4895 3120 4952 hic
3140 4903 3229 4952 est
3245 4895 3336 4965 qui
3353 4895 3496 4951 venit
3517 4908 3618 4963 per
3634 4902 3799 4961 aquam

2258 4998 2317 5045 et
2342 4989 2659 5061 sanguinem
2680 4988 2838 5046 Jesus
2856 4989 3126 5057 Christus,
3148 5005 3257 5046 non
3279 4988 3334 5045 in
3356 4986 3703 5073 aqua‘solum,
3722 4981 3799 5039 sed

2258 5080 2312 5136 in
2343 5096 2483 5151 aqua
2511 5089 2567 5137 et
2597 5082 2879 5154 sanguine.
2912 5083 2981 5138 Et
3018 5081 3258 5154 Spiritus
3282 5091 3366 5139 est
3393 5082 3485 5152 qui
3512 5079 3801 5137 testiﬁcatur

2259 5174 2517 5245 quoniam
2540 5172 2790 5231 Christus
2810 5183 2895 5231 est
2918 5174 3144 5240 veritas,
3174 5175 3426 5245 quoniam
3454 5182 3576 5230 sunt
3605 5180 3711 5226 tres
3724 5166 3796 5237 qui

2260 5265 2628 5321 testimonium
2660 5267 2789 5321 dant
2814 5267 2869 5320 in
2897 5266 3069 5334 caelo;
3097 5265 3282 5334 Pater,
3308 5266 3560 5330 Verbum,
3592 5262 3798 5334 Spiritus
