3924 6318
108 336 221 398 937

1009 342 1195 400 OIlDO
1235 340 1552 398 RAPTISMI
1607 337 1979 396 SECUNDUM
2015 337 2398 393 ETHIOPES.

3285 340 3390 399 958

116 466 206 512 tus
230 452 405 511 estde
433 452 568 510 Filio
592 470 708 511 suo.
743 455 843 523 Qui
874 456 1047 511 credit
1071 457 1124 510 in
1155 454 1354 509 Filium
1390 454 1505 516 Dei,
1542 454 1706 508 habet
1735 457 1782 516 Α
1812 451 1973 506 l‘uerit
1999 451 2192 516 denuo,
2220 466 2323 504 non
2349 459 2525 520 potest
2544 448 2724 505 videre
2752 462 2971 520 regnum
3004 448 3118 504 Dei.
3151 450 3290 506 Dicit
3321 453 3388 506 ad

116 545 496 602 testimonium
531 546 624 600 Dei
652 547 805 601 inse.
833 546 936 614 Qui
966 563 1071 601 non
1099 547 1273 602 credit
1300 545 1456 609 Filio,
1487 545 1710 599 metula-

115 653 239 693 eem
268 632 403 691 fa'cit
432 653 576 703 eum,
607 638 732 707 quia
762 650 870 693 non
898 638 1071 693 credit
1096 638 1149 692 in
1182 637 1545 692 testimonium
1569 636 1711 706 quod

116 728 446 783 testiﬁcatus
467 737 559 783 est
592 728 732 784 Deus
772 730 838 784 de
888 728 1028 784 Filio
1058 744 1177 784 suo.
1226 729 1293 782 Et
1320 729 1422 784 hoc
1450 738 1533 783 est
1560 727 1710 783 testi-

115 821 390 885 monium,
418 820 672 889 quoniam
701 820 870 874 vitam
902 829 1158 875 aeternam
1188 820 1337 875 dedit
1368 819 1521 873 nobis
1545 819 1708 884 Deus,

114 918 174 963 et
209 910 328 963 hzec
355 909 461 962 vita
496 909 548 962 iu
577 907 717 964 Filio
743 910 862 980 ejus
900 918 1003 965 est.
1041 908 1142 977 Qui
1173 910 1333 963 habet
1366 908 1559 966 Filium
1593 908 1707 973 Dei,

113 998 289 1053 habet
316 998 483 1052 vitam
509 1016 523 1051 :
568 998 661 1069 qui
691 1015 795 1053 non
822 1000 988 1054 habet
1028 999 1223 1053 Filium
1256 997 1373 1063 Dei,
1402 998 1570 1052 vitam
1595 1008 1707 1053 non

114 1092 312 1148 liabet.
352 1092 477 1148 llmc
504 1094 686 1149 scribo
712 1096 868 1150 vobis
890 1136 905 1162 ,
938 1103 998 1150 ut
1025 1095 1214 1151 sciatis
1246 1096 1499 1165 quoniam
1544 1096 1709 1150 vitam

112 1185 337 1241 habetis
363 1195 642 1252 aitet-nam,
671 1187 763 1256 qui
788 1187 1009 1242 creditis
1035 1187 1090 1241 in
1121 1186 1343 1241 nomine
1364 1186 1484 1240 Filii
1518 1187 1636 1242 Dei.

190 1275 455 1331 Sacerdos
478 1286 651 1331 autem
680 1317 694 1342 ,
723 1278 814 1347 qui
840 1277 1056 1348 adjuvat
1082 1278 1403 1332 sacerdotem
1434 1277 1709 1349 baptizan-

110 1378 245 1433 tem,
271 1368 390 1438 legit
416 1384 479 1422 ea:
508 1366 650 1423 Actis
677 1368 1052 1439 apostolorum,
1081 1387 1197 1441 cap.
1227 1385 1322 1424 vni
1355 1389 1368 1423 :

187 1461 426 1531 Angelus
450 1468 628 1516 autem
657 1453 869 1517 Domini
898 1462 1109 1518 locutus
1139 1470 1224 1517 est
1262 1463 1330 1517 ad
1373 1460 1706 1532 Philippum,

112 1556 349 1612 dicens:
390 1554 584 1625 Surge,
634 1563 688 1610 et
727 1554 863 1610 vade
904 1564 1088 1610 contra
1115 1555 1395 1609 meridiem
1430 1554 1497 1608 ad
1540 1554 1705 1618 viam,

113 1662 243 1717 quae
289 1647 569 1703 descendit
614 1646 683 1701 ab
724 1645 1026 1702 Jerusalem
1078 1645 1132 1699 in
1168 1643 1375 1701 Gazam
1402 1686 1417 1710 ,
1461 1645 1580 1699 haec
1624 1652 1710 1699 est

117 1744 363 1800 deserta.
421 1742 490 1796 Et
536 1757 763 1812 surgens
818 1742 971 1807 abiit,
1025 1750 1079 1796 et
1143 1755 1272 1796 ecce
1320 1740 1404 1793 vir
1452 1738 1706 1808 Ethiops

114 1833 425 1898 eunuchus,
462 1841 672 1902 potens,
712 1831 979 1887 Candacis
1011 1832 1211 1903 regina:
1241 1828 1581 1900 Ethiopum,
1613 1829 1705 1900 qui

104 1932 240 1976 erat
286 1932 449 1991 super
491 1936 682 1977 omnes
727 1934 889 1993 gazas
932 1919 1049 1991 ejus
1075 1961 1091 1987 ,
1130 1929 1357 1975 venerat
1387 1919 1618 1975 adorare
1650 1919 1705 1975 in

117 2011 458 2076 lerusalem,
507 2021 562 2068 et
616 2012 990 2067 revertebatur
1040 2012 1235 2067 sedens
1278 2025 1444 2080 super
1484 2025 1706 2065 currum

119 2120 282 2160 suum
309 2146 324 2169 ,
364 2103 659 2175 legensque
703 2104 895 2159 Isaiam
942 2103 1280 2175 prephetam.
1332 2101 1477 2156 Dixit
1523 2110 1707 2156 autem

118 2195 365 2266 Spiritus
392 2195 635 2267 Philippo
661 2213 674 2248 :
707 2196 942 2260 Accede,
972 2203 1026 2249 et
1051 2193 1282 2265 adjunge
1314 2201 1366 2248 te
1391 2193 1458 2248 ad
1485 2207 1705 2248 currum

114 2287 308 2343 istum.
339 2285 649 2341 Accurrens
678 2296 859 2340 autem
902 2284 1180 2356 Philippus
1204 2324 1220 2349 ,
1248 2283 1452 2343 audivit
1477 2297 1599 2339 eum
1631 2282 1708 2338 le-

124 2387 343 2449 gentem
368 2376 561 2431 Isaiatn
598 2376 937 2446 prophetam,
974 2384 1027 2432 et
1053 2375 1190 2430 dixit
1216 2390 1230 2428 :
1262 2374 1519 2439 Putasne,
1551 2373 1706 2428 intel-

110 2466 247 2537 ligis
270 2480 391 2536 quae
418 2465 713 2537 Iegis?Qui
744 2464 854 2520 ait:
880 2466 945 2521 Et
970 2466 1239 2535 quomodo
1265 2479 1507 2534 possum,
1530 2464 1574 2519 si
1600 2480 1705 2518 non

120 2557 322 2627 aliquis
354 2557 653 2612 ostenderit
704 2558 889 2613 mihi?
931 2558 1247 2630 rogavitque
1290 2556 1598 2628 Philippum
1648 2565 1708 2612 ut

123 2648 445 2704 ascenderet
478 2657 534 2703 et
561 2648 773 2704 sederet
812 2663 1015 2705 secum.
1049 2648 1224 2703 Locus
1254 2656 1436 2702 autem
1464 2646 1708 2719 Scriptu-

120 2755 219 2805 rte,
248 2753 410 2809 quam
439 2738 673 2809 legebat,
704 2747 823 2795 erat
848 2739 935 2794 hic
961 2757 973 2793 :
999 2737 1288 2810 Tanquam
1316 2737 1434 2793 ovis
1465 2738 1531 2791 ad
1560 2738 1706 2793 occi-

124 2831 333 2885 sionem
365 2828 557 2885 ductus
599 2839 725 2896 est,
770 2840 827 2885 et
870 2831 1012 2886 sicut
1039 2845 1211 2900 agnus
1237 2845 1420 2885 coram
1453 2829 1707 2884 tondente

116 2934 184 2976 se
205 2922 330 2975 sine
357 2934 509 2987 voce,
540 2920 620 2976 sic
651 2935 754 2975 non
787 2920 999 2992 aperuit
1025 2935 1087 2975 os
1114 2935 1291 2976 suum.
1311 2918 1375 2973 'ln
1393 2919 1706 2975 humilitate

119 3010 383 3080 judicium
410 3011 528 3081 ejus
552 3011 823 3067 sublatum
864 3019 967 3067 est.
995 3010 1412 3067 Generationem
1440 3006 1556 3079 ejus
1583 3009 1706 3079 quis

124 3106 454 3161 enarrabit?
503 3106 759 3179 quoniam
817 3106 1036 3173 tolletur
1086 3106 1153 3160 de
1204 3113 1349 3160 terra
1402 3104 1514 3158 vita
1564 3101 1703 3171 ejus.

1816 556 1938 596 eum
1983 540 2348 597 Nicodemus:
2387 541 2665 609 Quomodo
2686 550 2869 612 potest
2899 542 3059 597 homo
3089 543 3237 598 nasci
3266 559 3390 599 cum

1814 632 1885 686 sit
1935 646 2121 687 senex.
2172 630 2421 701 Nunquid
2470 639 2647 701 potest
2697 632 2749 685 in
2803 640 2989 686 ventre
3045 632 3235 687 matris
3280 649 3392 689 sua:

1813 722 2009 777 iterato
2031 723 2275 789 introire,
2302 732 2357 778 et
2380 724 2627 778 renasci?
2647 720 2950 793 Respondit
2973 722 3131 779 Jesus
3157 742 3169 778 :
3197 726 3388 788 Amen,

1813 830 1971 869 amen
2006 814 2129 868 dico
2161 814 2256 869 tibi
2284 856 2298 881 ,
2333 815 2436 869 nisi
2467 815 2590 885 quis
2633 822 2859 869 renatus
2887 812 3051 868 fuerit
3075 830 3139 869 ex
3171 829 3308 885 aqua
3337 823 3393 869 et

1812 901 2017 972 Spiritu
2056 916 2264 969 saneto,
2310 919 2416 958 non
2461 912 2641 974 potest
2681 903 2907 959 introire
2931 903 2985 958 in
3012 919 3233 975 regnum
3276 905 3390 959 Dei.

1811 992 1964 1061 Quod
1990 1001 2175 1048 natum
2204 1002 2286 1050 est
2308 1009 2374 1049 ex
2403 1008 2585 1058 carne,
2619 1009 2747 1050 caro
2776 1002 2859 1049 est
2885 1010 2901 1060 ;
2952 1001 3007 1049 et
3035 994 3176 1064 quod
3206 1002 3393 1048 natum

1810 1092 1896 1139 est
1935 1098 2002 1138 ex
2034 1084 2249 1154 spiritu,
2297 1084 2519 1155 spiritus
2556 1092 2658 1139 est.
2706 1083 2826 1138 Non
2877 1084 3093 1138 mireris
3123 1082 3247 1152 quia
3280 1083 3392 1137 dixi

1815 1174 1935 1240 tibi,
1966 1184 2179 1245 oportet
2212 1190 2307 1230 vos
2335 1175 2481 1229 nasci
2521 1175 2716 1230 denuo.
2750 1173 2985 1245 Spiritus
3013 1174 3101 1230 ubi
3126 1174 3246 1230 Vult
3283 1174 3392 1244 spi—

1809 1254 1918 1331 rat,
1939 1274 1995 1320 et
2030 1281 2217 1322 vocem
2249 1267 2366 1337 ejus
2391 1266 2563 1331 audis,
2591 1266 2683 1320 sed
2710 1266 2888 1321 nescis
2909 1266 3050 1321 unde
3076 1266 3276 1331 veniat,
3301 1273 3395 1319 aut

1815 1372 1923 1427 quo
1950 1357 2137 1411 vadat.
2175 1356 2269 1412 Sic
2298 1366 2383 1412 est
2409 1357 2586 1412 omnis
2613 1396 2627 1420 ,
2664 1356 2757 1427 qui
2786 1366 2943 1412 natus
2969 1364 3143 1412 estex
3175 1357 3390 1426 spiritu.

1810 1447 2110 1518 Respondit
2137 1447 2479 1512 Nicodemus,
2505 1457 2559 1503 et
2582 1448 2788 1503 dixitei
2814 1466 2828 1503 :
2860 1448 3139 1515 Quomodo
3171 1458 3395 1517 possunt

1810 1537 1925 1592 haec
1962 1536 2126 1592 ﬁeri?
2170 1537 2471 1608 Respondit
2496 1538 2676 1603 Iesus,
2700 1548 2753 1593 et
2783 1538 2918 1593 dixit
2942 1538 2991 1593 ei
3017 1553 3032 1591 :
3078 1538 3159 1593 Tu
3189 1553 3247 1593 es
3276 1553 3395 1592 ma-

1809 1626 1978 1698 gister
2019 1627 2071 1680 in
2114 1627 2282 1682 Israel
2310 1636 2363 1682 et
2405 1629 2522 1683 hrec
2565 1628 3048 1697 iguoras?Amen,
3080 1644 3237 1684 amen
3275 1629 3397 1684 dico

1813 1718 1932 1783 tibi,
1970 1717 2097 1787 quia
2122 1717 2265 1787 quod
2305 1718 2508 1773 scimus
2537 1718 2828 1788 loquimur,
2860 1726 2916 1773 et
2953 1717 3095 1788 quod
3138 1718 3392 1780 vidimus,

1738 1803 1785 1864 Β
1814 1815 2103 1873 testamur,
2133 1814 2189 1861 et
2219 1807 2587 1862 testimonium
2622 1815 2868 1865 nostrum
2894 1821 3001 1862 non
3032 1807 3300 1878 accipitis.
3335 1807 3394 1861 Si

1811 1906 2026 1952 terrena
2073 1896 2183 1950 dixi
2234 1896 2406 1961 vobis,
2458 1905 2514 1951 et
2563 1912 2673 1951 non
2723 1896 2943 1952 creditis
2970 1936 2987 1963 ,
3033 1896 3303 1966 quomodo
3347 1897 3394 1951 si

1808 1988 1998 2042 dixero
2025 1987 2181 2042 vobis
2204 1987 2446 2042 coelestia
2468 1988 2744 2043 credetis?
2785 1996 2842 2042 et
2880 2003 3041 2044 nemo
3067 1990 3307 2045 ascendit
3337 1989 3395 2042 in

1808 2078 2030 2144 ctelum,
2062 2077 2165 2133 nisi
2207 2079 2297 2151 qui
2343 2080 2626 2135 descendit
2663 2080 2727 2135 de
2758 2078 2917 2145 coelo,
2962 2079 3105 2135 ﬁlius
3134 2080 3390 2146 hominis,
3474 2154 3477 2157 ν

1808 2171 1900 2241 qui
1923 2180 2005 2226 est
2036 2171 2090 2225 in
2119 2170 2279 2226 caelo.
2307 2171 2371 2226 Et
2402 2172 2542 2226 sicut
2565 2171 2775 2243 Moyses
2800 2171 3059 2227 exaltavit
3088 2181 3394 2243 serpentem

1808 2263 1862 2317 in
1908 2263 2146 2329 deserto,
2190 2263 2264 2317 ita
2315 2263 2539 2318 exaltari
2582 2270 2795 2334 oportet
2825 2263 2997 2318 lilium
3040 2252 3304 2328 hominis,
3337 2274 3398 2318 ut

1807 2353 1987 2408 omnis
2030 2353 2122 2423 qui
2152 2353 2333 2408 credit
2375 2353 2428 2408 in
2475 2353 2593 2423 ipso
2637 2370 2745 2409 non
2789 2361 3001 2425 pereat,
3048 2353 3142 2408 sed
3195 2352 3397 2409 habeat

1805 2441 1974 2496 vitam
2008 2450 2289 2497 teternam.
2320 2440 2412 2497 Sic
2433 2442 2577 2497 enim
2604 2442 2750 2498 Deus
2782 2441 2972 2497 dilexit
2992 2442 3256 2498 mundum
3286 2482 3300 2506 ,
3334 2453 3395 2497 ut

1805 2531 2003 2587 Filium
2033 2548 2190 2588 suum
2220 2532 2556 2603 unigenitum
2583 2532 2759 2596 daret,
2796 2541 2857 2587 ut
2894 2532 3073 2587 omnis
3094 2532 3189 2602 qui
3221 2532 3396 2587 credit

1808 2623 1863 2678 in
1880 2638 2029 2687 eum,
2057 2639 2164 2678 non
2189 2632 2394 2695 pereat,
2427 2623 2519 2679 sed
2552 2624 2750 2679 habeat
2774 2625 2938 2678 vitam
2962 2633 3246 2684 aeternam.
3276 2623 3392 2678 Non

1805 2714 1951 2769 enim
1976 2713 2122 2773 misit
2151 2714 2292 2769 Deus
2317 2714 2511 2770 Filium
2544 2730 2699 2770 suum
2730 2715 2783 2770 in
2804 2715 3070 2771 mundum
3102 2724 3159 2771 ut
3181 2714 3392 2785 judicet

1807 2805 2095 2870 mundum,
2122 2805 2215 2861 sed
2258 2815 2317 2860 ut
2359 2790 2600 2860 salvetur
2647 2804 2880 2861 mundus
2909 2801 3006 2877 pe'r
3036 2807 3231 2878 ipsum.
3284 2808 3391 2873 Qui

1800 2897 1981 2953 credit
2022 2898 2075 2952 in
2110 2898 2254 2962 eum,
2288 2912 2396 2953 non
2430 2897 2739 2969 judicatur;
2783 2897 2877 2969 qui
2919 2905 3101 2953 autem
3129 2913 3237 2953 nou
3267 2914 3385 2954 cre-

1806 2988 1903 3054 dit,
1929 2988 2042 3059 jam
2068 2987 2343 3058 judicatus
2368 2996 2473 3051 est,
2503 2986 2629 3057 quia
2663 3002 2768 3042 non
2795 2986 3027 3043 credidit
3060 2986 3115 3042 in
3163 2988 3384 3043 nomine

1804 3080 2073 3151 unigeniti
2097 3078 2223 3136 Filii
2269 3080 2384 3137 Dei.
2425 3078 2540 3135 Hoc
2567 3086 2652 3135 es‘t
2698 3088 2877 3134 autem
2907 3078 3210 3151 judicium,
3256 3079 3383 3161 quia

121 3196 476 3268 Respondeas
499 3170 677 3252 autem
700 3170 980 3253 eunuchus
1007 3194 1254 3265 Philippo
1273 3234 1289 3261 ,
1316 3193 1452 3249 dixit
1476 3207 1490 3247 :
1537 3170 1704 3248 Obse-
1732 3172 1778 3236 (ἶ
1809 3171 1900 3226 ¹ι¹²ί
1929 3171 2075 3268 Ten“
2105 3171 2158 3225 in
2182 3171 2449 3268 ""1"de
2468 3213 2483 3236 ι
2507 3178 2568 3226 ει
2602 3170 2911 3268 (ἔδωκενηοξ
2940 3170 3185 3226 homines
3215 3170 3388 3268 maliis

121 3300 218 3341 cro
242 3294 326 3350 te,
353 3285 419 3340 de
441 3300 548 3355 quo
574 3285 834 3356 propheta
857 3284 987 3339 dicit
1014 3283 1156 3339 hoc?
1183 3283 1252 3338 de
1280 3298 1359 3347 se,
1404 3298 1472 3336 an
1505 3282 1570 3337 de
1600 3280 1708 3335 alio

115 3376 352 3446 aliquo?
380 3376 644 3446 Aperiens
670 3383 847 3430 autem
875 3373 1155 3445 Philippus
1189 3388 1250 3454 os
1280 3388 1459 3437 suum,
1491 3381 1547 3428 et
1574 3370 1709 3426 inci-

112 3469 281 3541 piens
308 3484 338 3522 a
366 3466 647 3539 Scriptura
687 3467 786 3522 ista
816 3508 830 3533 ,
870 3464 1266 3537 evangelizavit
1299 3464 1374 3519 illi
1396 3462 1607 3519 Jesum.
1639 3461 1708 3516 Et

115 3564 252 3617 dum
279 3562 422 3616 irent
443 3575 540 3631 per
570 3561 736 3628 viam,
765 3568 1036 3616 venerunt
1064 3559 1131 3615 ad
1165 3556 1457 3629 quamdam
1483 3570 1705 3626 aquam,

115 3663 179 3707 et
230 3653 312 3708 ait
356 3653 671 3708 eunuchus:
723 3653 860 3709 Ecce
909 3667 1049 3722 aqua
1079 3691 1095 3717 ,
1124 3650 1276 3721 'quid
1328 3648 1582 3719 prohibet
1623 3660 1709 3702 me

109 3743 433 3813 baptizari?
463 3743 598 3799 dixit
640 3752 820 3798 autem
850 3742 1130 3813 Philippus
1156 3759 1169 3796 :
1213 3740 1269 3796 Si
1298 3739 1476 3794 credis
1499 3753 1564 3793 ex
1595 3746 1708 3793 toto

114 3833 311 3896 corde,
342 3831 489 3886 licet.
519 3831 583 3885 Et
613 3831 965 3902 respondens,
1008 3830 1085 3884 ait
1114 3847 1126 3882 :
1178 3828 1353 3884 Credo
1379 3826 1578 3881 Filium
1611 3825 1705 3880 Dei

106 3940 248 3981 esse
294 3924 474 3979 Jcsum
518 3922 815 3977 Christum.
867 3923 936 3977 Et
977 3921 1139 3993 jussit
1185 3927 1330 3975 stare
1359 3934 1613 3984 currum,
1652 3925 1707 3973 et

118 4016 528 4073 descenderunt
571 4024 796 4085 uterque
832 4015 884 4069 in
929 4029 1123 4084 aquam
1154 4012 1436 4083 Philippus
1459 4021 1513 4065 ct
1537 4025 1708 4065 eunu-

116 4109 287 4171 chus,
310 4116 365 4162 et
393 4106 687 4176 baptizavit
715 4120 860 4160 eum.
879 4103 1011 4160 Cum
1033 4111 1212 4158 autem
1240 4100 1613 4157 ascendissent
1641 4100 1708 4155 de

112 4213 292 4267 aqua,
325 4195 559 4265 Spiritus
588 4195 799 4249 Domini
829 4194 1005 4261 rapuit
1031 4192 1355 4263 Philippum,
1382 4200 1436 4245 et
1474 4190 1706 4262 amplius

114 4303 233 4342 non
270 4286 406 4340 vidit
428 4300 551 4340 eum
576 4284 886 4350 eunuchus;
912 4284 1022 4339 ibat
1046 4292 1226 4338 autem
1255 4297 1355 4352 per
1384 4282 1524 4337 viam
1551 4296 1705 4336 suam

116 4395 157 4448 ε
179 4377 391 4432 rudens.
744 4372 745 4375 “

198 4467 333 4522 Tum
362 4466 627 4531 sacerdos,
656 4466 745 4538 qui
772 4465 1020 4531 baptizat,
1048 4463 1172 4517 dicit
1196 4476 1215 4514 :

198 4558 457 4623 Sanctus,
488 4567 724 4622 sanctus,
750 4564 969 4612 sanctus
989 4555 1269 4615 Dominus,
1296 4551 1441 4609 Deus
1468 4551 1621 4607 fortis
1652 4562 1707 4607 et

112 4647 470 4712 immortalis,
502 4647 759 4703 miserere
786 4645 979 4711 nostri,
1018 4643 1262 4699 Domine.
1292 4641 1444 4697 Beati
1476 4656 1706 4711 quorum

114 4742 371 4799 remissa:
399 4746 525 4794 sunt
551 4737 884 4807 iniquitates,
916 4745 971 4791 et
996 4750 1225 4807 quorum
1260 4742 1397 4789 tecta
1429 4742 1556 4788 sunt
1582 4748 1709 4802 pec-

113 4845 271 4890 cata.
300 4831 499 4887 Beatus
526 4832 610 4886 vir
634 4871 650 4896 ,
682 4830 767 4885 cui
806 4845 912 4885 non
951 4827 1238 4898 imputavit
1276 4827 1534 4881 Dominus
1583 4840 1709 4895 pec-

116 4938 327 4983 catum.
348 4924 603 4980 Accedite
628 4924 694 4979 ad
725 4937 848 4978 eum
876 4932 930 4978 et
963 4918 1288 4975 illuminabit
1314 4935 1430 4992 vos,
1462 4926 1516 4973 et
1542 4917 1708 4974 facies

119 5026 323 5071 vestrze
355 5029 457 5102 nan
490 5011 909 5069 conl‘undentur.
946 5011 1050 5066 Iste
1091 5024 1297 5081 pauper
1338 5007 1615 5068 clamavit.
1652 5015 1708 5062 et

116 5107 387 5163 Dominus
410 5104 685 5160 exaudivit
715 5118 860 5158 eum.

195 5194 402 5247 Deinde
431 5192 549 5263 legit
584 5207 649 5246 ex
680 5190 962 5261 Evangelia
990 5189 1237 5252 Joannis,
1269 5204 1384 5258 cap.
1418 5202 1502 5242 tu.

196 5282 333 5352 Erat
376 5292 555 5336 autem
593 5281 755 5335 homo
781 5295 847 5334 ex
876 5278 1189 5344 Pbarisacis,
1237 5277 1560 5333 Nicodemus
1610 5293 1707 5334 uo-

120 5375 312 5437 minc,
354 5374 610 5443 princeps
663 5371 991 5427 Iudaeorum.
1050 5371 1150 5426 llic
1205 5370 1351 5425 venit
1405 5371 1472 5425 ad
1516 5369 1699 5427 Jesum

121 5472 311 5527 nocte,
339 5472 394 5517 et
419 5462 556 5518 dixit
575 5461 623 5516 ei
653 5477 667 5514 :
709 5460 905 5525 Rabbi,
937 5460 1139 5515 scimus
1164 5461 1288 5530 quia
1317 5475 1347 5514 a
1374 5459 1484 5515 Deo
1509 5461 1701 5516 venisti

123 5555 388 5626 magister
414 5570 429 5620 ;
470 5567 629 5608 nemo
654 5552 799 5606 enim
826 5559 1001 5621 potest
1029 5552 1143 5605 haec
1173 5550 1323 5620 signa
1353 5550 1555 5610 facere.
1584 5567 1706 5621 qtue

126 5656 184 5699 tu
221 5645 385 5710 facis,
425 5643 530 5698 nisi
567 5643 730 5698 fuerit
755 5644 895 5698 Deus
917 5656 1040 5697 cum
1077 5655 1161 5695 eo.
1194 5640 1487 5711 Respondit
1526 5640 1705 5708 Jesus,

129 5745 186 5792 et
213 5736 349 5793 dixit
380 5736 429 5792 ei
454 5751 468 5791 :
506 5735 699 5801 Amen,
727 5749 884 5790 amen
914 5734 1039 5787 dico
1065 5733 1180 5796 tibi,
1211 5733 1313 5787 nisi
1341 5734 1462 5804 quis
1490 5744 1709 5790 renatus

551 5851 825 5911 Parnm.
873 5845 1284 5921 CXXXVIII.

1808 3262 2099 3323 tenebras,
2153 3277 2315 3333 quam
2365 3262 2560 3318 lucem.
2600 3263 2773 3318 Erant
2811 3262 2962 3318 enim
3009 3275 3194 3319 eorum
3238 3263 3380 3318 mala

1807 3371 1995 3427 opera.
2024 3355 2214 3413 Omnis
2242 3355 2385 3429 enim
2415 3354 2505 3425 qui
2537 3354 2675 3409 male
2698 3355 2807 3425 agit
2838 3354 2952 3410 odit
2982 3354 3174 3417 lucem,
3204 3364 3257 3411 et
3282 3371 3387 3410 non

1807 3448 1954 3504 venit
1985 3449 2054 3503 ad
2084 3448 2258 3503 lucem
2277 3488 2293 3512 ,
2342 3457 2400 3502 ut
2447 3463 2555 3503 non
2603 3452 2905 3517 arguantur
2926 3460 3091 3518 opera
3119 3446 3255 3515 ejus.
3284 3446 3391 3514 Qui

1808 3551 1991 3596 autem
2019 3541 2148 3595 facit
2172 3542 2488 3607 veritatem,
2529 3540 2675 3595 venit
2703 3540 2770 3594 ad
2797 3538 3006 3604 lucem,
3050 3547 3109 3594 ut
3154 3537 3389 3594 manife-

1804 3639 2020 3688 steutur
2046 3647 2208 3702 opera
2237 3630 2374 3699 ejus,
2399 3630 2522 3699 quia
2547 3630 2599 3684 in
2621 3628 2735 3686 Deo
2759 3639 2884 3685 sunt
2914 3629 3075 3684 facta.

1880 3719 2074 3775 Postea
2108 3720 2236 3773 dicit
2270 3720 2561 3773 orationem
2581 3719 2681 3789 pro
2713 3718 2962 3788 inﬁrmis,
2989 3733 3109 3789 qua:
3139 3719 3391 3790 sequitur,

1806 3810 2054 3883 populum
2086 3811 2232 3881 prius
2257 3810 2539 3864 exhortans
2556 3810 2631 3864 ad
2654 3810 2914 3863 orandum
2946 3810 3042 3864 hoc
3065 3818 3220 3865 modo
3243 3825 3262 3863 :

1882 3905 2152 3974 Rogemus
2191 3902 2618 3973 omnipotentem
2649 3900 2817 3955 Deum
2844 3940 2859 3966 ,
2904 3901 3120 3956 Patrem
3157 3901 3392 3963 Domini,

1807 3994 1904 4049 Dei
1935 4003 1989 4049 et
2019 3992 2329 4049 Scrvatoris
2371 3991 2545 4047 nostri
2591 3990 2719 4047 Jesu
2768 3990 2968 4046 Christi
3011 3992 3110 4061 pro
3160 3990 3395 4046 inllrmis

1807 4086 2069 4143 fratribus
2093 4085 2327 4152 nostris,
2360 4095 2420 4139 ut
2442 4100 2660 4139 omnem
2708 4083 3042 4155 languorem,
3076 4092 3129 4138 et
3173 4099 3392 4139 omnem

1809 4174 2158 4236 alllictionem
2189 4180 2256 4234 ab
2281 4178 2360 4234 eis
2388 4176 2643 4248 expellat,
2671 4185 2726 4232 et
2753 4176 2976 4247 expulso
3004 4175 3209 4247 Spiritu
3241 4176 3394 4230 inlir-

1808 4273 2015 4328 mitalis
2062 4272 2351 4327 sanitatem
2378 4271 2463 4326 eis
2495 4270 2609 4340 ipse
2656 4270 2781 4333 det,
2834 4269 2887 4323 in
2931 4283 3040 4340 quo
3086 4278 3171 4324 est
3214 4269 3395 4324 omnis

1809 4358 2030 4418 inedelac
2059 4371 2317 4430 potestas,
2350 4361 2610 4416 Dominus
2632 4361 2774 4415 Deus
2804 4368 3008 4415 noster.

1880 4454 2149 4507 Diaconus
2174 4452 2342 4506 dicit:
2384 4451 2547 4505 Orate
2578 4466 2676 4519 pro
2696 4450 2948 4506 inﬁrmis.
3014 4462 3023 4469 '

1736 4519 1784 4579 θ
1887 4543 2146 4600 Sacerdos
2173 4553 2347 4596 autem
2376 4543 2537 4595 dicit:
2568 4542 2811 4604 Domine,
2846 4541 2991 4595 Deus
3011 4550 3195 4596 noster
3223 4543 3394 4597 omni-

1810 4645 2025 4708 potens,
2056 4650 2310 4706 rogamus
2343 4642 2395 4687 te
2419 4644 2473 4687 ct
2512 4648 2844 4702 quinsumus,
2875 4632 3105 4687 infirmis
3139 4632 3397 4689 fratribus

1814 4727 2102 4784 sanitatem
2129 4726 2267 4781 dona
2295 4765 2310 4791 ,
2355 4724 2618 4794 Spiritum
2650 4723 2980 4778 inﬁrmitatis
3008 4723 3146 4790 dele,
3176 4740 3395 4781 omnem

1814 4822 2187 4896 aegritudinem
2217 4863 2232 4885 ,
2264 4830 2318 4877 et
2345 4834 2560 4895 omnem
2591 4818 2898 4890 passionem
2928 4818 2994 4873 ab
3027 4821 3106 4876 eis
3136 4819 3391 4878 transfer.

1811 4913 1935 4969 Cito
1960 4912 2198 4967 inveniat
2230 4926 2329 4966 nos
2359 4909 2734 4966 misericordia
2763 4916 2871 4975 tua,
2907 4926 2939 4966 o
2970 4909 3216 4966 Domine.

1883 5005 2150 5059 Diaconus
2174 5005 2300 5057 dicit
2334 5002 2403 5056 ad
2430 5000 2702 5074 populum.
2742 5000 2944 5057 Mcdela
2981 5004 3193 5066 animae,
3228 5004 3398 5059 medi-

1812 5101 1968 5151 cator
2016 5092 2302 5164 corporis,
2363 5099 2416 5146 tu
2472 5106 2531 5146 es
2584 5084 2837 5147 visitalor
2883 5093 3063 5146 omnis
3112 5084 3295 5147 carnis
3339 5101 3409 5169 etp

1810 5200 2018 5249 eorum,
2046 5184 2140 5254 qui
2170 5198 2201 5238 a
2232 5183 2512 5251 spiritibus
2542 5182 2835 5238 immundis
2857 5192 3198 5252 torquentur,
3221 5180 3394 5237 libera

1810 5290 2026 5333 omnem
2047 5274 2284 5329 animam
2308 5256 2559 5327 alllictam
2581 5279 2635 5327 et
2654 5286 2992 5342 oppressam,
3020 5273 3084 5327 da
3107 5273 3156 5328 ei
3180 5271 3394 5327 relaxa-

1811 5366 2037 5433 tionem,
2062 5365 2128 5421 da
2153 5364 2411 5435 quietem.
2433 5363 2661 5421 Omnem
2687 5363 3082 5428 inﬁrmitatem,
3104 5371 3157 5418 et
3178 5378 3394 5422 omnem

1809 5457 2118 5530 passionem
2150 5471 2181 5510 a
2206 5455 2361 5511 nobis
2396 5454 2696 5510 extermina
2724 5492 2740 5519 ,
2786 5459 2842 5507 et
2868 5468 2898 5507 a
2929 5453 3091 5507 domo
3120 5453 3245 5516 hac,
3276 5468 3396 5521 quae

1815 5552 2033 5605 invocat
2075 5556 2321 5603 sanctum
2372 5555 2427 5601 et
2472 5545 2816 5602 benedictum
2862 5558 3055 5598 nomen
3096 5553 3242 5599 tuum
3271 5584 3286 5608 ,
3341 5553 3397 5598 et

1814 5639 2147 5712 singularum
2175 5639 2477 5692 animarum
2509 5644 2817 5690 nostrarum
2841 5632 3159 5690 inﬁrmitate
3179 5642 3391 5700 sanata,

1816 5716 2129 5803 perlectam.
2159 5728 2387 5785 salutem
2420 5727 2649 5800 largire,
2695 5741 2791 5799 per
2827 5728 3159 5797 unigenitqu
3200 5727 3396 5783 Filium

2920 5842 2997 5904 30
