3902 5334
565 311 671 367 959

1355 294 1645 352 APPEND.
1687 293 1778 348 AD
1817 290 1989 347 S/EC.
2031 288 2100 342 Χ.
2140 316 2209 327 -
2240 283 2668 343 MONUMENTA
2705 280 2989 339 LITURG.
3689 284 3772 339 9&0

569 435 740 486 tuum,
774 435 894 475 cum
923 430 1032 488 quo
1065 412 1158 470 tibi
1200 419 1255 468 et
1292 419 1480 466 saneto
1522 406 1747 479 Spiritui
1776 414 1859 460 est
1888 402 2056 476 gloria
2086 410 2142 458 et
2167 406 2222 466 Α
2315 400 2582 454 Diaconus
2604 398 2730 452 dicit
2760 411 2779 450 :
2810 397 3065 454 Dicamus
3085 411 3272 453 omnes
3303 412 3404 453 nos
3433 412 3448 451 :

569 522 809 586 potestas
841 525 1008 574 nunc,
1039 517 1094 562 et
1123 520 1357 574 semper,
1389 513 1444 558 et
1485 503 1538 557 in
1574 499 1771 558 saecula
1807 497 2148 555 saeculorum.

569 609 764 661 Amen.
1226 653 1235 662 .

640 696 771 750 Tum
799 691 1042 748 sacerdos
1079 687 1325 743 hortatur
1347 685 1598 756 populum
1629 692 1685 737 ut
1726 689 1835 737 oret
1882 696 1978 751 pro
2002 695 2152 751 perc-

569 788 896 860 grinantibus
924 793 969 838 et
992 790 1168 853 postea
1200 787 1334 834 orat.

640 879 916 946 Rogamus
946 873 1111 928 etiam
1140 869 1572 940 omnipotentem
1605 863 1771 919 Deum
1800 861 2017 916 Patrem
2043 857 2149 912 Do-

566 969 699 1026 mini
730 977 784 1022 et
817 961 1194 1033 Redemptoris
1229 959 1402 1014 nostri
1447 957 1573 1013 Jesu
1616 953 1819 1010 Christi
1847 966 1945 1022 pro
1970 946 2154 1004 fratri-

566 1061 669 1115 bus
698 1055 898 1112 nostris
942 1054 1034 1124 qui
1087 1065 1312 1122 pcregre
1360 1046 1587 1120 profecti
1625 1053 1792 1109 sunt,
1841 1051 1897 1098 et
1939 1056 2038 1111 pro
2073 1039 2153 1093 eis

570 1165 708 1220 quos
737 1147 983 1202 futurum
1010 1153 1093 1198 est
1122 1151 1184 1198 ut
1227 1141 1640 1212 peregrinentur
1663 1176 1678 1202 ,
1719 1135 1832 1190 sive
1857 1149 1954 1204 per
1981 1147 2149 1196 mare,

569 1241 682 1293 sive
709 1254 804 1309 per
828 1236 1072 1299 ﬂumina,
1106 1232 1220 1287 sive
1251 1246 1347 1300 per
1374 1229 1546 1292 lacus,
1585 1242 1678 1282 seu
1709 1238 2030 1295 quacunque
2067 1221 2151 1276 via

567 1330 1060 1402 peregrinationem
1104 1325 1326 1383 faciant.
1370 1331 1430 1375 ut
1472 1333 1662 1375 omnes
1690 1317 1890 1387 dirigat
1921 1315 1989 1372 ad
2030 1328 2154 1383 por-

573 1433 681 1476 rum
714 1421 1005 1476 salutarem
1031 1458 1048 1484 ,
1091 1415 1182 1486 qui
1229 1413 1410 1469 omnia
1453 1409 1694 1467 continet
1722 1406 1982 1464 Dominus
2009 1404 2152 1460 Deus

572 1520 777 1567 liDSlCl‘.

638 1600 911 1655 Diaconus
936 1597 1059 1652 dicit
1085 1611 1102 1648 :
1148 1596 1315 1651 Orate
1345 1608 1440 1663 pro
1471 1591 1538 1648 iis
1564 1589 1655 1662 qui
1683 1588 2119 1660 peregrinantur.

644 1689 900 1746 Sacerdos
933 1699 1106 1741 autem
1146 1685 1310 1738 dicit:
1350 1683 1577 1739 Domine
1623 1680 1765 1736 Deus
1808 1687 2026 1741 noster,
2059 1676 2151 1748 qui

2321 491 2404 550 Ob
2423 506 2711 565 pauperem
2735 490 2989 562 populum
3015 501 3186 558 tuum,
3209 509 3241 548 ο
3261 493 3507 559 Domine,
3536 503 3584 548 et
3605 507 3778 567 propter

2248 599 2478 650 omnes,
2523 583 2616 653 qui
2669 583 2924 638 invocant
2969 593 3216 638 sanctum
3267 600 3464 640 nomen
3510 594 3666 650 tuum,
3709 604 3779 659 per

2249 677 2466 734 unicum
2493 676 2688 732 Filium
2713 683 2884 741 tuum,
2911 690 3032 731 cum
3057 691 3165 744 quo
3193 676 3286 731 tibi
3311 686 3366 732 et
3387 685 3576 732 sancto
3601 677 3780 748 Spiritui

2249 777 2335 824 est
2360 769 2552 840 gloria,
2586 777 2643 824 et
2680 774 2921 838 potestas
2948 783 3092 824 nunc
3119 775 3174 823 et
3208 782 3440 838 semper,
3467 776 3522 822 et
3554 768 3603 822 in
3629 772 3781 825 sarcula

2249 858 2588 915 seculorum.
2618 857 2812 912 Amen.

2322 946 2432 1001 Pro
2463 947 2612 1017 aquis
2643 945 2967 1017 ﬂuvialibus,
3006 947 3250 1002 sacerdos
3284 960 3303 998 :
3351 946 3620 1017 Rogemus
3657 951 3783 1004 etiam

2252 1034 2678 1105 omnipotentem
2707 1034 2879 1091 Deum
2902 1034 3118 1090 Patrem
3148 1035 3357 1090 Domini
3386 1045 3443 1090 et
3464 1035 3786 1107 Redemptoris

2253 1125 2425 1180 nostri
2452 1123 2580 1181 Jesu
2609 1123 2812 1179 Christi
2841 1141 2940 1195 pro
2963 1125 3117 1194 aquis
3145 1124 3474 1192 ﬂuvialibus,
3501 1135 3560 1180 ut
3582 1141 3787 1182 crescant

2252 1217 2320 1271 ad
2355 1232 2665 1272 mensuram
2693 1231 2870 1281 suam,
2900 1227 2956 1270 et
2981 1216 3196 1271 divitias
3221 1219 3415 1287 gratiae
3441 1217 3686 1288 largiatur
3712 1219 3786 1274 Do-

2254 1309 2437 1364 minus
2466 1308 2609 1363 Deus
2640 1317 2841 1363 noster.

2322 1403 2585 1459 Diaconus
2614 1404 2739 1459 dicit
2765 1420 2784 1458 :
2811 1403 2974 1460 Orate
3000 1420 3099 1475 pro
3123 1404 3277 1474 aquis
3308 1403 3620 1458 fluentibus.

2325 1493 2582 1549 Sacerdos
2608 1505 2782 1548 autem
2813 1494 2936 1548 dicit
2961 1509 2979 1546 :
3009 1495 3254 1561 Domine,
3280 1494 3424 1550 Deus
3456 1505 3631 1548 noster
3656 1497 3790 1549 omni-

2253 1595 2469 1657 potens,
2506 1602 2757 1657 rogamus
2787 1595 2837 1642 te
2856 1627 2872 1652 ,
2900 1596 2954 1642 et
2983 1602 3310 1658 quassamus,
3353 1584 3554 1642 ﬂuenta
3581 1601 3790 1656 aquarum

2254 1692 2388 1748 auge
2415 1693 2585 1747 usque
2629 1678 2697 1732 ad
2739 1692 3046 1734 mensuram
3072 1694 3282 1742 eorum,
3325 1676 3413 1732 fac
3444 1676 3615 1732 iactam
3646 1678 3792 1732 faciem

565 1782 752 1839 omnia
778 1781 928 1851 capis
949 1820 964 1842 ,
1000 1791 1252 1850 rogamus
1280 1784 1332 1830 te
1355 1815 1370 1840 ,
1403 1783 1458 1830 et
1484 1785 1813 1843 quaesumus,
1846 1784 2031 1826 eorum
2059 1769 2150 1839 qui
2185 1763 2227 1822 Β
2259 1778 2436 1834 terrae,
2465 1768 2644 1825 imbue
2672 1769 2852 1825 sulcos
2880 1770 3022 1841 ejus,
3055 1769 3352 1841 multiplica
3396 1778 3634 1840 segetes,
3659 1780 3704 1823 et
3724 1770 3791 1824 be-

571 1873 798 1944 profecli
830 1880 952 1926 sunt
979 1881 1205 1939 peregre
1229 1865 1457 1920 fratrum
1489 1872 1800 1918 nostrorum
1826 1900 1840 1925 ,
1880 1869 2150 1914 eteorum

566 1965 661 2035 qui
687 1961 978 2034 profecturi
1007 1968 1134 2016 sunt
1159 1999 1173 2022 ,
1215 1957 1388 2027 dirige
1417 1969 1660 2026 gressum
1679 1993 1695 2019 ,
1730 1960 1788 2008 et
1813 1967 1935 2006 cum
1965 1951 2046 2006 eis
2076 1950 2153 2004 sis

573 2065 636 2109 ut
662 2061 1026 2124 assequantur
1055 2051 1199 2119 quod
1228 2054 1437 2118 optant.
1466 2046 1586 2102 Cito
1609 2044 1846 2099 inveniat
1867 2058 1966 2098 nos
1993 2041 2154 2097 mise-

570 2145 806 2202 ricordia
838 2154 948 2208 tua,
980 2157 1013 2197 ο
1043 2139 1290 2195 Domine.

645 2237 910 2290 Diacouus
942 2233 1109 2286 dicit:
1142 2230 1396 2285 Dicamus
1422 2243 1612 2283 omnes
1646 2241 1745 2282 nos
1777 2245 1789 2278 :

642 2329 754 2384 Duc
777 2343 871 2382 eos
899 2326 962 2380 ad
993 2334 1205 2396 portum
1238 2320 1562 2387 salutarem,
1595 2318 1750 2385 oll‘er,
1778 2325 1834 2374 et
1867 2315 2031 2372 redde
2060 2330 2156 2371 eos

572 2434 760 2475 eorum
814 2414 1233 2486 consanguineis
1285 2429 1406 2469 cum
1469 2414 1654 2468 Iustitia
1706 2422 1762 2468 et
1805 2411 2041 2482 gaudio,
2097 2417 2159 2463 ut

569 2511 862 2574 lmtentur,
912 2517 966 2562 et
1014 2503 1184 2560 laetari
1238 2503 1480 2570 faciant,
1542 2519 1638 2574 per
1685 2502 1905 2558 unicum
1961 2500 2157 2556 Filium

573 2613 724 2656 tutnn
751 2641 768 2667 ,
803 2616 925 2656 cum
957 2614 1066 2670 quo
1094 2601 1187 2654 tibi
1209 2611 1270 2656 et
1300 2597 1529 2668 Spiritui
1575 2604 1763 2650 saneto
1797 2604 1880 2648 est
1907 2593 2076 2663 gloria
2106 2599 2161 2646 et

569 2703 812 2763 potestas
842 2706 1006 2758 nunc,
1035 2700 1092 2746 et
1123 2705 1339 2762 semper
1360 2729 1376 2756 ,
1418 2696 1470 2743 et
1501 2687 1556 2742 in
1585 2685 1780 2742 saecula
1811 2683 2156 2740 saeculorum.

573 2784 766 2837 Amen.

645 2877 906 2934 Sacerdos
927 2888 1106 2948 postea
1138 2878 1379 2932 hortatur
1404 2891 1583 2930 omnes
1615 2883 1669 2929 ut
1695 2882 1842 2928 orent
1867 2887 1961 2943 pro
1982 2871 2158 2940 pluvia

580 2971 670 3023 ‘tor:
702 2970 856 3024 modo
875 2982 894 3022 :

643 3059 916 3130 Rogemus
944 3059 1108 3115 etiam
1137 3057 1562 3126 omnipotentem
1589 3055 1781 3119 Deum,
1811 3053 2023 3107 Patrem
2048 3051 2156 3106 Do-

574 3153 733 3216 mini,
763 3164 817 3207 et
845 3151 1226 3220 Redemptoris
1246 3149 1417 3204 nostri
1442 3147 1570 3203 Jesu
1601 3147 1802 3202 Christi
1833 3161 1929 3214 pro
1956 3144 2157 3214 pluvia,

577 3253 632 3296 nt
663 3258 781 3297 eam
822 3244 1000 3297 mittat
1047 3243 1174 3296 illuc
1215 3240 1304 3295 ubi
1347 3255 1486 3310 opus
1517 3249 1621 3305 est,
1659 3239 1753 3308 qui
1788 3238 1971 3292 omnia
2016 3235 2161 3307 capit

571 3336 841 3390 Dominus
871 3334 1013 3389 Deus
1035 3343 1238 3388 noster.

645 3427 918 3481 Diaconus
944 3426 1106 3480 dicit:
1143 3425 1327 3480 Orate.

651 3514 912 3569 Sacerdos
939 3524 1113 3568 autem
1144 3514 1291 3567 dicit.

652 3604 896 3667 Domine,
936 3605 1075 3659 Deus
1107 3615 1292 3660 noster
1329 3604 1692 3674 omnipotens,
1724 3615 1978 3673 rogamus
2006 3608 2074 3664 te,
2110 3608 2164 3654 et

493 3745 496 3748 .
580 3714 911 3768 quaesumus,
947 3698 1101 3752 mitte
1142 3696 1376 3766 pluviam
1407 3706 1553 3750 tuam
1578 3695 1653 3750 ad
1682 3694 1796 3748 loca
1831 3694 1919 3748 ubi
1955 3692 2166 3748 deside-

581 3803 761 3855 ratur,
793 3790 960 3845 lsetari
1001 3789 1092 3843 fac
1131 3787 1322 3843 faciem
1370 3797 1559 3852 terras,
1605 3787 1785 3842 imbue
1816 3785 1995 3839 sulcos
2023 3783 2163 3852 ejus,

581 3883 682 3936 duc
715 3896 899 3936 semen
941 3881 1008 3934 ad
1054 3894 1320 3944 messem,
1368 3879 1512 3949 quod
1556 3894 1622 3933 cx
1669 3877 1907 3932 bonitate
1937 3884 2027 3929 tua
2053 3874 2166 3930 cito

577 3974 827 4030 inveniat
856 3989 955 4029 nos
984 3971 1356 4028 misericordia
1384 3982 1497 4036 tua,
1526 3986 1559 4026 ο
1587 3969 1830 4024 Domine.

655 4065 926 4118 Diaconus
952 4063 1079 4117 dicit
1105 4079 1123 4116 :
1161 4062 1416 4116 Dicamus
1449 4074 1638 4116 omnes
1666 4073 1762 4113 nos
1792 4075 1806 4110 :

653 4157 762 4209 Pro
796 4169 1031 4224 paupere
1061 4153 1256 4224 populo
1286 4160 1409 4215 tuo,
1434 4167 1468 4206 o
1496 4149 1723 4206 Domine
1741 4189 1756 4214 ,
1789 4158 1842 4202 et
1870 4163 1968 4217 pro
1994 4147 2166 4202 omni-

584 4250 686 4303 bus
708 4249 797 4318 qui
823 4257 1040 4317 sperant
1069 4246 1121 4299 in
1159 4253 1235 4310 te,
1261 4242 1346 4299 fac
1374 4243 1652 4298 nobiscum
1676 4242 1830 4311 juxta
1868 4239 2170 4294 misericor-

587 4340 731 4393 diam
763 4346 930 4392 tuam.
965 4336 1084 4390 ciba
1109 4350 1204 4390 cor
1225 4342 1471 4388 nostrum
1499 4332 1783 4388 divinitate
1805 4331 2086 4396 doctrinm,
2114 4339 2169 4385 et

586 4427 943 4497 intelligentia
973 4440 1092 4494 qua:
1137 4440 1167 4479 a
1215 4433 1266 4478 te
1289 4432 1419 4487 est,
1466 4439 1562 4494 per
1605 4423 1937 4493 unigenitum
1970 4423 2165 4478 Filium

590 4529 764 4582 tuum,
795 4532 917 4571 cum
950 4532 1056 4586 quo
1091 4515 1184 4570 tibi
1228 4524 1284 4570 et
1329 4525 1521 4570 sancto
1561 4514 1782 4583 Spiritui
1817 4514 1982 4583 gloria
2012 4522 2094 4568 est
2116 4522 2172 4568 et

593 4619 830 4680 potestas
859 4625 998 4664 nunc
1027 4617 1084 4662 et
1108 4620 1345 4677 semper,
1386 4616 1441 4661 et
1487 4605 1540 4661 in
1583 4605 1778 4660 saecula
1827 4604 2169 4659 smculortm.

589 4705 784 4756 Amen.

667 4793 774 4846 Pro
826 4793 1080 4862 fructibus
1116 4800 1314 4853 terra,
1365 4789 1627 4843 sacerdos.
1680 4787 1880 4842 lterum
1922 4800 2174 4857 rogemus

594 4889 1017 4958 omnipotentem
1048 4887 1237 4947 Deum,
1253 4892 1462 4954 patrem
1489 4881 1700 4936 Domini
1721 4891 1777 4936 et
1797 4879 2174 4950 Redemptoris

595 4979 767 5034 nostri
801 4978 925 5036 Jesu
968 4977 1170 5033 Christi
1214 4991 1312 5046 pro
1351 4973 1616 5029 fructibus
1651 4980 1825 5032 terrm.
1859 4980 1918 5026 ut
1958 4986 2051 5025 eos
2077 4985 2170 5023 au-

595 5083 738 5143 geat,
770 5085 825 5130 et
851 5073 1046 5130 uberes
1081 5070 1281 5135 faciat,
1326 5077 1383 5123 et
1427 5067 1642 5122 divitias
1688 5065 1875 5134 gratia:
1914 5061 2173 5132 largiatur

594 5165 854 5219 Dominus
879 5163 1020 5219 Deus
1047 5169 1252 5217 noster.
1606 5170 1620 5179 λ

665 5255 935 5310 Diaconus
959 5254 1124 5308 dicit:
1155 5251 1321 5308 Orate
1344 5263 1443 5320 pro
1471 5245 1736 5301 fructibus
1763 5253 1940 5297 terra).

2187 3113 2235 3176 C

2258 1859 2414 1916 nedic
2456 1858 2661 1914 circulo
2703 1860 2830 1914 anni
2874 1860 3207 1930 benignitate
3250 1876 3370 1930 quae
3415 1876 3448 1915 a
3501 1872 3554 1917 te
3578 1848 3668 1917 est.
3706 1862 3794 1916 Cito

2257 1950 2497 2007 inveniat
2526 1966 2624 2006 nos
2651 1952 3020 2008 misericordia
3055 1963 3166 2017 tua,
3197 1969 3230 2009 ο
3257 1955 3506 2009 Domine.

2325 2042 2594 2098 Diaconus
2615 2042 2780 2098 dicit:
2823 2045 3073 2100 Dicamus
3098 2061 3288 2102 omnes
3323 2062 3426 2102 nos
3454 2065 3466 2099 :

2329 2132 2409 2188 Ob
2425 2148 2722 2206 pauperem
2751 2135 3004 2205 populum
3031 2145 3204 2202 tuum,
3223 2154 3255 2192 υ
3280 2137 3530 2203 Domine,
3551 2145 3603 2191 et
3626 2147 3793 2208 propter

2255 2242 2468 2292 omnes,
2497 2227 2588 2297 qui
2620 2227 2871 2283 invocant
2900 2239 3146 2284 sanctum
3175 2245 3375 2285 nomen
3406 2237 3577 2295 tuum,
3606 2245 3688 2300 per
3708 2231 3795 2284 uni-

2258 2333 2380 2373 cum
2414 2318 2610 2372 Filium
2641 2317 2814 2384 tuum,
2844 2334 2966 2374 cum
2994 2334 3102 2389 quo
3134 2320 3253 2383 tibi,
3279 2329 3336 2374 et
3367 2321 3591 2391 Spiritui
3623 2332 3792 2385 sancto,

2258 2415 2342 2463 est
2371 2407 2541 2479 gloria
2567 2416 2622 2462 et
2650 2416 2912 2478 potestas,
2946 2425 3108 2474 nunc,
3140 2419 3193 2464 et
3222 2423 3465 2481 semper,
3491 2418 3544 2465 et
3572 2410 3620 2464 in
3645 2409 3791 2464 saeui:

2261 2497 2604 2554 saeculorum.
2637 2497 2834 2553 Amen.

2920 2588 3029 2644 Pro
3065 2607 3212 2660 pace.

2332 2678 2634 2735 Sacerdos:
2681 2679 2952 2751 Rogemus
2997 2681 3159 2736 etiam
3205 2683 3630 2752 omnipotentem
3668 2681 3792 2735 Deum

2259 2770 2475 2826 Patrem
2508 2771 2719 2826 Domini
2758 2780 2813 2827 et
2855 2773 3231 2845 Redemptoris
3256 2784 3432 2829 nostrt
3462 2772 3584 2828 Jesu
3608 2772 3790 2828 Christi.

2259 2877 2360 2934 pro
2388 2878 2522 2934 pace
2549 2873 2751 2919 sancta:
2787 2873 2841 2918 et
2870 2865 3043 2920 unicae
3083 2864 3336 2922 Ecclesia:
3364 2864 3686 2935 apostolicae,
3709 2877 3793 2932 qua

2261 2963 2344 3008 est
2371 2968 2534 3024 super
2562 2968 2753 3009 omnes
2785 2954 3075 3010 Ecclesias.

2334 3043 2602 3099 Diaconus
2626 3061 2645 3099 :
2693 3043 2858 3100 Orate
2897 3061 2995 3116 pro
3038 3047 3140 3102 hac
3169 3045 3410 3103 Ecclesia
3445 3054 3623 3104 sancta
3649 3045 3788 3110 unica,

2267 3149 2386 3206 quae
2413 3145 2500 3190 est
2524 3137 2869 3208 congregatio
2893 3152 2990 3206 per
3018 3138 3290 3209 apostolos
3323 3147 3474 3194 recta
3520 3138 3570 3193 in
3600 3136 3788 3190 Domino.

2343 3223 2605 3280 Sacerdos
2628 3241 2647 3280 :
2686 3226 2960 3297 Rogamus
2987 3235 3040 3280 et
3068 3227 3305 3298 petimus
3332 3244 3363 3282 a
3393 3229 3624 3282 bonitate
3647 3235 3744 3286 tua,
3767 3240 3790 3275 ο

2266 3325 2479 3371 amator
2525 3317 2743 3371 humani
2795 3317 3046 3388 generis,
3097 3319 3386 3374 recordare
3437 3318 3648 3374 Domine
3685 3315 3789 3384 pacis

2265 3409 2520 3464 Ecclesiae
2561 3418 2798 3476 sanetze,
2828 3410 2998 3464 unicae
3034 3411 3472 3482 congregationis
3513 3407 3788 3480 apostolica,

2265 3518 2387 3573 quae
2413 3502 2514 3558 fuit
2539 3502 2606 3558 ab
2631 3503 2872 3576 origine,
2918 3513 2973 3558 et
2999 3505 3104 3560 erit
3129 3519 3299 3575 usque
3340 3505 3395 3559 in
3441 3504 3597 3558 finem
3634 3499 3786 3556 seculi.

2267 3592 2525 3658 Benedic,
2556 3594 2803 3658 Domine,
2829 3609 2927 3664 per
2951 3610 3069 3648 eam
3100 3595 3245 3649 omni
3268 3593 3470 3664 populo
3497 3601 3549 3648 et
3576 3591 3699 3646 omni
3720 3588 3786 3640 ali-

2268 3694 2469 3739 mento.
2497 3683 2690 3738 Pacem
2718 3699 2838 3753 qua:
2867 3685 2932 3740 de
2957 3685 3107 3740 cmlis
3136 3693 3252 3751 est,
3293 3684 3448 3740 mitte
3474 3697 3624 3753 super
3647 3680 3788 3735 unius-

2267 3773 2528 3845 cujusque
2573 3775 2744 3830 nostri
2793 3774 3048 3841 animam,
3087 3785 3141 3830 et
3173 3790 3360 3845 pacem
3407 3768 3787 3828 vitaanostrteda

2269 3867 2444 3921 nobis.
2495 3865 2785 3929 Eamdem,
2838 3864 3096 3930 Domine,
3138 3865 3335 3936 largire
3387 3865 3500 3933 regi
3531 3870 3692 3918 nostro
3715 3855 3786 3919 Νι,

2269 3956 2628 4028 principibus,
2653 3970 2718 4009 ac
2737 3954 3012 4024 judicibus
3037 3962 3092 4010 et
3124 3954 3354 4009 subditis
3373 3953 3522 4022 ejus,
3547 3961 3598 4007 et
3618 3961 3789 4018 congre-

2269 4046 2470 4119 gationi
2502 4046 2799 4100 vicinorum
2839 4057 3170 4110 nostrorum,
3201 4054 3312 4100 tam
3340 4058 3528 4099 eorum
3555 4042 3637 4113 qui
3677 4045 3787 4093 extra

2270 4134 2568 4190 Ecclesiam
2592 4143 2738 4199 sunt,
2767 4150 2928 4204 quam
2960 4149 3144 4189 eorum
3172 4134 3265 4204 qui
3302 4134 3355 4188 in
3385 4148 3447 4189 ea
3473 4131 3785 4188 continentur;

2269 4235 2324 4281 et
2353 4241 2483 4281 orna
2513 4241 2607 4281 eos
2637 4227 2781 4281 omni
2811 4239 3006 4296 genere
3026 4225 3193 4296 pacis.
3227 4225 3340 4280 Rex
3369 4225 3537 4296 pacis,
3562 4235 3717 4293 pacem
3740 4217 3784 4269 dat

2272 4315 2448 4378 nobis,
2478 4315 2601 4384 quia
2637 4314 2818 4369 omnia
2855 4314 3010 4368 nobis
3034 4314 3258 4380 dedisti,
3295 4323 3348 4368 et
3381 4313 3465 4368 fac
3491 4327 3582 4366 nos
3606 4307 3786 4380 peeutia-

2275 4421 2362 4460 res
2392 4405 2505 4470 tibi,
2535 4404 2658 4474 quia
2690 4415 2871 4458 autem
2901 4412 3098 4475 praeter
3125 4415 3198 4470 te,
3230 4404 3368 4458 alius
3395 4412 3477 4458 est
3500 4415 3642 4456 nemo
3666 4407 3784 4465 quem

2274 4511 2687 4567 cognoscamus,
2726 4512 2918 4552 nomen
2951 4505 3099 4550 tuum
3147 4504 3393 4551 sanctum
3436 4493 3726 4564 appellamus
3747 4492 3783 4535 et

2276 4590 2594 4644 invocamus
2612 4628 2626 4653 ,
2657 4599 2717 4642 ut
2741 4587 2886 4642 vivat
2907 4590 3082 4642 anima
3113 4596 3297 4643 nostra
3327 4601 3423 4656 per
3444 4583 3676 4653 Spiritmn
3695 4592 3784 4630 sano

2275 4688 2446 4742 ctum,
2471 4692 2570 4731 nec
2595 4677 2888 4730 invalescat
2913 4692 3057 4731 mors
3085 4677 3288 4748 peccati
3316 4692 3476 4746 super
3495 4689 3586 4729 nos
3611 4665 3783 4725 famulos

2278 4777 2416 4832 tuos,
2444 4775 2499 4822 et
2525 4782 2686 4836 super
2704 4783 2919 4821 omnem
2951 4767 3202 4837 populum
3236 4779 3404 4821 tuum.

2823 4855 2928 4910 Pro
2969 4874 3070 4926 pou
3094 4857 3319 4926 iﬁcibus.

2351 4949 2605 5006 Sacerdos
2646 4967 2665 5004 :
2727 4949 2794 5002 Et
2857 4950 3049 5004 iterum
3119 4965 3369 5020 rogamus
3429 4948 3779 5016 omnipotentem

2280 5045 2468 5106 Deum,
2500 5046 2711 5100 Patrem
2741 5044 2985 5109 Domini,
3029 5044 3156 5111 Dei,
3186 5052 3239 5098 et
3279 5031 3631 5113 Redemptdiis
3655 5031 3777 5089 nostri

2277 5137 2400 5194 Iesu
2428 5138 2649 5195 Christi.

2355 5231 2616 5286 Diaconus
2641 5231 2800 5285 dicit:
2825 5230 2985 5286 Orate
3009 5245 3107 5300 pro
3134 5229 3370 5300 principe
3399 5235 3570 5282 nostro
3593 5216 3777 5293 principe
