3924 6318
107 366 202 426 951

1065 369 1252 427 ORDO
1289 367 1603 424 BAPTISMI
1644 367 2018 425 SECUNDUM
2060 367 2444 426 ETHIOPES.

3271 375 3378 430 942

178 483 440 538 Sacerdos
464 500 482 537 :
525 482 794 555 Rogamus
834 489 888 538 et
915 482 1206 552 quaerimus
1244 497 1273 536 a
1307 481 1545 536 bonitate
1576 490 1688 544 tua,
1723 494 1766 548 Α
1799 479 1922 532 ritui
1951 487 2139 534 sancto
2161 487 2242 534 est
2279 487 2538 548 potestas,
2572 484 2625 532 et
2651 476 2839 548 gloria,
2873 493 3016 535 nunc
3046 487 3099 535 et
3130 496 3378 553 semper,

103 593 139 630 ο
168 584 383 630 amator
407 575 628 630 humani
667 576 906 647 generis,
953 576 1244 631 recordare
1281 574 1484 631 domini
1515 571 1695 626 Patris

105 665 279 720 nostri
307 665 623 729 venerandi,
657 665 914 735 principis
958 663 1484 733 archiepiscoporum
1507 672 1562 717 et
1581 661 1695 730 epi-

106 769 395 824 scoporum
423 755 602 810 Patris
632 754 720 821 DL,
751 763 806 809 et
831 755 1034 809 domini
1061 754 1450 825 archiepiscopi
1487 753 1657 808 nostri
1678 793 1692 816 ,

105 847 288 904 Patris
313 846 403 912 N.,
427 847 778 902 custodiendo
800 845 1008 900 custodi
1035 860 1134 915 pro
1154 845 1311 900 nobis
1334 844 1515 899 multis
1533 843 1695 899 annis

97 949 162 994 et
207 939 368 1012 longo
401 949 639 1010 tempore
665 940 716 993 in
742 938 948 1007 iustitia
979 946 1035 992 et
1063 941 1228 1007 pace',
1271 949 1462 990 omnes
1500 943 1555 990 et
1582 933 1695 1004 epi-

103 1047 304 1102 scopos
331 1041 386 1085 et
409 1032 742 1096 sacerdotes,
761 1040 821 1085 et
845 1031 1102 1086 diaconos
1126 1039 1289 1086 rectae
1323 1029 1468 1095 fidei,
1501 1037 1557 1083 et
1579 1042 1697 1083 om-

105 1140 232 1179 nem
261 1125 549 1196 imaginem
581 1134 783 1180 sancta:
810 1125 982 1180 unicae
1021 1124 1278 1180 Ecclesia:
1309 1123 1546 1189 Christi,
1574 1136 1696 1193 quae

103 1223 192 1268 est
233 1214 576 1285 congregatio
604 1214 929 1284 apostolica,
954 1223 1022 1269 ut
1065 1214 1358 1284 fungantur
1391 1213 1695 1269 sanctiﬁca-

104 1305 258 1360 tione
303 1320 464 1375 qnam
507 1305 791 1360 credidisti
840 1305 920 1360 eis
963 1305 1018 1360 in
1068 1305 1326 1377 dignitate
1373 1302 1692 1369 sacerdotii,

97 1392 256 1462 juxta
286 1393 613 1449 voluntatem
642 1403 789 1449 tuam
817 1404 1060 1449 sanctam
1088 1410 1152 1449 ac
1177 1395 1410 1460 beatam,
1439 1402 1493 1448 et
1517 1402 1577 1447 ut
1599 1391 1695 1447 ab-

105 1484 324 1541 solvant
363 1487 415 1541 in
453 1485 665 1554 justitia
695 1495 750 1542 et
793 1485 1072 1556 aequitate,
1101 1493 1157 1539 et
1183 1492 1407 1554 pascant
1437 1481 1692 1554 populum

105 1592 262 1636 tuum
289 1581 341 1636 in
368 1583 615 1638 veritate.
639 1583 950 1638 Orationem
976 1597 1136 1652 quam
1163 1581 1368 1636 faciunt
1390 1596 1490 1651 pro
1514 1580 1690 1645 nobis,

97 1678 161 1725 et
187 1685 284 1740 pro
311 1671 458 1726 omni
500 1671 695 1742 populo
725 1679 846 1736 tuo,
882 1671 993 1742 ipse
1026 1672 1239 1742 suscipe
1270 1671 1322 1726 in
1369 1669 1692 1725 sacrificium

103 1762 185 1815 tui
210 1761 485 1816 excelsum
511 1777 633 1816 cum
663 1762 826 1817 odore
861 1761 1001 1816 bono
1029 1761 1332 1815 suavitatis.
1365 1759 1567 1815 Omnes
1593 1757 1694 1813 ho-

1796 578 1849 624 et
1880 570 1932 623 in
1958 569 2150 623 saecula
2180 569 2522 624 saeculorum.
2547 570 2742 625 Amen.

1844 661 1951 714 Pro
1977 661 2146 731 parvis
2167 671 2259 715 aut
2287 662 2432 716 novis
2452 660 2789 728 Christianis,
2810 679 2902 718 seu
2926 665 3328 720 catecltumenic.
3359 685 3362 688 ’

1866 749 2168 806 Sacerdos:
2217 749 2486 822 Rogemus
2530 753 2692 807 etiam
2741 753 3165 824 onmipotentem
3217 756 3386 810 Deum

1791 840 2012 896 Patrem
2035 840 2277 907 Domini,
2309 851 2364 896 et
2395 843 2772 912 Redemptoris
2799 843 2968 898 nostri
2988 843 3121 899 Jesu
3147 844 3382 907 Christi,

1793 945 1894 1001 pro
1940 931 2163 986 famulis
2208 932 2429 988 novitiis
2467 931 2819 998 Christianis,
2853 933 3282 1004 utintpartiatur
3301 936 3385 990 eis

1796 1030 2040 1092 tempore
2067 1023 2261 1078 idoneo
2281 1023 2609 1079 ablutionem
2635 1025 3080 1094 regenerationis,
3109 1027 3387 1082 remissio-

1795 1131 1917 1172 nem
1946 1125 2292 1188 peccatorum
2313 1158 2328 1183 ,
2370 1117 2497 1188 quia
2541 1119 2724 1173 omnia
2759 1121 2904 1190 capit
2951 1121 3208 1177 Dominus
3241 1121 3387 1178 Deus

1795 1219 2002 1266 noster.

1868 1303 2138 1358 Diaconus
2163 1304 2294 1358 dicit
2318 1319 2336 1358 :
2361 1303 2527 1360 Orate
2541 1319 2651 1374 pro
2682 1305 2834 1360 novis
2852 1305 3206 1361 Christianis.

1866 1390 2126 1447 Sacerdos
2149 1407 2168 1444 :
2198 1393 2454 1457 Domine,
2500 1394 2642 1448 Deus
2667 1404 2850 1449 noster
2882 1396 3223 1466 omnipotens
3242 1437 3259 1464 ,
3293 1405 3382 1452 ro-

1795 1498 1985 1555 gamus
2025 1491 2104 1547 te,
2140 1492 2195 1538 et
2235 1498 2579 1554 quaesumus,
2629 1482 2956 1540 famulorum
2990 1495 3238 1551 tuorum,
3289 1489 3381 1556 qui

1796 1573 2032 1628 nondum
2055 1573 2226 1627 adulti
2250 1581 2376 1627 sunt
2401 1571 2719 1637 Christiani,
2763 1572 3053 1638 miserere,
3085 1589 3275 1630 omnes
3304 1591 3389 1629 re-

1795 1663 1992 1734 liquias
2022 1663 2338 1719 idololatria
2373 1664 2440 1718 ab
2467 1663 2546 1719 eis
2590 1679 2748 1729 arce,
2790 1663 2962 1735 legem
3013 1674 3190 1733 tuam,
3233 1681 3391 1720 man-

1796 1755 1955 1818 data,
2007 1763 2064 1809 et
2093 1753 2384 1824 justitiam,
2435 1761 2490 1809 et
2538 1755 2960 1811 constitutiones
3008 1765 3127 1810 tuas
3171 1756 3390 1826 impone

101 1861 220 1906 stes
253 1860 307 1905 et
334 1851 582 1906 inimicos
609 1866 795 1905 eorum
820 1865 947 1906 arce
974 1858 1030 1905 et
1062 1849 1340 1920 confringe
1371 1849 1471 1904 sub
1499 1862 1686 1903 eorum
1720 1847 1764 1907 Β
1793 1847 2046 1902 cordibus
2071 1861 2280 1912 eorum,
2319 1855 2378 1901 et
2421 1847 2475 1902 in
2507 1855 2750 1918 tempore
2776 1848 2970 1904 idoneo
2997 1848 3273 1903 ablatione
3301 1859 3393 1902 re-

97 1939 332 2008 pedibus
355 1954 518 2010 quam
549 1941 805 2010 primum,
836 1939 984 2009 ipsos
1011 1949 1189 1992 autem
1221 1937 1426 1992 custodi
1457 1936 1611 1991 nobis
1637 1936 1691 1990 in

89 2031 315 2103 justitia
343 2039 396 2088 et
425 2047 556 2104 pace
587 2032 640 2086 in
667 2031 911 2087 Ecclesia
945 2039 1034 2084 tua
1061 2037 1268 2086 sancta.
1303 2028 1496 2084 Amen.

660 2167 770 2222 Pro
797 2184 913 2239 rege
939 2167 1129 2222 oratio.

179 2281 480 2338 Sacerdos:
509 2279 780 2352 Rogemus
817 2279 982 2334 etiam
1027 2276 1454 2348 omnipotentem
1485 2274 1654 2328 Deum
1674 2314 1691 2339 ,

95 2372 324 2428 Patrem
350 2370 1017 2441 DominietRedemptoris
1039 2369 1206 2424 nostri
1219 2367 1344 2424 Jesu
1370 2363 1573 2423 Christi
1597 2378 1695 2436 pro

98 2475 350 2522 amatore
375 2463 488 2529 Dei,
515 2479 642 2534 rege
670 2471 857 2518 nostro
885 2461 975 2524 N.,
1009 2470 1068 2515 ut
1097 2476 1320 2531 regnum
1351 2457 1469 2527 ejus
1491 2459 1694 2526 absque

100 2558 395 2612 afflictione
427 2557 478 2610 in
520 2570 652 2625 pace
681 2563 742 2609 et
769 2555 822 2608 in
857 2551 1066 2620 iustitia
1095 2553 1362 2608 custodiat
1387 2551 1480 2621 qui
1511 2549 1690 2604 omnia

98 2649 253 2718 capit
283 2647 544 2702 Dominus
571 2647 711 2702 Deus
739 2653 944 2701 noster.

175 2738 445 2792 Diaconus
472 2737 596 2790 dicit
620 2753 638 2790 :
667 2735 832 2791 Orate
862 2751 958 2806 pro
983 2749 1129 2806 rege.

176 2827 479 2883 Sacerdos:
523 2827 661 2881 Deus
688 2833 891 2892 noster,
922 2826 1012 2895 qui
1035 2825 1214 2880 omnia
1241 2825 1506 2889 contines,
1534 2837 1690 2894 roga-

99 2934 227 2974 mus
253 2925 327 2983 te,
353 2927 408 2972 et
435 2931 763 2987 quaesumus,
798 2916 910 2986 regi
942 2915 1098 2984 hujus
1135 2915 1424 2986 provincias
1459 2913 1692 2969 amatori

85 3018 201 3062 duo
235 3007 348 3078 regi
394 3016 579 3063 nostro
609 3007 898 3062 utilitatem
933 3022 1086 3061 suam
1117 3007 1218 3070 da;
1253 3021 1380 3061 arce
1415 3007 1694 3076 undequa-

102 3113 212 3169 que
243 3098 514 3153 inimicam
545 3099 592 3154 ei
623 3107 869 3170 gentem,
903 3097 1121 3166 loquere
1148 3096 1416 3165 justitiam
1446 3096 1499 3152 in
1530 3095 1693 3151 corde

1797 1939 2171 2009 generationis
2200 1937 2498 2008 impertire,
2544 1938 2920 1994 remissionem
2961 1939 3166 1994 scilicet
3192 1953 3388 2008 pecca-

1801 2039 1976 2084 torum
2001 2045 2215 2097 eorum,
2255 2038 2311 2085 et
2356 2029 2765 2084 tabernaculum
2811 2030 2984 2085 sancti
3033 2030 3267 2100 Spiritus
3295 2043 3389 2086 eos

1799 2120 1904 2187 fac,
1933 2136 2031 2191 per
2055 2121 2274 2176 unicum
2303 2120 2498 2176 Filium
2529 2130 2700 2186 tuum,
2720 2135 2843 2175 cum
2867 2136 2973 2190 quo
2997 2121 3094 2176 tibi
3124 2128 3178 2176 et
3201 2129 3390 2176 sancto

1798 2210 2026 2281 Spiritui
2049 2219 2130 2266 est
2163 2211 2332 2284 gloria
2359 2220 2414 2266 et
2443 2219 2685 2281 potestas
2712 2227 2854 2266 nunc
2893 2221 2947 2266 et
2974 2227 3221 2283 semper,
3253 2220 3305 2268 et
3335 2213 3388 2267 in

1797 2303 1993 2358 mula
2027 2304 2368 2359 saeculorum.
2398 2302 2591 2358 Amen.

2211 2391 2324 2446 Pro
2355 2393 2691 2462 offerentibus
2724 2407 2958 2448 munera.

1865 2482 2122 2539 Sacerdos
2145 2497 2168 2534 .°
2211 2483 2409 2538 lterum
2451 2499 2700 2554 rogemus
2728 2486 3154 2555 omnipotentem
3184 2486 3385 2552 Deum,

1787 2575 2009 2632 Patrem
2040 2576 2278 2642 Domini,
2314 2575 2429 2641 Dei,
2452 2575 2829 2645 Redemptoris
2855 2576 3193 2642 nostri,.|esu
3225 2576 3379 2633 Chri-

1795 2666 1886 2731 sti,
1910 2681 2011 2735 pro
2030 2666 2096 2721 iis
2120 2665 2537 2737 quiobtulerunt
2561 2679 2784 2720 munera
2805 2674 3026 2733 sanctaz,
3052 2667 3245 2734 auiae,
3268 2671 3389 2736 quae

1793 2769 1878 2813 est
1907 2775 2072 2831 super
2094 2776 2318 2828 omnes,
2357 2759 2643 2826 Ecclesiae,
2673 2761 3000 2817 sacrificium
3037 2761 3244 2817 scilicet
3267 2763 3387 2835 pri-

1796 2849 2091 2917 mitiarum,
2123 2851 2480 2918 decimarum,
2513 2852 2810 2922 gratiarum
2841 2851 3073 2908 actionis
3099 2852 3310 2921 signum
3332 2863 3390 2907 et

1796 2940 2208 2996 monimentum.
2242 2939 2350 2996 Seu
2373 2949 2552 2996 autem
2581 2941 2704 3012 quis
2731 2941 2958 2996 multum
2985 2941 3265 3009 obtulerit,
3291 2956 3388 2998 seu

1781 3036 2008 3099 parum,
2042 3045 2137 3085 seu
2168 3039 2413 3098 secreto,
2445 3046 2538 3086 seu
2584 3029 2763 3100 palam
2787 3071 2801 3094 ,
2851 3045 2947 3086 seu
2979 3031 3168 3087 volens
3189 3039 3246 3086 et
3277 3047 3387 3088 non

1801 3119 2037 3187 habens,
2078 3121 2320 3176 omnium
2355 3120 2714 3192 amplectatur
2739 3121 3068 3177 voluntatem
3096 3124 3191 3194 qui
3221 3115 3388 3179 etule-

97 3189 223 3256 ejus
250 3203 350 3284 pro
376 3198 560 3244 sancta
586 3189 822 3284 [Ecclesia
855 3197 967 3243 tua.
997 3187 1117 3243 Cito
1143 3188 1385 3244 inveniat
1409 3202 1510 3246 nos
1533 3187 1694 3243 mise-
1721 3198 1767 3261 ς
1797 3219 1935 3265 stem
1968 3210 2232 3282 Spiritum
2263 3187 2462 3279 dom";
2507 3223 2563 3269 ει
2609 3214 2661 3268 in
2702 3229 2809 3284 quo
2835 3215 3076 3270 omnium
3114 3187 3386 3271 bonorum

108 3280 348 3336 ricordia
382 3289 494 3345 tua,
531 3295 564 3333 ο
602 3279 847 3336 Domine.

174 3372 448 3428 Diaconus
470 3374 638 3428 dicit:
674 3373 928 3428 Dicamus
953 3387 1145 3429 omnes
1173 3389 1309 3429 nos:

175 3465 256 3520 Da
297 3464 381 3529 ei,
427 3463 629 3533 absque
675 3479 862 3519 errore
909 3478 1231 3518 conservare
1281 3464 1692 3536 intelligentiam

93 3557 234 3613 ﬁdei
267 3557 323 3610 in
351 3557 610 3611 honorem
641 3554 942 3609 divinitatis
972 3563 1095 3618 tme,
1120 3568 1217 3624 per
1242 3553 1460 3608 unicqu
1496 3553 1692 3607 Filimn

93 3660 260 3702 tuum
281 3687 297 3712 ,
325 3662 447 3701 cum
479 3660 586 3716 quo
617 3646 714 3700 tibi
755 3654 813 3700 et
854 3644 1080 3714 Spiritui
1114 3654 1306 3699 sancto
1333 3652 1416 3698 est
1441 3643 1610 3713 gloria
1640 3652 1698 3698 et

97 3747 372 3808 potestas,
402 3752 566 3804 nunc,
595 3746 650 3794 et
674 3752 920 3808 semper,
962 3745 1016 3792 et
1045 3737 1101 3791 in
1127 3733 1322 3792 secula
1350 3735 1690 3792 satculorum.

97 3834 302 3887 Amen.

377 3922 486 3978 Pro
510 3925 908 3996 congregatione
929 3924 1010 3978 sui
1039 3925 1293 3994 cujusque
1317 3923 1439 3977 loci.

179 4035 481 4092 Sacerdos:
517 4035 718 4090 lterum
769 4051 1020 4104 rogemus
1061 4035 1484 4104 omnipotentem
1524 4033 1692 4088 Demn

97 4128 326 4183 Patrem
377 4127 606 4190 Domini,
635 4126 772 4192 Dei,
819 4135 874 4180 et
918 4125 1296 4195 Redemptoris
1349 4124 1519 4180 nostri
1566 4122 1694 4178 Jesu

89 4217 337 4272 Christi.

182 4306 453 4361 Diacomts
482 4307 604 4361 dicit
621 4328 645 4361 -;
682 4307 845 4362 Orate
873 4321 969 4376 pro
1001 4305 1239 4360 Ecclesia
1263 4312 1473 4370 sancta,
1497 4312 1551 4358 et
1569 4319 1695 4358 con-

99 4399 428 4471 gregatione
457 4407 658 4464 nostra,
691 4415 810 4470 qnte
839 4399 892 4453 in
920 4414 982 4453 ea
1013 4407 1115 4453 est.

183 4487 487 4544 Sacerdos:
523 4489 854 4556 Quaerimus,
893 4499 946 4544 et
976 4488 1215 4559 petimus
1239 4501 1270 4541 a
1299 4486 1539 4541 bonitate
1567 4495 1654 4542 tua
1677 4527 1691 4550 ,

94 4595 140 4635 ο
187 4587 400 4632 amator
443 4579 659 4634 humani
697 4579 929 4649 generis,
962 4588 1254 4643 memento,
1287 4577 1530 4639 Domine,
1563 4591 1692 4631 con-

98 4671 445 4742 gregationis
493 4681 717 4735 nostrae,
765 4681 820 4726 et
845 4670 1075 4726 benedic
1099 4671 1170 4726 ei.
1201 4669 1314 4725 Fac
1335 4684 1464 4733 eos,
1498 4677 1555 4723 ut
1583 4667 1693 4724 sint

99 4763 207 4816 tibi
239 4761 359 4816 sine
386 4760 666 4826 divisione,
695 4769 750 4815 et
769 4761 887 4815 sine
907 4761 1037 4826 otio,
1063 4769 1119 4815 et
1137 4759 1340 4814 faciant
1362 4758 1689 4814 voluntatem

101 4862 266 4906 tuam
295 4861 538 4907 sanctam
567 4868 631 4908 ac
655 4853 886 4908 beatam.
911 4852 1018 4908 Fac
1041 4867 1137 4908 eos
1160 4853 1376 4908 domum
1404 4853 1690 4918 orationis,

99 4946 335 4998 domum
358 4943 704 5009 sinceritatis,
729 4954 782 4999 et
802 4945 1018 4999 dommn
1044 4944 1388 4999 abundantia:
1409 4952 1462 4999 et
1483 4945 1688 5015 gratim,

95 5031 442 5104 gratiﬁcare,
473 5033 718 5099 Domine,
754 5033 858 5088 hoc
905 5034 1059 5088 nobis
1102 5033 1272 5088 servis
1313 5034 1452 5100 tuis,
1482 5044 1537 5089 et
1575 5043 1696 5104 post

99 5138 212 5177 nos
245 5122 521 5187 venturis,
556 5125 606 5177 in
635 5123 910 5178 saeculum.
941 5123 1216 5198 Exsurge,
1248 5124 1474 5180 Domine
1498 5165 1514 5190 ,
1553 5128 1694 5182 Dens

98 5222 338 5280 noster,
367 5224 422 5267 et
451 5214 781 5283 dissipentur
809 5197 1012 5269 inimici
1046 5215 1144 5281 tui,
1177 5222 1229 5270 et
1259 5215 1469 5287 fugiant
1495 5231 1524 5270 a
1553 5215 1695 5271 facie

99 5315 204 5358 tua
238 5319 428 5360 omnes
455 5305 544 5376 qui
573 5307 805 5360 oderunt
833 5315 1078 5361 sanctum
1124 5318 1179 5362 et
1221 5307 1563 5362 benedictum
1600 5322 1695 5362 no-

97 5412 237 5452 men
273 5406 442 5450 tuum.
472 5397 660 5468 Populi
691 5407 870 5452 autem
905 5398 980 5452 tui
1008 5399 1112 5454 sint
1145 5399 1408 5454 benedicti
1434 5416 1555 5454 cum
1579 5398 1696 5453 infl-

97 5489 226 5544 rtita
276 5489 645 5545 benedictione
699 5490 1044 5560 angelorum,
1093 5477 1182 5558 qui
1235 5491 1439 5544 faciunt
1483 5507 1697 5546 omnem

97 5578 448 5632 voluntatem
481 5588 648 5645 tuam,
681 5594 777 5650 per
799 5580 1450 5650 gratiam,benignitatem
1473 5589 1528 5634 et
1554 5596 1699 5635 amo-

105 5683 236 5723 rem
263 5683 389 5738 erga
421 5669 665 5725 homines
693 5670 784 5724 lilli
821 5673 894 5725 tui
931 5671 1191 5741 unigeniti
1223 5669 1430 5725 Domini
1453 5713 1467 5737 ,
1506 5671 1621 5737 Dei,
1651 5683 1704 5725 et

94 5759 493 5828 Redemptoris
523 5761 691 5816 nostri
715 5759 849 5817 Jesu
869 5762 1091 5829 Christi,
1115 5778 1237 5818 cum
1264 5779 1369 5831 quo
1395 5763 1486 5818 tibi
1513 5773 1565 5818 et
1590 5763 1705 5833 Spi-

1797 3316 2021 3371 operum
2049 3312 2131 3358 est
2149 3313 2396 3374 potestas
2426 3305 2684 3360 Dominus
2711 3305 2853 3361 Deus
2879 3315 3084 3362 noster.

1868 3392 2136 3449 Diaconus
2165 3396 2289 3450 dicit
2333 3395 2541 3452 :Orate
2576 3411 2678 3467 pro
2708 3397 2773 3454 iis
2811 3399 2902 3468 qui
2932 3398 3245 3454 obtulerunt
3271 3414 3390 3454 mu—

1797 3499 1952 3538 nera.

1871 3572 2131 3628 Sacerdos
2152 3592 2170 3628 ε
2205 3575 2452 3641 Domine,
2486 3577 2626 3632 Deus
2650 3579 3014 3646 omnipotens,
3040 3595 3292 3650 rogamus
3313 3597 3384 3645 te,

1797 3669 1852 3715 et
1895 3677 2205 3732 qumsumus
2247 3679 2348 3734 pro
2393 3665 2479 3729 iis,
2512 3666 2603 3735 qui
2643 3667 2960 3721 obtulerunt
2985 3669 3124 3723 dona
3153 3677 3385 3732 sanctte.

1798 3753 1994 3819 unicae,
2025 3769 2145 3823 qua:
2173 3769 2337 3825 super
2363 3770 2554 3811 omnes
2596 3765 2699 3822 est,
2728 3757 3003 3823 Ecclesim,
3031 3775 3126 3814 seu
3157 3759 3390 3814 multum

1796 3844 2113 3912 obtulerint,
2146 3861 2239 3902 seu
2265 3861 2475 3917 parum,
2508 3849 2621 3902 sive
2645 3859 2874 3914 secreto,
2909 3852 3023 3905 sive
3045 3851 3248 3921 palam,
3274 3853 3388 3906 sive

1797 3938 2064 4005 volentes,
2091 3948 2283 3994 etnon
2329 3940 2610 4006 habentes,
2649 3942 2889 3996 omnium
2933 3942 3264 3998 voluntatem
3292 3959 3387 3998 ac-

1798 4039 2039 4099 ceptans,
2071 4029 2138 4084 da
2168 4031 2460 4102 unicuique
2487 4048 2708 4099 eorum,
2754 4049 2851 4104 pro
2879 4036 3135 4106 praemio,
3167 4037 3390 4092 benedi-

1793 4123 2056 4189 ctionem,
2090 4139 2186 4194 per
2221 4125 2439 4179 unicum
2468 4124 2663 4180 Filium
2696 4136 2880 4196 tuum,
2914 4145 3036 4184 cum
3063 4145 3172 4200 quo
3202 4130 3298 4187 tibi
3332 4141 3388 4185 et

1796 4224 1986 4269 saneto
2004 4214 2239 4286 Spiritui
2268 4227 2352 4271 est
2373 4216 2540 4288 gloria
2558 4257 2574 4282 ,
2605 4227 2660 4272 et
2684 4229 2926 4289 potestas
2955 4239 3099 4279 nunc
3119 4264 3134 4291 ,
3162 4232 3219 4278 et
3247 4237 3391 4280 sem—

1786 4323 1916 4377 per,
1944 4317 1999 4363 et
2029 4308 2079 4361 in
2109 4307 2304 4363 saecula
2337 4309 2680 4364 saeculorum.
2710 4311 2903 4368 Amen.

1981 4393 2096 4448 .Pro
2118 4397 2182 4450 iis
2213 4397 2300 4465 qui
2329 4397 2679 4464 dormierunt,
2707 4400 2814 4454 sive
2838 4418 2932 4471 pro
2957 4405 3196 4458 mortuis.

1871 4485 2130 4541 Sacerdos
2152 4500 2172 4540 :
2202 4488 2475 4558 Rogemus
2505 4504 2721 4559 quoque
2739 4493 3166 4562 omnipotentem
3198 4495 3388 4564 Deum,

1797 4579 2014 4635 Patrem
2064 4582 2313 4646 Domini,
2348 4583 2476 4648 Dei,
2515 4593 2568 4639 et
2613 4584 2992 4658 Redemptoris
3041 4590 3213 4645 nostri
3260 4588 3390 4646 Iesu

1798 4672 2002 4727 Christi
2035 4687 2132 4741 pro
2163 4673 2230 4728 iis
2258 4674 2349 4743 qui
2383 4674 2740 4730 dormierunt.

1871 4764 2094 4819 Domine
2117 4765 2434 4830 viventium,
2463 4767 2572 4820 vita
2601 4776 2956 4836 mortuorum,
2989 4785 3112 4842 spes
3139 4774 3189 4828 ὼ
3207 4789 3392 4844 spera-

1802 4865 2006 4922 torum,
2041 4857 2330 4911 auxiliator
2355 4857 2751 4926 laborantium,
2799 4864 3090 4918 mundator
3131 4870 3387 4934 peccato-

1806 4960 1948 5012 rum,
1979 4947 2070 5015 qni
2108 4957 2334 5002 mortem
2366 4950 2595 5004 otiosam
2626 4949 2825 5019 fecisti,
2848 4961 2904 5007 et
2925 4953 3148 5024 laqueos
3175 4955 3390 5010 Satanae

1805 5036 2172 5092 abscindenda
2201 5037 2426 5092 salutem
2459 5040 2642 5109 generi
2671 5040 2906 5097 humano
2943 5045 3215 5099 contulisti
3245 5061 3260 5098 :
3301 5059 3389 5098 ro-

1805 5143 1996 5198 gamus
2047 5137 2119 5193 le,
2150 5137 2204 5183 et
2235 5144 2586 5197 squarsumus,
2627 5146 2662 5186 ο
2704 5133 3024 5190 immortalis
3054 5137 3192 5205 apud
3225 5150 3386 5204 quem

1801 5228 1886 5274 est
1912 5221 2196 5274 thesaurus
2225 5219 2371 5284 vitte,
2399 5235 2496 5289 pro
2524 5221 2590 5276 iis
2627 5222 2718 5292 qui
2763 5223 3130 5290 dormierunt,
3158 5237 3214 5282 et
3238 5229 3391 5297 quie-

1803 5323 1996 5364 verunt
2025 5312 2076 5364 in
2111 5311 2212 5365 fide
2232 5352 2244 5376 ,
2274 5310 2504 5378 Patres,
2534 5313 2692 5382 primi
2729 5315 3003 5386 principes
3027 5319 3389 5387 archiepisco-

1805 5415 2020 5470 porum,
2043 5399 2456 5472 archiepisc0pi,
2496 5403 2754 5472 episcopi,
2783 5405 3115 5472 sacerdotes,
3151 5408 3386 5474 diaconi,

1805 5491 2182 5560 antagonistte,
2215 5492 2474 5561 virgines,
2512 5495 2785 5560 monachi,
2813 5497 3065 5552 doctores
3091 5497 3386 5570 coniugati,

1798 5580 1980 5635 orbati
2011 5580 2260 5651 conjuge,
2294 5583 2546 5650 infantes,
2576 5585 2760 5655 pupilli
2790 5594 2844 5641 et
2872 5603 2970 5656 pro
2996 5590 3173 5643 anima
3203 5589 3388 5645 famuli

1809 5673 1885 5726 tui
1911 5670 1976 5726 N.
2000 5713 2015 5738 ,
2049 5684 2103 5728 et
2128 5689 2225 5744 pro
2257 5675 2539 5730 animabus
2566 5677 2802 5731 omnium
2849 5695 2984 5750 quos
3030 5682 3144 5752 ipse
3185 5686 3389 5740 vocasti

1811 5765 1876 5820 de
1915 5766 2111 5836 popqu
2150 5765 2294 5836 juste
2339 5777 2393 5823 et
2423 5777 2587 5824 recte.
2623 5768 2915 5836 Quiescere
2945 5773 3029 5831 fac
3055 5789 3240 5832 eorum
3273 5776 3388 5832 ani-
