3924 6318
630 315 734 372 945

1358 312 1655 372 APPEND.
1695 314 1787 370 ΔΙ)
1825 313 1997 371 SEC.
2035 314 2102 371 Χ.
2137 343 2204 356 --
2240 310 2671 372 ΜΟΝΙΙΜΕΝΤΑ
2712 310 2987 367 ιιιτυιιϐ.

3697 326 3765 383 ομ

629 443 746 485 mas
782 429 835 483 in
883 427 1000 484 loco
1048 440 1260 484 amoeno
1304 427 1445 499 apud
1493 444 1687 499 aquam
1735 428 1933 500 quietis
1981 429 2035 483 in
2084 429 2203 485 sinu
2233 437 2281 494 Α
2309 442 2470 500 super
2494 443 2583 484 me
2610 428 2865 483 auxilium
2893 436 3044 483 tuum
3074 426 3142 482 de
3172 428 3327 485 ctelo.
3356 430 3429 485 Da
3448 431 3557 487 mihi
3577 435 3766 505 virtutem,

608 498 866 595 [Abrahae
893 517 1053 574 simul
1085 533 1206 572 cum
1231 498 1383 593 Isaac
1419 527 1473 572 et
1505 518 1694 594 lacub,
1733 498 1812 586 tu,
1840 520 1892 574 in
1923 534 2030 590 quo
2060 527 2210 589 pote-

628 621 743 667 stas
772 611 993 681 quietis,
1018 608 1262 674 Domine,
1293 609 1436 665 Deus
1463 619 1668 666 noster.

600 716 621 757 ι,
695 703 967 758 Diaconus
990 702 1157 756 dicit:
1189 699 1373 758 Orate.

2312 530 2371 575 ut
2395 522 2555 593 digne
2582 521 2774 591 fungar
2810 521 2911 576 hac
2948 535 3141 592 magna
3168 521 3617 593 administratione,
3640 543 3772 600 myste-

2311 611 2393 667 rio
2423 621 2547 680 tuo,
2590 612 2975 668 constitutione
3018 611 3249 668 caelesti.
3287 612 3353 667 Et
3393 613 3571 670 habitet
3603 616 3773 678 Christus

2312 716 2472 772 Super
2496 717 2592 758 eos
2620 702 2711 772 qui
2755 701 3135 773 baptizantur,
3184 716 3280 772 per
3312 705 3778 772 regenerationem,et

598 777 604 811 ’
698 796 997 853 Sacerdos:
1031 797 1255 852 Domine
1277 837 1292 862 ,
1329 796 1472 853 Deus
1515 805 1699 853 noster
1728 800 2091 868 omnipotens,
2125 811 2213 850 ro-
2308 784 2634 860 baptismum
2658 791 2750 862 qui
2778 806 2808 845 a
2835 804 2922 846 me
2943 790 3371 857 administratur,
3394 792 3505 862 quia
3526 809 3776 866 paupersum

627 901 817 957 gamus
850 895 920 948 te,
949 894 1003 941 et
1026 901 1357 955 quaesumus,
1385 886 1596 942 animas
1621 886 1942 942 famulorum
1975 896 2207 952 tuorum,

625 976 716 1047 qui
768 977 1104 1034 dormierunt
1144 986 1200 1031 et
1246 976 1300 1030 in
1347 976 1454 1032 ﬁde
1489 977 1832 1048 quieverunt,
1865 975 2076 1044 suscipe
2104 990 2209 1029 una

624 1084 747 1126 cum
786 1069 966 1124 anima
1015 1067 1201 1123 famuli
1239 1068 1312 1123 tui
1345 1066 1410 1123 N.
1431 1106 1447 1133 ,
1485 1078 1541 1123 et
1574 1067 1814 1123 omnium
1844 1067 2085 1131 animas,
2116 1066 2209 1136 qui

622 1160 713 1216 ltic
734 1160 954 1226 mortui,
979 1166 1073 1214 aut
1096 1156 1402 1214 moribundi
1427 1150 1573 1223 sunt,
1605 1158 1750 1213 nutri
1774 1158 1827 1212 in
1853 1157 1969 1213 loco
1995 1170 2210 1213 amoeno

625 1250 768 1322 apud
794 1266 989 1320 aquam
1016 1249 1214 1322 quietis
1246 1249 1301 1304 in
1343 1248 1463 1304 sinu
1486 1249 1739 1316 Abrahae,
1771 1265 1879 1305 una
1905 1265 2028 1305 cum
2058 1249 2209 1304 lsaac

623 1351 680 1398 et
707 1341 893 1399 Jacob.
923 1342 1072 1397 Dona
1093 1342 1172 1396 eis
1200 1342 1490 1396 transitum
1520 1341 1822 1397 animarum
1850 1356 2069 1397 suarum
2093 1341 2208 1397 sine

616 1440 870 1501 peccato.
913 1430 1171 1501 Spiritum
1220 1430 1613 1486 consolatorem
1656 1440 1713 1486 et
1748 1431 2050 1486 sedatorem
2081 1446 2209 1487 con-

612 1506 932 1593 sanguineis
980 1535 1166 1575 eorum
1198 1519 1369 1575 mitte.
1405 1518 1595 1575 Solare
1623 1534 1746 1585 eos,
1797 1529 1852 1575 et
1894 1520 2046 1576 Imtos
2089 1535 2207 1575 esse

598 1609 707 1673 Jac
750 1611 805 1664 in
852 1610 1086 1674 Christo,
1118 1624 1217 1679 per
1244 1609 1461 1665 unicum
1489 1610 1684 1665 Filium
1714 1618 1899 1678 tuum,
1930 1627 2053 1666 cum
2101 1626 2207 1682 quo

607 1701 716 1757 .tibi
753 1712 809 1757 ct
844 1712 1033 1757 sancto
1079 1701 1337 1773 Spiritui,
1374 1710 1459 1757 est
1483 1703 1652 1772 gloria
1679 1712 1734 1758 et
1764 1711 2005 1774 potestas
2036 1690 2201 1767 nunc,

613 1802 673 1845 et
697 1807 928 1862 semper,
956 1801 1012 1847 et
1043 1793 1093 1846 in
1121 1792 1318 1847 saecula
1352 1792 1694 1847 saaculorum.
1725 1792 1920 1849 Amen.

610 1943 617 1949 ,
690 1884 949 1940 Sacerdos
977 1894 1153 1955 postea
1184 1885 1398 1954 imponit
1430 1901 1617 1940 manus
1648 1903 1800 1957 super
1818 1902 1905 1941 eos
1928 1887 2017 1957 qui
2039 1886 2205 1955 bapti-

616 1976 776 2028 sandi
803 1986 946 2039 sunt,
973 1986 1020 2029 et
1048 1976 1173 2029 dicit
1197 1992 1216 2029 :

688 2065 729 2119 F
735 2065 946 2120 amulos
974 2075 1117 2129 tuos,
1147 2064 1237 2137 qui
1270 2065 1592 2128 inserviunt.
1622 2075 1675 2122 et
1699 2068 1978 2124 adhaerent
1998 2068 2203 2125 nomini

602 2170 713 2212 ‘tuo
744 2166 952 2223 sancto,
990 2168 1045 2213 et
1072 2156 1333 2213 inclinant
1357 2159 1534 2228 capita
1560 2175 1655 2215 sua
1688 2170 1815 2217 ante
1842 2169 1894 2216 te
1913 2202 1928 2226 ,
1958 2170 2201 2233 protege,

612 2262 647 2298 ο
678 2246 923 2312 Domine,
951 2257 1005 2302 et
1029 2262 1150 2303 cum
1181 2247 1261 2302 eis
1284 2248 1381 2303 sis.
1412 2247 1619 2317 Adjuva
1665 2264 1759 2305 eos
1794 2250 1847 2305 in
1877 2266 2040 2307 omne
2067 2267 2203 2323 opus

616 2339 841 2394 bonum.
873 2339 1061 2394 Excita
1092 2339 1253 2394 corda
1292 2352 1480 2394 eorum
1527 2340 1596 2395 ab
1644 2340 1790 2396 omni
1832 2355 1998 2411 opere
2028 2341 2200 2406 malo,

616 2431 762 2499 quod
790 2430 846 2485 in
879 2440 1019 2486 terra
1054 2429 1134 2484 fit.
1167 2429 1276 2485 Fac
1304 2445 1399 2486 eos
1426 2430 1606 2496 vivos,
1651 2440 1709 2485 ut
1733 2430 1942 2487 scilicet
1964 2431 2205 2503 cogitent

604 2521 797 2581 nmnia
822 2537 943 2591 qua:
971 2530 1097 2576 sunt
1128 2520 1194 2576 ad
1227 2521 1393 2576 vitam
1422 2562 1438 2588 ,
1477 2530 1532 2576 et
1580 2523 1933 2577 recordentur
1961 2523 2204 2580 omnium

609 2622 1096 2683 operumtuorum,
1118 2628 1152 2668 ο
1173 2612 1418 2677 Domine,
1444 2626 1542 2682 per
1565 2612 1782 2668 unicum
1805 2612 2001 2669 Filium
2018 2622 2199 2681 tuum,

607 2714 670 2759 ut
715 2705 842 2770 tibi,
888 2714 945 2761 et
977 2706 1076 2776 ipsi
1122 2714 1313 2761 sancto
1361 2705 1694 2777 Spirituitsit
1719 2705 1889 2777 gloria
1921 2708 1974 2781 in
2006 2707 2202 2764 saecula

612 2797 955 2853 saeculorum.
985 2799 1178 2854 Amen.

680 2888 872 2945 Postea
901 2890 1023 2945 dicit
1054 2900 1349 2962 sequentem
1384 2892 1671 2947 orationem
1704 2891 2088 2962 suprafontem
2110 2908 2131 2945 :

598 3031 604 3038 .
681 2980 825 3038 Deus
848 2983 1253 3054 prOphetarum,
1284 2983 1508 3039 Domine
1530 2984 1921 3054 apostolorum,
1952 2984 2043 3054 qui
2067 2999 2203 3038 nun-

608 3072 759 3128 tiasti
797 3074 1086 3128 adventum
1116 3072 1315 3130 Christi
1341 3073 1416 3128 tui
1448 3088 1546 3143 per
1569 3089 1631 3130 os
1655 3076 2045 3146 prophetarum
2076 3090 2202 3131 san-

2311 894 2434 951 ego,
2466 881 2557 951 qui
2588 896 2618 935 a
2657 889 2708 935 te
2755 889 2883 952 peto
2933 880 3381 936 misericordiam.
3425 880 3620 938 A-Zditiea
3654 900 3721 941 eos
3742 889 3779 943 in

2311 969 2661 1027 fundamento
2696 965 3059 1042 apostolorum
3089 979 3143 1026 et
3172 970 3533 1042 prophetarum
3551 1013 3563 1036 ,
3599 990 3676 1028 nec
3706 992 3780 1032 am-

2309 1059 2450 1129 plius
2479 1060 2731 1128 destrue,
2764 1062 2857 1117 sed
2888 1060 2974 1117 fac
3000 1076 3095 1116 eos
3131 1060 3346 1131 plantas
3377 1076 3518 1117 veras
3547 1063 3593 1118 in
3614 1064 3783 1122 Ecclesia

2313 1159 2427 1219 tua,
2457 1167 2577 1223 quae
2601 1168 2763 1224 super
2789 1167 2981 1208 omnes
3006 1162 3088 1208 est
3118 1162 3327 1220 sancta,
3365 1169 3477 1225 qua:
3502 1165 3573 1210 est
3596 1161 3784 1227 apostolo-

2312 1260 2453 1311 rum,
2489 1255 2547 1299 ut
2571 1246 2638 1301 ad
2665 1246 2717 1301 id
2755 1261 2812 1302 se
2840 1246 3146 1313 conferant,
3186 1249 3329 1319 quod
3358 1257 3558 1319 praestat
3582 1262 3626 1304 et
3648 1251 3786 1321 gloriﬁ-

2310 1342 2465 1387 cetur
2492 1348 2686 1388 nomen
2716 1341 2866 1389 tuum
2895 1344 3140 1390 sanctum
3173 1336 3227 1390 in
3268 1336 3376 1400 eis,
3410 1338 3540 1406 quod
3565 1337 3608 1391 in
3638 1339 3787 1393 emicet

2310 1421 2362 1476 in
2391 1431 2553 1489 terra,
2586 1432 2713 1478 ante
2734 1421 2894 1478 Omne
2924 1424 3201 1490 sacculum,
3232 1425 3443 1496 plenum
3472 1435 3547 1481 est
3572 1425 3699 1496 gloria
3720 1427 3785 1480 Pa-

2310 1514 2430 1579 tris,
2463 1523 2517 1569 et
2543 1513 2691 1575 Filii.
2723 1526 2776 1570 et
2807 1514 3042 1585 Spiritus
3068 1518 3268 1582 sancti,
3301 1533 3458 1585 nunc,
3487 1528 3534 1573 et
3559 1533 3737 1588 semper,
3754 1529 3788 1572 et

2310 1604 2363 1659 in
2391 1605 2585 1660 szecula
2617 1605 2953 1661 saeculorum.
2979 1606 3174 1663 Amen.

2380 1695 2571 1750 Postea
2597 1697 2723 1751 dicit
2757 1699 3043 1752 orationem
3068 1715 3162 1768 pro
3185 1715 3333 1768 pace.

2234 1807 2281 1867 Β
2382 1786 2448 1840 Et
2476 1788 2763 1842 orationem
2786 1805 2881 1858 pro
2910 1788 3264 1860 pontiﬁcibus.

2378 1874 2448 1931 Et
2477 1879 2765 1932 orationem
2795 1895 2890 1948 pro
2920 1882 3337 1951 congregatione.

2379 1965 2447 2021 Et
2476 1966 2781 2038 Symbolum
2804 1970 3179 2039 apostolorum.

2375 2054 2576 2114 Deinde
2599 2060 2787 2130 accipit
2812 2061 2983 2114 oleum
3016 2077 3118 2115 non
3160 2062 3482 2116 benedictum
3501 2104 3513 2124 ,
3541 2072 3670 2133 atque
3693 2063 3730 2116 id
3748 2073 3797 2116 ta

2303 2154 2361 2208 in
2405 2154 2719 2224 baptismum
2763 2154 3037 2223 infundit;
3083 2172 3395 2226 unaquaque
3439 2158 3538 2211 eice
3573 2162 3618 2209 in
3651 2158 3794 2209 modum

2303 2244 2474 2298 crucis
2499 2243 2843 2314 confundens,
2866 2254 2912 2298 et
2941 2244 3117 2299 dicens
3138 2262 3157 2299 :

2374 2336 2699 2393 Benedictus
2725 2337 2983 2393 Dominus
3015 2337 3155 2393 Deus
3181 2348 3400 2401 noster,
3438 2355 3597 2404 nunc,
3621 2349 3666 2394 et
3686 2351 3798 2406 usque

2307 2429 2363 2485 in
2396 2429 2669 2486 saeculum.

2374 2521 2696 2577 Benedictus
2726 2520 2986 2578 Dominus
3010 2520 3170 2576 Pater
3199 2522 3258 2591 ‘i‘.
3286 2522 3483 2578 Amen.

2373 2612 2698 2670 Benedictus
2729 2613 2897 2668 Filius
2926 2614 3257 2685 unigenitus,
3284 2612 3449 2670 Jesus
3474 2609 3797 2675 Christum»-

2303 2706 2484 2762 minus
2512 2717 2697 2761 noster
2725 2707 2785 2774 ιιι.
2812 2708 3005 2760 Amen.

2373 2797 2695 2853 Benedictus
2725 2795 2957 2867 Spiritus
2984 2805 3208 2852 sanctus
3235 2795 3550 2854 Paracletus
3574 2795 3625 2867 1-.
3646 2794 3781 2848 Arnen.

2373 2888 2574 2943 Deinde
2601 2897 2717 2941 orat
2738 2904 2895 2957 super
2919 2887 3230 2957 baptismum
3249 2888 3353 2942 hoc
3375 2889 3527 2943 modo
3545 2904 3564 2940 :

2374 2981 2519 3035 Deus
2563 2979 2723 3044 eteli,
2754 2980 2896 3034 Deus
2944 2978 3194 3046 luminis,
3243 2980 3395 3036 Deus
3439 2978 3707 3051 angelorum
3741 2972 3798 3041 qui

2289 3078 2544 3141 'pnesunt
2585 3068 2898 3139 iudicibus;
2954 3072 3095 3127 Deus
3144 3070 3465 3141 angelorum
3517 3069 3600 3139 qui
3639 3072 3801 3137 prterunt

597 3173 823 3220 'ctorum
859 3174 1149 3234 antequam
1179 3164 1426 3220 mitteres
1448 3164 1707 3222 Joannem
1737 3167 2078 3237 prophetam,
2108 3161 2274 3238 qui'C
2308 3161 2512 3217 viribus
2556 3175 2772 3232 regum,
2806 3161 3122 3231 populorum
3153 3172 3209 3217 et
3233 3161 3572 3232 principum;
3598 3155 3801 3225 Deusglo-

605 3257 940 3328 praecederet
963 3264 1089 3312 ante
1110 3265 1178 3323 te,
1199 3271 1452 3328 rogamus
1477 3266 1547 3322 te,
1569 3267 1626 3313 et
1650 3274 1980 3328 quaesumus,
2003 3274 2036 3314 ο
2054 3274 2202 3314 ama-

613 3357 701 3402 tor
732 3347 952 3419 humani
991 3348 1205 3420 generis
1247 3364 1346 3419 pro
1380 3349 1596 3406 famulis
1631 3348 1737 3406 tuis
1758 3389 1772 3417 ,
1818 3349 1909 3421 qui
1942 3360 2203 3406 venerunt

610 3442 680 3496 ad
712 3450 785 3508 te,
814 3451 873 3496 ut
908 3442 1082 3497 virtus
1110 3450 1199 3496 tua
1230 3442 1371 3498 adsit
1397 3443 1523 3498 huic
1550 3442 1707 3499 fonti.
1734 3443 2005 3500 Conlirma
2028 3445 2202 3500 fatuu-

603 3533 693 3588 los
715 3543 771 3589 et
799 3532 1031 3589 famulas
1058 3544 1193 3589 tuas.
1229 3531 1341 3590 Fac
1365 3548 1460 3591 eos
1497 3535 1688 3605 dignos
1717 3545 1776 3591 ut
1803 3536 2015 3606 possint
2050 3537 2201 3593 inve-

592 3625 728 3696 “nire
763 3625 1089 3695 baptismum
1119 3634 1289 3691 tuum,
1326 3626 1616 3689 secundant
1661 3626 1869 3681 scilicet
1899 3629 2202 3698 generatio-

591 3728 735 3768 -nem
779 3713 1247 3769 inremissioncm
1297 3701 1677 3784 peccatorum,
1727 3724 1783 3770 et
1828 3731 1979 3786 spem
2021 3728 2197 3783 tuam,

590 3820 727 3874 quae
752 3818 860 3859 non
891 3802 1056 3870 fallit,
1091 3819 1187 3874 per
1211 3804 1429 3859 unicum
1460 3804 1656 3858 Filium
1695 3815 1842 3860 tuum
1864 3847 1879 3872 ,
1926 3817 1985 3861 ut
2018 3808 2111 3862 tibi
2146 3820 2199 3864 et

605 3895 733 3965 ipsi,
765 3903 821 3950 et
850 3903 1041 3949 sancto
1069 3893 1294 3964 Spiritui
1333 3894 1406 3949 sit
1426 3894 1639 3967 ,gluria,
1675 3913 1840 3962 nunc,
1870 3906 1924 3951 et
1952 3913 2196 3969 semper,

607 3997 661 4042 et
690 3986 744 4041 in
782 3984 976 4041 saecula
1008 3984 1348 4041 saeculorum.
1379 3987 1573 4043 Amen.
1802 3991 1806 3994 ⁴

677 4078 935 4134 Sacerdos
952 4089 1140 4147 postea
1180 4087 1377 4131 secreto
1413 4079 1537 4133 dicit
1562 4098 1659 4150 pro
1682 4099 1758 4149 se,
1793 4092 2073 4156 antequam
2108 4087 2199 4141 ba-

607 4170 785 4239 ptiset.

683 4259 1016 4326 Misericors,
1061 4260 1347 4319 miseratur
1390 4272 1446 4318 et
1476 4265 1751 4341 clemens,
1796 4267 1889 4337 qui
1938 4269 2199 4324 scrutaris

604 4363 703 4402 cor
726 4356 781 4402 et
801 4348 978 4419 jecur,
1007 4359 1063 4404 et
1084 4352 1369 4421 cognoscis
1404 4345 1720 4409 abscondita
1767 4356 2001 4423 hominis
2031 4356 2197 4427 (nihil

606 4438 751 4494 enim
779 4447 864 4494 est
892 4439 1035 4510 quod
1065 4455 1096 4494 a
1125 4434 1177 4495 te
1205 4442 1588 4508 abscondatur,
1616 4445 1708 4499 sed
1739 4444 1914 4514 palam
1944 4446 2043 4501 tibi
2064 4455 2199 4501 sunt

2307 3252 2423 3318 rite,
2451 3251 2544 3321 qui
2572 3251 2786 3307 habitas
2811 3267 2974 3322 super
3002 3252 3294 3318 Cherubim
3317 3261 3378 3319 et
3404 3251 3681 3321 Seraphim.
3699 3248 3803 3302 Patet

2306 3343 2555 3408 Domini,
2606 3344 2736 3410 Dei,
2781 3353 2837 3398 et
2886 3343 3263 3415 Redemptoris
3292 3344 3469 3404 nostri
3500 3342 3614 3398 Iesu
3649 3335 3800 3395 Christi.

2302 3436 2395 3509 qui
2422 3435 2630 3494 solvisti
2669 3440 2881 3493 animas
2912 3454 3099 3494 eorum
3138 3439 3230 3509 qui
3262 3440 3435 3495 vincti
3463 3438 3801 3506 erantpetultl.

2303 3537 2359 3583 et
2383 3543 2479 3585 eos
2505 3530 2595 3599 qui
2627 3528 2769 3585 aﬂixi
2796 3538 2949 3585 erant
2997 3529 3236 3585 tenebris
3273 3545 3381 3600 per
3417 3536 3688 3601 peccatum,
3723 3521 3800 3574 illa.

2302 3621 2519 3676 minasti
2549 3621 2721 3693 plagis
2748 3623 3014 3692 passionis
3045 3623 3187 3679 unici
3219 3624 3345 3679 Filii
3390 3625 3466 3679 tui
3501 3623 3616 3679 Jesu
3641 3614 3799 3675 Christi.

2304 3709 2748 3775 Dominixnosu'i,
2772 3713 2862 3781 qui
2890 3714 3070 3784 abegit
3092 3730 3121 3768 a
3148 3715 3309 3771 nobis
3328 3717 3643 3787 passionem,
3661 3719 3703 3764 et
3718 3708 3803 3761 libo-

2304 3803 2443 3856 ravit
2488 3817 2586 3857 nos
2624 3804 2692 3859 ab
2739 3805 2881 3859 omni
2930 3821 3097 3860 onere
3142 3815 3497 3876 peccatorum
3542 3811 3801 3861 nostrorum:

2302 3894 2403 3961 Qui
2434 3894 2696 3967 elongain
2724 3913 2753 3949 a
2784 3897 2938 3953 nobis
2973 3913 3137 3953 omne
3166 3913 3359 3955 semen
3398 3898 3678 3958 inimicum,
3701 3902 3804 3960 qm

2302 3985 2483 4040 omnia
2519 3987 2713 4041 timent
2744 3996 2799 4041 et
2837 3986 3224 4055 reformidant;
3267 3999 3497 4047 creator
3523 3985 3809 4059 aquai-timet

2301 4073 2479 4130 factor
2522 4076 2783 4142 omnium,
2814 4077 3114 4134 clamamus
3150 4081 3219 4135 ad
3264 4082 3533 4137 virtutem
3578 4090 3696 4133 tuam
3728 4085 3807 4126 san-

2302 4177 2463 4229 ctam,
2510 4167 2575 4221 ad
2608 4184 2804 4223 nomen
2841 4178 2987 4224 tuum
3028 4170 3170 4241 quod
3201 4180 3435 4243 superat
3475 4183 3623 4228 omne
3646 4176 3805 4224 nomen.

2302 4256 2366 4310 ad
2408 4257 2622 4311 unicum
2669 4257 2877 4314 scilicet
2922 4259 3118 4316 Filium
3165 4270 3352 4328 tuum,
3388 4263 3569 4319 Jesum
3608 4256 3806 4315 Christum

2300 4348 2390 4418 qui
2419 4347 2710 4404 crucifixus
2737 4358 2822 4405 est
2845 4360 3204 4421 propternos,
3231 4362 3482 4424 tempore
3500 4350 3659 4407 Pontii
3677 4340 3805 4401 Pilati:

2304 4452 2558 4507 rogamus
2589 4446 2663 4504 te,
2690 4437 2949 4519 Domine,
2981 4457 3080 4512 pro
3107 4442 3194 4498 his
3224 4442 3452 4499 famulis
3492 4451 3545 4497 et
3586 4435 3809 4494 famulatus

606 4528 822 4599 onmia)
851 4547 864 4582 :
904 4538 961 4584 tu
991 4531 1274 4600 cognoscis
1303 4531 1618 4589 abscondita
1657 4549 1801 4600 mea,
1830 4550 1899 4590 ne
1928 4550 2014 4590 me
2045 4536 2201 4593 dese-
2225 4514 2277 4574 ί)
2304 4530 2448 4593 luis;
2491 4516 2766 4596 εθηνθΐῑέ,
2797 4539 2851 4587 el
2878 4532 3102 4589 immuta
3124 4549 3253 4590 eos:
3295 4534 3497 4591 Amen.
3532 4530 3726 4590 Benedic
3742 4524 3807 4581 δίεν

590 4633 937 4689 'ras,.neque
973 4630 1190 4676 avertas
1232 4620 1424 4677 faciem
1462 4632 1607 4678 tuam
1637 4640 1667 4678 a
1694 4640 1813 4691 me,
1856 4625 1952 4682 sed
1981 4624 2138 4681 aufer
2166 4643 2198 4682 a

603 4720 693 4762 me
721 4707 985 4764 bachora
1015 4695 1241 4766 omnem
1260 4726 1436 4768 meam
1465 4713 1679 4784 culpam
1702 4755 1716 4780 ,
1764 4724 1820 4770 et
1854 4715 2198 4783 absolvcho-

605 4814 728 4853 rum
758 4799 1037 4855 hominum
1065 4809 1308 4872 peccata,
1334 4803 1426 4873 qui
1454 4804 1772 4860 convertisti
1800 4820 1895 4862 eos
1923 4807 1990 4860 ad
2014 4807 2195 4877 paeni-

582 4893 859 4959 tentiam,
893 4893 1051 4950 ablue
1071 4882 1324 4951 maculas
1358 4896 1552 4951 animae
1581 4912 1714 4953 mea:
1741 4907 1797 4953 et
1834 4900 2112 4970 corporis,
2140 4908 2196 4956 et

2304 4890 2525 4949 Omnem
2552 4893 2923 4950 atlorationem
2955 4895 3240 4963 idolorum,
3267 4906 3327 4952 et
3358 4913 3573 4953 omnem
3598 4884 3807 4962 turpitudi'
3864 4884 3865 4931 ι

603 4988 805 5044 munda
830 4986 987 5057 jecur
1024 5002 1203 5044 meum
1241 4987 1480 5059 perfecte
1520 4990 1716 5046 virtute
1762 4999 1852 5046 tua
1898 4992 2193 5058 invisibili,

603 5088 661 5136 et
688 5079 912 5136 dextera
935 5091 1021 5136 tua
1051 5081 1357 5137 viviﬁcante
1378 5081 1637 5138 confirma
1663 5096 1767 5147 me,
1793 5092 1851 5138 ut
1877 5084 2191 5140 annuntiem

580 5172 729 5239 aliis
756 5174 847 5244 qui
874 5182 1124 5243 quaerunt
1149 5164 1527 5229 liberationem
1559 5188 1590 5228 a
1622 5189 1738 5239 me,
1785 5175 1837 5229 id
1861 5183 1964 5241 est,
1997 5174 2186 5238 fidem,

602 5270 667 5317 ut
700 5263 783 5319 eis
809 5278 928 5319 eam
960 5261 1195 5326 tradam,
1221 5276 1359 5331 quos
1383 5262 1599 5331 quidem
1635 5264 1959 5334 praeparavit
1986 5265 2193 5336 magni-

603 5354 734 5411 tudo
767 5363 856 5409 tua
892 5352 1305 5419 inenarrabilis,
1353 5369 1387 5408 ο
1434 5363 1644 5410 amator
1689 5355 1909 5411 humani
1939 5357 2186 5427 generis,

580 5428 889 5517 'pra’terea,
914 5462 982 5501 ne
1003 5447 1106 5503 sim
1139 5460 1241 5528 ego
1270 5458 1327 5503 ut
1365 5461 1556 5501 servus
1599 5455 1851 5516 peccator
1877 5447 1967 5516 qui
1998 5448 2195 5503 conde-

604 5547 841 5592 mnatur.
870 5537 1051 5604 Absit,
1078 5538 1324 5601 Domine,
1352 5553 1459 5591 non
1491 5537 1561 5592 ita
1607 5536 1716 5590 fiat.
1761 5536 1840 5591 Tu
1874 5537 2019 5592 enim
2045 5537 2192 5595 solus

604 5639 666 5679 es
691 5625 889 5692 bonus,
915 5636 969 5681 et
995 5637 1207 5682 amator
1243 5642 1302 5682 es
1340 5625 1563 5681 humani
1609 5626 1840 5697 generis.
1890 5625 2006 5680 Non
2038 5642 2191 5683 rece-

605 5718 729 5773 dam
758 5719 1032 5775 conl‘usus.
1065 5720 1299 5776 Absolve
1328 5735 1415 5776 mc
1444 5736 1472 5775 a
1504 5728 1727 5792 peccato
1758 5736 1911 5788 meo,
1952 5728 2007 5777 et
2036 5720 2190 5777 mitte

2291 4629 2356 4675 ct
2392 4620 2652 4677 confirma
2678 4637 2812 4679 eos:
2842 4621 3035 4679 Amen.
3069 4623 3139 4680 Ut
3167 4642 3264 4696 per
3303 4628 3452 4683 hanc
3490 4639 3668 4697 aquam
3688 4622 3809 4676 etimc
3864 4680 3865 4687 η

2305 4711 2481 4767 oleum
2520 4712 3006 4770 abolenturaomnis
3047 4714 3130 4770 vis
3162 4714 3380 4772 inimici
3409 4735 3423 4771 :
3464 4717 3642 4770 Amen.
3671 4708 3807 4765 Οιιιιιετ5

2303 4801 2523 4870 spiritus
2564 4802 2829 4874 malignos
2878 4802 3061 4869 aufer,
3115 4818 3275 4871 arce,
3318 4815 3379 4860 et
3425 4805 3639 4873 disiice:
3674 4800 3806 4852 Αωεηη

2301 4998 2423 5038 nem
2452 4984 2519 5038 ab
2544 4986 2748 5042 eisdem
2779 4985 2923 5041 tolle.
2958 4985 3148 5042 Amen.

2376 5072 2440 5128 Et
2469 5078 2637 5148 sumat
2666 5079 2720 5132 in
2748 5095 2936 5147 aquam
2963 5088 3039 5133 ter
3067 5083 3121 5132 in
3148 5078 3365 5135 modum
3394 5078 3580 5141 crucis,
3605 5075 3775 5128 dicens‘
3864 5106 3865 5148 ζ

2373 5166 2658 5223 Sanctifica
2702 5170 2839 5224 hanc
2864 5185 3060 5239 aquam
3101 5178 3161 5224 et
3201 5171 3305 5227 hoc
3350 5170 3552 5226 oleum.
3579 5168 3739 5223 Amen.
3766 5155 3809 5211 El

2298 5259 2408 5314 sint
2444 5259 2499 5316 in
2532 5260 2860 5317 ablutionem
2892 5264 3325 5335 regenerationis
3357 5283 3370 5318 :
3400 5264 3591 5320 Amen.
3618 5259 3674 5314 Et
3696 5256 3737 5308 in
3758 5248 3808 5300 τεο

2299 5359 2407 5406 tam
2436 5360 2698 5409 aeternam
2726 5370 2739 5407 :
2764 5353 2953 5410 Amen.
3005 5354 3071 5411 Et
3109 5355 3163 5411 in
3202 5357 3578 5412 indumentum
3616 5354 3806 5406 immacu-

2294 5440 2464 5497 latum
2491 5462 2503 5497 :
2535 5442 2729 5499 Amen.
2785 5444 2854 5499 Et
2892 5445 2944 5498 in
2972 5447 3386 5515 generationem
3417 5445 3596 5518 gratia:
3629 5441 3801 5494 :Ameﬂ-

2293 5533 2362 5589 Et
2406 5535 2460 5589 in
2515 5534 2915 5591 innavationem
2950 5535 3186 5606 Spiritus
3214 5537 3406 5593 Sancti
3435 5557 3448 5592 :
3481 5538 3657 5591 Amen.
3678 5529 3722 5585 ln
3744 5536 3803 5577 00‘

2290 5628 2437 5682 mine
2467 5628 2610 5684 unici
2638 5627 2759 5682 Filii
2791 5627 2865 5682 tui
2893 5625 3022 5683 Jesu
3053 5627 3279 5692 Christi,
3310 5644 3473 5697 quem
3500 5617 3724 5695 baptizari
3753 5610 3802 5663 ἷε·

2291 5720 2411 5778 cisti
2444 5720 2498 5776 in
2523 5719 2777 5786 Jordanc,
2809 5720 2867 5776 et
2890 5719 3267 5787 sanctiﬁcavit,
3304 5730 3362 5775 et
3392 5715 3655 5774 inundavit
3690 5718 3797 5764 eum.
