  <div class='ocr_page' id='page_1' title='image "/cluster/home/n/w/nwhite01/storage/ocr_20150623/138/hvd.32044015471774/478.png"; bbox 0 0 3924 6318; ppageno 0'>
   <div class='ocr_carea' id='block_1_1' title="bbox 121 369 229 429">
    <p class='ocr_par' dir='ltr' id='par_1_1' title="bbox 121 369 229 429">
     <span class='ocr_line' id='line_1_1' title="bbox 121 369 229 429; baseline -0.028 0"><span class='ocrx_word' id='word_1_1' title='bbox 121 369 229 429; x_wconf 65' lang='grc' dir='ltr'><strong>ΜΒ</strong></span> 
     </span>
    </p>
   </div>
   <div class='ocr_carea' id='block_1_2' title="bbox 986 342 2367 438">
    <p class='ocr_par' dir='ltr' id='par_1_2' title="bbox 986 342 2367 438">
     <span class='ocr_line' id='line_1_2' title="bbox 986 342 2367 438; baseline 0.005 -7"><span class='ocrx_word' id='word_1_2' title='bbox 986 342 1171 431; x_wconf 66' lang='lat' dir='ltr'><strong>om</strong></span> <span class='ocrx_word' id='word_1_3' title='bbox 1209 370 1521 430; x_wconf 66' lang='lat' dir='ltr'><strong>mensa:</strong></span> <span class='ocrx_word' id='word_1_4' title='bbox 1565 374 1936 435; x_wconf 65' lang='lat' dir='ltr'><strong>secessum</strong></span> <span class='ocrx_word' id='word_1_5' title='bbox 1986 377 2367 438; x_wconf 69' lang='lat' dir='ltr'><strong>maiores.</strong></span> 
     </span>
    </p>
   </div>
   <div class='ocr_carea' id='block_1_3' title="bbox 3286 385 3393 440">
    <p class='ocr_par' dir='ltr' id='par_1_3' title="bbox 3286 385 3393 440">
     <span class='ocr_line' id='line_1_3' title="bbox 3286 385 3393 440; baseline -0.009 0"><span class='ocrx_word' id='word_1_6' title='bbox 3286 385 3393 440; x_wconf 57' lang='lat'><strong>946</strong></span> 
     </span>
    </p>
   </div>
   <div class='ocr_carea' id='block_1_4' title="bbox 120 487 3393 575">
    <p class='ocr_par' dir='ltr' id='par_1_4' title="bbox 120 487 3393 575">
     <span class='ocr_line' id='line_1_4' title="bbox 120 487 3393 575; baseline 0.003 -30"><span class='ocrx_word' id='word_1_7' title='bbox 120 497 176 545; x_wconf 86' lang='lat' dir='ltr'><strong>et</strong></span> <span class='ocrx_word' id='word_1_8' title='bbox 192 487 433 545; x_wconf 77' lang='lat' dir='ltr'><strong>testatus</strong></span> <span class='ocrx_word' id='word_1_9' title='bbox 458 497 538 549; x_wconf 89' lang='lat' dir='ltr'><strong>est</strong></span> <span class='ocrx_word' id='word_1_10' title='bbox 565 487 750 546; x_wconf 90' lang='lat' dir='ltr'><strong>dicens</strong></span> <span class='ocrx_word' id='word_1_11' title='bbox 778 509 791 545; x_wconf 86' lang='lat'><strong>:</strong></span> <span class='ocrx_word' id='word_1_12' title='bbox 824 488 926 558; x_wconf 87' lang='lat' dir='ltr'><strong>Qui</strong></span> <span class='ocrx_word' id='word_1_13' title='bbox 955 504 1060 545; x_wconf 89' lang='lat' dir='ltr'><strong>non</strong></span> <span class='ocrx_word' id='word_1_14' title='bbox 1093 488 1252 545; x_wconf 90' lang='lat' dir='ltr'><strong>fuerit</strong></span> <span class='ocrx_word' id='word_1_15' title='bbox 1288 498 1446 546; x_wconf 86' lang='lat' dir='ltr'><strong>natus</strong></span> <span class='ocrx_word' id='word_1_16' title='bbox 1473 507 1541 548; x_wconf 77' lang='lat' dir='ltr'><strong>ex</strong></span> <span class='ocrx_word' id='word_1_17' title='bbox 1567 505 1705 563; x_wconf 87' lang='lat' dir='ltr'><strong>aqua</strong></span> <span class='ocrx_word' id='word_1_18' title='bbox 1722 496 1781 555; x_wconf 73' lang='grc' dir='ltr'><strong>,Α</strong></span> <span class='ocrx_word' id='word_1_19' title='bbox 1811 495 2061 571; x_wconf 74' lang='lat' dir='ltr'><strong>semitam</strong></span> <span class='ocrx_word' id='word_1_20' title='bbox 2089 494 2224 563; x_wconf 85' lang='lat' dir='ltr'><strong>ejus,</strong></span> <span class='ocrx_word' id='word_1_21' title='bbox 2254 511 2358 552; x_wconf 81' lang='lat' dir='ltr'><strong>vox</strong></span> <span class='ocrx_word' id='word_1_22' title='bbox 2388 496 2597 575; x_wconf 79' lang='lat' dir='ltr'><strong>Domini</strong></span> <span class='ocrx_word' id='word_1_23' title='bbox 2647 512 2811 568; x_wconf 87' lang='lat' dir='ltr'><strong>super</strong></span> <span class='ocrx_word' id='word_1_24' title='bbox 2833 513 3024 570; x_wconf 88' lang='lat' dir='ltr'><strong>aquas,</strong></span> <span class='ocrx_word' id='word_1_25' title='bbox 3047 498 3186 554; x_wconf 85' lang='lat' dir='ltr'><strong>Deus</strong></span> <span class='ocrx_word' id='word_1_26' title='bbox 3208 499 3393 569; x_wconf 76' lang='lat' dir='ltr'><strong>gloriae</strong></span> 
     </span>
    </p>
   </div>
   <div class='ocr_carea' id='block_1_5' title="bbox 118 579 1702 655">
    <p class='ocr_par' dir='ltr' id='par_1_5' title="bbox 118 579 1702 655">
     <span class='ocr_line' id='line_1_5' title="bbox 118 579 1702 655; baseline 0.003 -18"><span class='ocrx_word' id='word_1_27' title='bbox 118 592 177 637; x_wconf 88' lang='lat' dir='ltr'><strong>et</strong></span> <span class='ocrx_word' id='word_1_28' title='bbox 207 579 413 653; x_wconf 88' lang='lat' dir='ltr'><strong>Spiritu</strong></span> <span class='ocrx_word' id='word_1_29' title='bbox 441 590 632 638; x_wconf 87' lang='lat' dir='ltr'><strong>sancto</strong></span> <span class='ocrx_word' id='word_1_30' title='bbox 659 598 764 637; x_wconf 93' lang='lat' dir='ltr'><strong>non</strong></span> <span class='ocrx_word' id='word_1_31' title='bbox 797 592 974 653; x_wconf 91' lang='lat' dir='ltr'><strong>potest</strong></span> <span class='ocrx_word' id='word_1_32' title='bbox 1002 584 1209 639; x_wconf 87' lang='lat' dir='ltr'><strong>intrare</strong></span> <span class='ocrx_word' id='word_1_33' title='bbox 1236 585 1291 639; x_wconf 89' lang='lat' dir='ltr'><strong>in</strong></span> <span class='ocrx_word' id='word_1_34' title='bbox 1331 599 1553 655; x_wconf 79' lang='lat' dir='ltr'><strong>regnum</strong></span> <span class='ocrx_word' id='word_1_35' title='bbox 1591 600 1702 641; x_wconf 74' lang='lat' dir='ltr'><strong>cat-</strong></span> 
     </span>
    </p>
   </div>
   <div class='ocr_carea' id='block_1_6' title="bbox 1805 582 3390 661">
    <p class='ocr_par' dir='ltr' id='par_1_6' title="bbox 1805 582 3390 661">
     <span class='ocr_line' id='line_1_6' title="bbox 1805 582 3390 661; baseline 0.003 -23"><span class='ocrx_word' id='word_1_36' title='bbox 1805 582 2059 643; x_wconf 91' lang='lat' dir='ltr'><strong>intonuit.</strong></span> <span class='ocrx_word' id='word_1_37' title='bbox 2080 584 2513 661; x_wconf 74' lang='lat' dir='ltr'><strong>Tona,Domine,</strong></span> <span class='ocrx_word' id='word_1_38' title='bbox 2531 603 2692 659; x_wconf 85' lang='lat' dir='ltr'><strong>super</strong></span> <span class='ocrx_word' id='word_1_39' title='bbox 2724 588 2863 644; x_wconf 90' lang='lat' dir='ltr'><strong>hanc</strong></span> <span class='ocrx_word' id='word_1_40' title='bbox 2882 605 3078 657; x_wconf 87' lang='lat' dir='ltr'><strong>aquam</strong></span> <span class='ocrx_word' id='word_1_41' title='bbox 3106 599 3161 643; x_wconf 90' lang='lat' dir='ltr'><strong>et</strong></span> <span class='ocrx_word' id='word_1_42' title='bbox 3187 589 3390 655; x_wconf 89' lang='lat' dir='ltr'><strong>oleum,</strong></span> 
     </span>
    </p>
   </div>
   <div class='ocr_carea' id='block_1_7' title="bbox 118 667 3390 749">
    <p class='ocr_par' dir='ltr' id='par_1_7' title="bbox 118 667 3390 749">
     <span class='ocr_line' id='line_1_7' title="bbox 118 667 3390 749; baseline 0.002 -22"><span class='ocrx_word' id='word_1_43' title='bbox 118 669 335 740; x_wconf 89' lang='lat' dir='ltr'><strong>lorum;</strong></span> <span class='ocrx_word' id='word_1_44' title='bbox 370 673 563 729; x_wconf 90' lang='lat' dir='ltr'><strong>deinde</strong></span> <span class='ocrx_word' id='word_1_45' title='bbox 592 676 849 744; x_wconf 75' lang='lat' dir='ltr'><strong>prmcepit</strong></span> <span class='ocrx_word' id='word_1_46' title='bbox 887 675 1164 746; x_wconf 85' lang='lat' dir='ltr'><strong>discipulis</strong></span> <span class='ocrx_word' id='word_1_47' title='bbox 1212 677 1325 732; x_wconf 92' lang='lat' dir='ltr'><strong>suis</strong></span> <span class='ocrx_word' id='word_1_48' title='bbox 1368 676 1555 731; x_wconf 88' lang='lat' dir='ltr'><strong>dicens</strong></span> <span class='ocrx_word' id='word_1_49' title='bbox 1584 696 1596 731; x_wconf 73' lang='grc' dir='ltr'>ε</span> <span class='ocrx_word' id='word_1_50' title='bbox 1629 677 1705 733; x_wconf 90' lang='lat' dir='ltr'><strong>lte</strong></span> <span class='ocrx_word' id='word_1_51' title='bbox 1805 682 2093 743; x_wconf 86' lang='lat' dir='ltr'><strong>utrumque</strong></span> <span class='ocrx_word' id='word_1_52' title='bbox 2120 690 2386 746; x_wconf 71' lang='lat' dir='ltr'><strong>prtepara,</strong></span> <span class='ocrx_word' id='word_1_53' title='bbox 2425 685 2481 733; x_wconf 91' lang='lat' dir='ltr'><strong>et</strong></span> <span class='ocrx_word' id='word_1_54' title='bbox 2508 677 2680 733; x_wconf 90' lang='lat' dir='ltr'><strong>dacis</strong></span> <span class='ocrx_word' id='word_1_55' title='bbox 2708 667 2989 743; x_wconf 74' lang='lat' dir='ltr'><strong>virtutem,</strong></span> <span class='ocrx_word' id='word_1_56' title='bbox 3024 686 3083 732; x_wconf 91' lang='lat' dir='ltr'><strong>ut</strong></span> <span class='ocrx_word' id='word_1_57' title='bbox 3110 678 3239 733; x_wconf 85' lang='lat' dir='ltr'><strong>flant</strong></span> <span class='ocrx_word' id='word_1_58' title='bbox 3262 680 3390 749; x_wconf 87' lang='lat' dir='ltr'><strong>bap-</strong></span> 
     </span>
    </p>
   </div>
   <div class='ocr_carea' id='block_1_8' title="bbox 120 763 1707 838">
    <p class='ocr_par' dir='ltr' id='par_1_8' title="bbox 120 763 1707 838">
     <span class='ocr_line' id='line_1_8' title="bbox 120 763 1707 838; baseline 0.006 -23"><span class='ocrx_word' id='word_1_59' title='bbox 120 778 279 835; x_wconf 87' lang='lat' dir='ltr'><strong>ergo,</strong></span> <span class='ocrx_word' id='word_1_60' title='bbox 306 771 362 818; x_wconf 92' lang='lat' dir='ltr'><strong>et</strong></span> <span class='ocrx_word' id='word_1_61' title='bbox 385 763 575 819; x_wconf 89' lang='lat' dir='ltr'><strong>docete</strong></span> <span class='ocrx_word' id='word_1_62' title='bbox 602 779 791 819; x_wconf 89' lang='lat' dir='ltr'><strong>omnes</strong></span> <span class='ocrx_word' id='word_1_63' title='bbox 815 777 1021 836; x_wconf 81' lang='lat' dir='ltr'><strong>gentes,</strong></span> <span class='ocrx_word' id='word_1_64' title='bbox 1045 777 1100 821; x_wconf 93' lang='lat' dir='ltr'><strong>et</strong></span> <span class='ocrx_word' id='word_1_65' title='bbox 1120 768 1388 838; x_wconf 78' lang='lat' dir='ltr'><strong>baptizate</strong></span> <span class='ocrx_word' id='word_1_66' title='bbox 1410 781 1506 822; x_wconf 91' lang='lat' dir='ltr'><strong>eos</strong></span> <span class='ocrx_word' id='word_1_67' title='bbox 1529 768 1582 823; x_wconf 91' lang='lat' dir='ltr'><strong>in</strong></span> <span class='ocrx_word' id='word_1_68' title='bbox 1611 764 1707 824; x_wconf 83' lang='lat' dir='ltr'><strong>no-</strong></span> 
     </span>
    </p>
   </div>
   <div class='ocr_carea' id='block_1_9' title="bbox 118 854 1705 928">
    <p class='ocr_par' dir='ltr' id='par_1_9' title="bbox 118 854 1705 928">
     <span class='ocr_line' id='line_1_9' title="bbox 118 854 1705 928; baseline 0.002 -19"><span class='ocrx_word' id='word_1_69' title='bbox 118 856 273 911; x_wconf 87' lang='lat' dir='ltr'><strong>mine</strong></span> <span class='ocrx_word' id='word_1_70' title='bbox 318 855 611 919; x_wconf 60' lang='lat' dir='ltr'><strong>Patris,‘et</strong></span> <span class='ocrx_word' id='word_1_71' title='bbox 651 854 805 925; x_wconf 85' lang='lat' dir='ltr'><strong>Filii,</strong></span> <span class='ocrx_word' id='word_1_72' title='bbox 835 863 892 911; x_wconf 92' lang='lat' dir='ltr'><strong>et</strong></span> <span class='ocrx_word' id='word_1_73' title='bbox 932 855 1168 927; x_wconf 77' lang='lat' dir='ltr'><strong>Spiritus</strong></span> <span class='ocrx_word' id='word_1_74' title='bbox 1202 858 1411 913; x_wconf 86' lang='lat' dir='ltr'><strong>Sancti.</strong></span> <span class='ocrx_word' id='word_1_75' title='bbox 1457 857 1705 928; x_wconf 87' lang='lat' dir='ltr'><strong>Suscipe,</strong></span> 
     </span>
    </p>
   </div>
   <div class='ocr_carea' id='block_1_10' title="bbox 119 946 1709 1021">
    <p class='ocr_par' dir='ltr' id='par_1_10' title="bbox 119 946 1709 1021">
     <span class='ocr_line' id='line_1_10' title="bbox 119 946 1709 1021; baseline 0.001 -18"><span class='ocrx_word' id='word_1_76' title='bbox 119 948 373 1015; x_wconf 83' lang='lat' dir='ltr'><strong>Domine,</strong></span> <span class='ocrx_word' id='word_1_77' title='bbox 403 946 635 1003; x_wconf 90' lang='lat' dir='ltr'><strong>famulos</strong></span> <span class='ocrx_word' id='word_1_78' title='bbox 660 955 715 1003; x_wconf 90' lang='lat' dir='ltr'><strong>et</strong></span> <span class='ocrx_word' id='word_1_79' title='bbox 752 947 979 1004; x_wconf 87' lang='lat' dir='ltr'><strong>famulas</strong></span> <span class='ocrx_word' id='word_1_80' title='bbox 1006 959 1146 1015; x_wconf 87' lang='lat' dir='ltr'><strong>tuas,</strong></span> <span class='ocrx_word' id='word_1_81' title='bbox 1170 950 1297 1019; x_wconf 76' lang='lat' dir='ltr'><strong>quia</strong></span> <span class='ocrx_word' id='word_1_82' title='bbox 1328 949 1384 1004; x_wconf 91' lang='lat' dir='ltr'><strong>in</strong></span> <span class='ocrx_word' id='word_1_83' title='bbox 1417 958 1471 1005; x_wconf 91' lang='lat' dir='ltr'><strong>te</strong></span> <span class='ocrx_word' id='word_1_84' title='bbox 1498 956 1579 1005; x_wconf 90' lang='lat' dir='ltr'><strong>est</strong></span> <span class='ocrx_word' id='word_1_85' title='bbox 1613 965 1709 1021; x_wconf 89' lang='lat' dir='ltr'><strong>po-</strong></span> 
     </span>
    </p>
   </div>
   <div class='ocr_carea' id='block_1_11' title="bbox 122 1036 1707 1111">
    <p class='ocr_par' dir='ltr' id='par_1_11' title="bbox 122 1036 1707 1111">
     <span class='ocr_line' id='line_1_11' title="bbox 122 1036 1707 1111; baseline 0 -18"><span class='ocrx_word' id='word_1_86' title='bbox 122 1046 295 1093; x_wconf 88' lang='lat' dir='ltr'><strong>testas</strong></span> <span class='ocrx_word' id='word_1_87' title='bbox 341 1045 398 1093; x_wconf 90' lang='lat' dir='ltr'><strong>et</strong></span> <span class='ocrx_word' id='word_1_88' title='bbox 424 1037 690 1092; x_wconf 87' lang='lat' dir='ltr'><strong>liberatio.</strong></span> <span class='ocrx_word' id='word_1_89' title='bbox 710 1036 754 1093; x_wconf 92' lang='grc' dir='ltr'>Ο</span> <span class='ocrx_word' id='word_1_90' title='bbox 775 1047 980 1104; x_wconf 87' lang='lat' dir='ltr'><strong>sancte,</strong></span> <span class='ocrx_word' id='word_1_91' title='bbox 997 1048 1125 1094; x_wconf 89' lang='lat' dir='ltr'><strong>tona</strong></span> <span class='ocrx_word' id='word_1_92' title='bbox 1149 1054 1310 1111; x_wconf 86' lang='lat' dir='ltr'><strong>super</strong></span> <span class='ocrx_word' id='word_1_93' title='bbox 1331 1040 1469 1095; x_wconf 84' lang='lat' dir='ltr'><strong>hanc</strong></span> <span class='ocrx_word' id='word_1_94' title='bbox 1491 1054 1707 1110; x_wconf 85' lang='lat' dir='ltr'><strong>aquam,</strong></span> 
     </span>
    </p>
   </div>
   <div class='ocr_carea' id='block_1_12' title="bbox 120 1127 1709 1201">
    <p class='ocr_par' dir='ltr' id='par_1_12' title="bbox 120 1127 1709 1201">
     <span class='ocr_line' id='line_1_12' title="bbox 120 1127 1709 1201; baseline 0.002 -19"><span class='ocrx_word' id='word_1_95' title='bbox 120 1137 183 1182; x_wconf 87' lang='lat' dir='ltr'><strong>nt</strong></span> <span class='ocrx_word' id='word_1_96' title='bbox 211 1143 279 1183; x_wconf 83' lang='lat' dir='ltr'><strong>ex</strong></span> <span class='ocrx_word' id='word_1_97' title='bbox 305 1142 370 1182; x_wconf 89' lang='lat' dir='ltr'><strong>ea</strong></span> <span class='ocrx_word' id='word_1_98' title='bbox 416 1136 472 1183; x_wconf 86' lang='lat' dir='ltr'><strong>et</strong></span> <span class='ocrx_word' id='word_1_99' title='bbox 522 1127 729 1198; x_wconf 88' lang='lat' dir='ltr'><strong>Spiritu</strong></span> <span class='ocrx_word' id='word_1_100' title='bbox 772 1138 962 1185; x_wconf 90' lang='lat' dir='ltr'><strong>sancto</strong></span> <span class='ocrx_word' id='word_1_101' title='bbox 1010 1139 1403 1201; x_wconf 79' lang='lat' dir='ltr'><strong>regeeerentur</strong></span> <span class='ocrx_word' id='word_1_102' title='bbox 1436 1131 1490 1184; x_wconf 86' lang='lat' dir='ltr'><strong>hi</strong></span> <span class='ocrx_word' id='word_1_103' title='bbox 1527 1130 1709 1185; x_wconf 79' lang='lat' dir='ltr'><strong>famuli</strong></span> 
     </span>
    </p>
   </div>
   <div class='ocr_carea' id='block_1_13' title="bbox 122 1219 1712 1293">
    <p class='ocr_par' dir='ltr' id='par_1_13' title="bbox 122 1219 1712 1293">
     <span class='ocr_line' id='line_1_13' title="bbox 122 1219 1712 1293; baseline 0.001 -19"><span class='ocrx_word' id='word_1_104' title='bbox 122 1220 204 1274; x_wconf 90' lang='lat' dir='ltr'><strong>tui</strong></span> <span class='ocrx_word' id='word_1_105' title='bbox 250 1220 456 1276; x_wconf 83' lang='lat' dir='ltr'><strong>virtute</strong></span> <span class='ocrx_word' id='word_1_106' title='bbox 482 1219 783 1276; x_wconf 76' lang='lat' dir='ltr'><strong>divinitatis</strong></span> <span class='ocrx_word' id='word_1_107' title='bbox 827 1230 953 1289; x_wconf 63' lang='lat' dir='ltr'><strong>tua,</strong></span> <span class='ocrx_word' id='word_1_108' title='bbox 980 1222 1072 1293; x_wconf 87' lang='lat' dir='ltr'><strong>qui</strong></span> <span class='ocrx_word' id='word_1_109' title='bbox 1115 1232 1382 1278; x_wconf 85' lang='lat' dir='ltr'><strong>venerunt</strong></span> <span class='ocrx_word' id='word_1_110' title='bbox 1418 1223 1485 1277; x_wconf 88' lang='lat' dir='ltr'><strong>ad</strong></span> <span class='ocrx_word' id='word_1_111' title='bbox 1512 1229 1589 1288; x_wconf 87' lang='lat' dir='ltr'><strong>te,</strong></span> <span class='ocrx_word' id='word_1_112' title='bbox 1626 1223 1712 1277; x_wconf 89' lang='lat' dir='ltr'><strong>fac</strong></span> 
     </span>
    </p>
   </div>
   <div class='ocr_carea' id='block_1_14' title="bbox 122 1311 1713 1383">
    <p class='ocr_par' dir='ltr' id='par_1_14' title="bbox 122 1311 1713 1383">
     <span class='ocr_line' id='line_1_14' title="bbox 122 1311 1713 1383; baseline 0.001 -17"><span class='ocrx_word' id='word_1_113' title='bbox 122 1325 223 1366; x_wconf 87' lang='lat' dir='ltr'><strong>eos</strong></span> <span class='ocrx_word' id='word_1_114' title='bbox 253 1319 408 1382; x_wconf 82' lang='lat' dir='ltr'><strong>aptos</strong></span> <span class='ocrx_word' id='word_1_115' title='bbox 444 1311 511 1366; x_wconf 88' lang='lat' dir='ltr'><strong>ad</strong></span> <span class='ocrx_word' id='word_1_116' title='bbox 544 1311 916 1367; x_wconf 86' lang='lat' dir='ltr'><strong>remissionem</strong></span> <span class='ocrx_word' id='word_1_117' title='bbox 943 1322 1287 1383; x_wconf 82' lang='lat' dir='ltr'><strong>peccatorum</strong></span> <span class='ocrx_word' id='word_1_118' title='bbox 1315 1327 1526 1375; x_wconf 85' lang='lat' dir='ltr'><strong>eorum,</strong></span> <span class='ocrx_word' id='word_1_119' title='bbox 1560 1321 1617 1366; x_wconf 91' lang='lat' dir='ltr'><strong>et</strong></span> <span class='ocrx_word' id='word_1_120' title='bbox 1645 1313 1713 1368; x_wconf 90' lang='lat' dir='ltr'><strong>ad</strong></span> 
     </span>
    </p>
   </div>
   <div class='ocr_carea' id='block_1_15' title="bbox 121 1400 1712 1467">
    <p class='ocr_par' dir='ltr' id='par_1_15' title="bbox 121 1400 1712 1467">
     <span class='ocr_line' id='line_1_15' title="bbox 121 1400 1712 1467; baseline 0 -11"><span class='ocrx_word' id='word_1_121' title='bbox 121 1402 499 1457; x_wconf 86' lang='lat' dir='ltr'><strong>indumentum</strong></span> <span class='ocrx_word' id='word_1_122' title='bbox 531 1401 1044 1467; x_wconf 82' lang='lat' dir='ltr'><strong>immaculatum,in</strong></span> <span class='ocrx_word' id='word_1_123' title='bbox 1078 1403 1342 1457; x_wconf 83' lang='lat' dir='ltr'><strong>honorem</strong></span> <span class='ocrx_word' id='word_1_124' title='bbox 1393 1402 1538 1457; x_wconf 87' lang='lat' dir='ltr'><strong>unici</strong></span> <span class='ocrx_word' id='word_1_125' title='bbox 1590 1400 1712 1456; x_wconf 80' lang='lat' dir='ltr'><strong>Filii</strong></span> 
     </span>
    </p>
   </div>
   <div class='ocr_carea' id='block_1_16' title="bbox 124 1495 1711 1570">
    <p class='ocr_par' dir='ltr' id='par_1_16' title="bbox 124 1495 1711 1570">
     <span class='ocr_line' id='line_1_16' title="bbox 124 1495 1711 1570; baseline 0.001 -20"><span class='ocrx_word' id='word_1_126' title='bbox 124 1496 230 1559; x_wconf 90' lang='lat' dir='ltr'><strong>tui,</strong></span> <span class='ocrx_word' id='word_1_127' title='bbox 259 1511 381 1550; x_wconf 89' lang='lat' dir='ltr'><strong>cum</strong></span> <span class='ocrx_word' id='word_1_128' title='bbox 411 1511 519 1568; x_wconf 87' lang='lat' dir='ltr'><strong>quo</strong></span> <span class='ocrx_word' id='word_1_129' title='bbox 548 1496 645 1551; x_wconf 85' lang='lat' dir='ltr'><strong>tibi</strong></span> <span class='ocrx_word' id='word_1_130' title='bbox 669 1504 724 1551; x_wconf 92' lang='lat' dir='ltr'><strong>et</strong></span> <span class='ocrx_word' id='word_1_131' title='bbox 748 1505 940 1553; x_wconf 85' lang='lat' dir='ltr'><strong>sancto</strong></span> <span class='ocrx_word' id='word_1_132' title='bbox 961 1495 1185 1568; x_wconf 88' lang='lat' dir='ltr'><strong>Spiritui</strong></span> <span class='ocrx_word' id='word_1_133' title='bbox 1213 1506 1295 1552; x_wconf 90' lang='lat' dir='ltr'><strong>est</strong></span> <span class='ocrx_word' id='word_1_134' title='bbox 1323 1497 1493 1570; x_wconf 88' lang='lat' dir='ltr'><strong>gloria</strong></span> <span class='ocrx_word' id='word_1_135' title='bbox 1522 1497 1576 1552; x_wconf 91' lang='lat' dir='ltr'><strong>in</strong></span> <span class='ocrx_word' id='word_1_136' title='bbox 1608 1512 1711 1552; x_wconf 76' lang='lat' dir='ltr'><strong>sa:-</strong></span> 
     </span>
    </p>
   </div>
   <div class='ocr_carea' id='block_1_17' title="bbox 120 1585 844 1647">
    <p class='ocr_par' dir='ltr' id='par_1_17' title="bbox 120 1585 844 1647">
     <span class='ocr_line' id='line_1_17' title="bbox 120 1585 844 1647; baseline -0.004 -2"><span class='ocrx_word' id='word_1_137' title='bbox 120 1588 251 1645; x_wconf 82' lang='lat' dir='ltr'><strong>cula</strong></span> <span class='ocrx_word' id='word_1_138' title='bbox 282 1588 619 1647; x_wconf 64' lang='lat' dir='ltr'><strong>saeculorum.</strong></span> <span class='ocrx_word' id='word_1_139' title='bbox 651 1585 844 1644; x_wconf 82' lang='lat' dir='ltr'><strong>Amen.</strong></span> 
     </span>
    </p>
   </div>
   <div class='ocr_carea' id='block_1_18' title="bbox 203 1677 1047 1751">
    <p class='ocr_par' dir='ltr' id='par_1_18' title="bbox 203 1677 1047 1751">
     <span class='ocr_line' id='line_1_18' title="bbox 203 1677 1047 1751; baseline 0 -19"><span class='ocrx_word' id='word_1_140' title='bbox 203 1677 340 1733; x_wconf 82' lang='lat' dir='ltr'><strong>Tum</strong></span> <span class='ocrx_word' id='word_1_141' title='bbox 367 1678 495 1732; x_wconf 83' lang='lat' dir='ltr'><strong>dicit</strong></span> <span class='ocrx_word' id='word_1_142' title='bbox 530 1677 785 1735; x_wconf 75' lang='lat' dir='ltr'><strong>diaconus</strong></span> <span class='ocrx_word' id='word_1_143' title='bbox 815 1694 832 1730; x_wconf 91' lang='lat'><strong><em>:</em></strong></span> <span class='ocrx_word' id='word_1_144' title='bbox 860 1677 1047 1751; x_wconf 83' lang='lat' dir='ltr'><strong>Orate.</strong></span> 
     </span>
    </p>
   </div>
   <div class='ocr_carea' id='block_1_19' title="bbox 201 1767 1714 1839">
    <p class='ocr_par' dir='ltr' id='par_1_19' title="bbox 201 1767 1714 1839">
     <span class='ocr_line' id='line_1_19' title="bbox 201 1767 1714 1839; baseline -0.001 -15"><span class='ocrx_word' id='word_1_145' title='bbox 201 1767 463 1824; x_wconf 77' lang='lat' dir='ltr'><strong>Sacerdos</strong></span> <span class='ocrx_word' id='word_1_146' title='bbox 489 1777 664 1822; x_wconf 85' lang='lat' dir='ltr'><strong>autem</strong></span> <span class='ocrx_word' id='word_1_147' title='bbox 687 1768 813 1823; x_wconf 83' lang='lat' dir='ltr'><strong>dicit</strong></span> <span class='ocrx_word' id='word_1_148' title='bbox 840 1769 1314 1839; x_wconf 80' lang='lat' dir='ltr'><strong>sanctiﬁcationem</strong></span> <span class='ocrx_word' id='word_1_149' title='bbox 1350 1767 1629 1835; x_wconf 73' lang='lat' dir='ltr'><strong>Iordanis,</strong></span> <span class='ocrx_word' id='word_1_150' title='bbox 1659 1769 1714 1823; x_wconf 96' lang='lat' dir='ltr'><strong>id</strong></span> 
     </span>
    </p>
   </div>
   <div class='ocr_carea' id='block_1_20' title="bbox 124 1859 521 1929">
    <p class='ocr_par' dir='ltr' id='par_1_20' title="bbox 124 1859 521 1929">
     <span class='ocr_line' id='line_1_20' title="bbox 124 1859 521 1929; baseline -0.013 -12"><span class='ocrx_word' id='word_1_151' title='bbox 124 1868 225 1924; x_wconf 83' lang='lat' dir='ltr'><strong>est,</strong></span> <span class='ocrx_word' id='word_1_152' title='bbox 259 1859 521 1929; x_wconf 80' lang='lat' dir='ltr'><strong>baptismi.</strong></span> 
     </span>
    </p>
   </div>
   <div class='ocr_carea' id='block_1_21' title="bbox 199 1948 1717 2022">
    <p class='ocr_par' dir='ltr' id='par_1_21' title="bbox 199 1948 1717 2022">
     <span class='ocr_line' id='line_1_21' title="bbox 199 1948 1717 2022; baseline 0.003 -17"><span class='ocrx_word' id='word_1_153' title='bbox 199 1951 374 2005; x_wconf 78' lang='lat' dir='ltr'><strong>Amor</strong></span> <span class='ocrx_word' id='word_1_154' title='bbox 399 1949 711 2020; x_wconf 67' lang='lat' dir='ltr'><strong>Dci,,gratia</strong></span> <span class='ocrx_word' id='word_1_155' title='bbox 742 1948 868 2007; x_wconf 62' lang='lat' dir='ltr'><strong>Iesu</strong></span> <span class='ocrx_word' id='word_1_156' title='bbox 897 1949 1131 2010; x_wconf 80' lang='lat' dir='ltr'><strong>Christi.</strong></span> <span class='ocrx_word' id='word_1_157' title='bbox 1157 1958 1212 2006; x_wconf 88' lang='lat' dir='ltr'><strong>et</strong></span> <span class='ocrx_word' id='word_1_158' title='bbox 1236 1950 1433 2006; x_wconf 89' lang='lat' dir='ltr'><strong>donum</strong></span> <span class='ocrx_word' id='word_1_159' title='bbox 1478 1951 1717 2022; x_wconf 86' lang='lat' dir='ltr'><strong>Spiritus</strong></span> 
     </span>
    </p>
   </div>
   <div class='ocr_carea' id='block_1_22' title="bbox 126 2044 727 2102">
    <p class='ocr_par' dir='ltr' id='par_1_22' title="bbox 126 2044 727 2102">
     <span class='ocr_line' id='line_1_22' title="bbox 126 2044 727 2102; baseline -0.008 0"><span class='ocrx_word' id='word_1_160' title='bbox 126 2044 305 2102; x_wconf 74' lang='lat' dir='ltr'><strong>sancti</strong></span> <span class='ocrx_word' id='word_1_161' title='bbox 332 2044 405 2099; x_wconf 92' lang='lat' dir='ltr'><strong>sit</strong></span> <span class='ocrx_word' id='word_1_162' title='bbox 428 2044 727 2099; x_wconf 83' lang='lat' dir='ltr'><strong>vobiscum.</strong></span> 
     </span>
    </p>
   </div>
   <div class='ocr_carea' id='block_1_23' title="bbox 204 2131 1579 2206">
    <p class='ocr_par' dir='ltr' id='par_1_23' title="bbox 204 2131 1579 2206">
     <span class='ocr_line' id='line_1_23' title="bbox 204 2131 1579 2206; baseline 0.004 -20"><span class='ocrx_word' id='word_1_163' title='bbox 204 2131 441 2204; x_wconf 79' lang='lat' dir='ltr'><strong>Populus</strong></span> <span class='ocrx_word' id='word_1_164' title='bbox 474 2144 656 2189; x_wconf 72' lang='lat' dir='ltr'><strong>autem</strong></span> <span class='ocrx_word' id='word_1_165' title='bbox 690 2133 1008 2204; x_wconf 79' lang='lat' dir='ltr'><strong>respondet:</strong></span> <span class='ocrx_word' id='word_1_166' title='bbox 1052 2132 1185 2190; x_wconf 87' lang='lat' dir='ltr'><strong>Cum</strong></span> <span class='ocrx_word' id='word_1_167' title='bbox 1233 2133 1425 2206; x_wconf 82' lang='lat' dir='ltr'><strong>spiritu</strong></span> <span class='ocrx_word' id='word_1_168' title='bbox 1468 2143 1579 2191; x_wconf 88' lang='lat' dir='ltr'><strong>tuo.</strong></span> 
     </span>
    </p>
   </div>
   <div class='ocr_carea' id='block_1_24' title="bbox 197 2222 854 2282">
    <p class='ocr_par' dir='ltr' id='par_1_24' title="bbox 197 2222 854 2282">
     <span class='ocr_line' id='line_1_24' title="bbox 197 2222 854 2282; baseline 0 -3"><span class='ocrx_word' id='word_1_169' title='bbox 197 2222 458 2279; x_wconf 79' lang='lat' dir='ltr'><strong>Sacerdos</strong></span> <span class='ocrx_word' id='word_1_170' title='bbox 484 2233 655 2282; x_wconf 81' lang='lat' dir='ltr'><strong>autem</strong></span> <span class='ocrx_word' id='word_1_171' title='bbox 684 2223 807 2278; x_wconf 81' lang='lat' dir='ltr'><strong>dicit</strong></span> <span class='ocrx_word' id='word_1_172' title='bbox 833 2239 854 2279; x_wconf 89' lang='lat'><strong><em>:</em></strong></span> 
     </span>
    </p>
   </div>
   <div class='ocr_carea' id='block_1_25' title="bbox 204 2316 997 2373">
    <p class='ocr_par' dir='ltr' id='par_1_25' title="bbox 204 2316 997 2373">
     <span class='ocr_line' id='line_1_25' title="bbox 204 2316 997 2373; baseline -0.005 -1"><span class='ocrx_word' id='word_1_173' title='bbox 204 2316 437 2372; x_wconf 86' lang='lat' dir='ltr'><strong>Sursum</strong></span> <span class='ocrx_word' id='word_1_174' title='bbox 464 2317 571 2372; x_wconf 91' lang='lat' dir='ltr'><strong>sint</strong></span> <span class='ocrx_word' id='word_1_175' title='bbox 600 2318 764 2373; x_wconf 87' lang='lat' dir='ltr'><strong>corda</strong></span> <span class='ocrx_word' id='word_1_176' title='bbox 796 2326 997 2373; x_wconf 69' lang='lat' dir='ltr'><strong>vestro.</strong></span> 
     </span>
    </p>
   </div>
   <div class='ocr_carea' id='block_1_26' title="bbox 201 2405 790 2479">
    <p class='ocr_par' dir='ltr' id='par_1_26' title="bbox 201 2405 790 2479">
     <span class='ocr_line' id='line_1_26' title="bbox 201 2405 790 2479; baseline 0.007 -19"><span class='ocrx_word' id='word_1_177' title='bbox 201 2405 446 2478; x_wconf 79' lang='lat' dir='ltr'><strong>Populus</strong></span> <span class='ocrx_word' id='word_1_178' title='bbox 472 2408 743 2479; x_wconf 79' lang='lat' dir='ltr'><strong>respondet</strong></span> <span class='ocrx_word' id='word_1_179' title='bbox 769 2423 790 2464; x_wconf 87' lang='lat'><strong><em>:</em></strong></span> 
     </span>
    </p>
   </div>
   <div class='ocr_carea' id='block_1_27' title="bbox 201 2495 1380 2565">
    <p class='ocr_par' dir='ltr' id='par_1_27' title="bbox 201 2495 1380 2565">
     <span class='ocr_line' id='line_1_27' title="bbox 201 2495 1380 2565; baseline -0.003 -11"><span class='ocrx_word' id='word_1_180' title='bbox 201 2495 481 2554; x_wconf 78' lang='lat' dir='ltr'><strong>Habemus</strong></span> <span class='ocrx_word' id='word_1_181' title='bbox 498 2497 566 2565; x_wconf 83' lang='lat' dir='ltr'><strong>ad</strong></span> <span class='ocrx_word' id='word_1_182' title='bbox 589 2497 897 2563; x_wconf 55' lang='lat' dir='ltr'><strong>Dominum,</strong></span> <span class='ocrx_word' id='word_1_183' title='bbox 924 2500 1091 2552; x_wconf 71' lang='lat' dir='ltr'><strong>Jeum</strong></span> <span class='ocrx_word' id='word_1_184' title='bbox 1114 2512 1184 2551; x_wconf 90' lang='lat' dir='ltr'><strong>uo</strong></span> <span class='ocrx_word' id='word_1_185' title='bbox 1216 2508 1380 2553; x_wconf 88' lang='lat' dir='ltr'><strong>trum.</strong></span> 
     </span>
    </p>
   </div>
   <div class='ocr_carea' id='block_1_28' title="bbox 201 2587 892 2644">
    <p class='ocr_par' dir='ltr' id='par_1_28' title="bbox 201 2587 892 2644">
     <span class='ocr_line' id='line_1_28' title="bbox 201 2587 892 2644; baseline -0.007 0"><span class='ocrx_word' id='word_1_186' title='bbox 201 2587 468 2644; x_wconf 74' lang='lat' dir='ltr'><strong>Sacerdos</strong></span> <span class='ocrx_word' id='word_1_187' title='bbox 500 2597 672 2643; x_wconf 79' lang='lat' dir='ltr'><strong>autem</strong></span> <span class='ocrx_word' id='word_1_188' title='bbox 714 2588 840 2640; x_wconf 80' lang='lat' dir='ltr'><strong>dicit</strong></span> <span class='ocrx_word' id='word_1_189' title='bbox 871 2601 892 2639; x_wconf 92' lang='lat'><em>:</em></span> 
     </span>
    </p>
   </div>
   <div class='ocr_carea' id='block_1_29' title="bbox 198 2677 1293 2750">
    <p class='ocr_par' dir='ltr' id='par_1_29' title="bbox 198 2677 1293 2750">
     <span class='ocr_line' id='line_1_29' title="bbox 198 2677 1293 2750; baseline 0.002 -16"><span class='ocrx_word' id='word_1_190' title='bbox 198 2677 417 2734; x_wconf 81' lang='lat' dir='ltr'><strong>Gratias</strong></span> <span class='ocrx_word' id='word_1_191' title='bbox 437 2694 659 2750; x_wconf 87' lang='lat' dir='ltr'><strong>agamus</strong></span> <span class='ocrx_word' id='word_1_192' title='bbox 685 2677 931 2746; x_wconf 88' lang='lat' dir='ltr'><strong>Domino,</strong></span> <span class='ocrx_word' id='word_1_193' title='bbox 958 2680 1106 2735; x_wconf 85' lang='lat' dir='ltr'><strong>Patri</strong></span> <span class='ocrx_word' id='word_1_194' title='bbox 1132 2680 1293 2738; x_wconf 88' lang='lat' dir='ltr'><strong>bono.</strong></span> 
     </span>
    </p>
   </div>
   <div class='ocr_carea' id='block_1_30' title="bbox 206 2768 792 2841">
    <p class='ocr_par' dir='ltr' id='par_1_30' title="bbox 206 2768 792 2841">
     <span class='ocr_line' id='line_1_30' title="bbox 206 2768 792 2841; baseline 0.007 -19"><span class='ocrx_word' id='word_1_195' title='bbox 206 2768 444 2840; x_wconf 76' lang='lat' dir='ltr'><strong>Populus</strong></span> <span class='ocrx_word' id='word_1_196' title='bbox 475 2771 741 2841; x_wconf 80' lang='lat' dir='ltr'><strong>respondet</strong></span> <span class='ocrx_word' id='word_1_197' title='bbox 773 2788 792 2826; x_wconf 90' lang='lat'><strong><em>:</em></strong></span> 
     </span>
    </p>
   </div>
   <div class='ocr_carea' id='block_1_31' title="bbox 206 2862 952 2927">
    <p class='ocr_par' dir='ltr' id='par_1_31' title="bbox 206 2862 952 2927">
     <span class='ocr_line' id='line_1_31' title="bbox 206 2862 952 2927; baseline 0.003 -10"><span class='ocrx_word' id='word_1_198' title='bbox 206 2862 438 2917; x_wconf 68' lang='lat' dir='ltr'><strong>[lectum</strong></span> <span class='ocrx_word' id='word_1_199' title='bbox 468 2871 570 2927; x_wconf 90' lang='lat' dir='ltr'><strong>est,</strong></span> <span class='ocrx_word' id='word_1_200' title='bbox 601 2871 656 2917; x_wconf 90' lang='lat' dir='ltr'><strong>et</strong></span> <span class='ocrx_word' id='word_1_201' title='bbox 684 2865 952 2919; x_wconf 84' lang='lat' dir='ltr'><strong>convenit.</strong></span> 
     </span>
    </p>
   </div>
   <div class='ocr_carea' id='block_1_32' title="bbox 205 2953 863 3011">
    <p class='ocr_par' dir='ltr' id='par_1_32' title="bbox 205 2953 863 3011">
     <span class='ocr_line' id='line_1_32' title="bbox 205 2953 863 3011; baseline 0.002 -1"><span class='ocrx_word' id='word_1_202' title='bbox 205 2953 467 3010; x_wconf 78' lang='lat' dir='ltr'><strong>Sacerdos</strong></span> <span class='ocrx_word' id='word_1_203' title='bbox 491 2966 664 3010; x_wconf 85' lang='lat' dir='ltr'><strong>autem</strong></span> <span class='ocrx_word' id='word_1_204' title='bbox 692 2956 819 3011; x_wconf 85' lang='lat' dir='ltr'><strong>dicit</strong></span> <span class='ocrx_word' id='word_1_205' title='bbox 844 2973 863 3011; x_wconf 90' lang='lat'><strong><em>:</em></strong></span> 
     </span>
    </p>
   </div>
   <div class='ocr_carea' id='block_1_33' title="bbox 156 3044 1729 3117">
    <p class='ocr_par' dir='ltr' id='par_1_33' title="bbox 156 3044 1729 3117">
     <span class='ocr_line' id='line_1_33' title="bbox 156 3044 1729 3117; baseline 0.003 -22"><span class='ocrx_word' id='word_1_206' title='bbox 156 3091 161 3095; x_wconf 83' lang='lat'><strong>.</strong></span> <span class='ocrx_word' id='word_1_207' title='bbox 214 3046 353 3116; x_wconf 69' lang='lat' dir='ltr'><strong>Vere</strong></span> <span class='ocrx_word' id='word_1_208' title='bbox 375 3046 592 3117; x_wconf 87' lang='lat' dir='ltr'><strong>dignum</strong></span> <span class='ocrx_word' id='word_1_209' title='bbox 612 3054 666 3102; x_wconf 90' lang='lat' dir='ltr'><strong>et</strong></span> <span class='ocrx_word' id='word_1_210' title='bbox 678 3044 884 3114; x_wconf 84' lang='lat' dir='ltr'><strong>justum</strong></span> <span class='ocrx_word' id='word_1_211' title='bbox 909 3056 1013 3102; x_wconf 78' lang='lat' dir='ltr'><strong>est.</strong></span> <span class='ocrx_word' id='word_1_212' title='bbox 1036 3047 1358 3104; x_wconf 76' lang='lat' dir='ltr'><strong>Benedictus</strong></span> <span class='ocrx_word' id='word_1_213' title='bbox 1377 3046 1446 3102; x_wconf 88' lang='lat' dir='ltr'><strong>sit</strong></span> <span class='ocrx_word' id='word_1_214' title='bbox 1467 3046 1609 3103; x_wconf 90' lang='lat' dir='ltr'><strong>Deus</strong></span> <span class='ocrx_word' id='word_1_215' title='bbox 1630 3060 1729 3102; x_wconf 77' lang='lat' dir='ltr'><strong>cx-</strong></span> 
     </span>
    </p>
   </div>
   <div class='ocr_carea' id='block_1_34' title="bbox 130 3137 1724 3210">
    <p class='ocr_par' dir='ltr' id='par_1_34' title="bbox 130 3137 1724 3210">
     <span class='ocr_line' id='line_1_34' title="bbox 130 3137 1724 3210; baseline -0.003 -15"><span class='ocrx_word' id='word_1_216' title='bbox 130 3137 319 3195; x_wconf 89' lang='lat' dir='ltr'><strong>celsus</strong></span> <span class='ocrx_word' id='word_1_217' title='bbox 348 3139 437 3208; x_wconf 89' lang='lat' dir='ltr'><strong>qui</strong></span> <span class='ocrx_word' id='word_1_218' title='bbox 462 3139 514 3193; x_wconf 94' lang='lat' dir='ltr'><strong>in</strong></span> <span class='ocrx_word' id='word_1_219' title='bbox 538 3146 801 3193; x_wconf 68' lang='lat' dir='ltr'><strong>aeternum</strong></span> <span class='ocrx_word' id='word_1_220' title='bbox 827 3137 1085 3195; x_wconf 87' lang='lat' dir='ltr'><strong>estfortis</strong></span> <span class='ocrx_word' id='word_1_221' title='bbox 1113 3154 1274 3210; x_wconf 88' lang='lat' dir='ltr'><strong>super</strong></span> <span class='ocrx_word' id='word_1_222' title='bbox 1300 3138 1501 3204; x_wconf 87' lang='lat' dir='ltr'><strong>omnia,</strong></span> <span class='ocrx_word' id='word_1_223' title='bbox 1534 3138 1587 3191; x_wconf 93' lang='lat' dir='ltr'><strong>in</strong></span> <span class='ocrx_word' id='word_1_224' title='bbox 1615 3151 1724 3207; x_wconf 88' lang='lat' dir='ltr'><strong>quo</strong></span> 
     </span>
    </p>
   </div>
   <div class='ocr_carea' id='block_1_35' title="bbox 130 3227 1724 3302">
    <p class='ocr_par' dir='ltr' id='par_1_35' title="bbox 130 3227 1724 3302">
     <span class='ocr_line' id='line_1_35' title="bbox 130 3227 1724 3302; baseline -0.003 -16"><span class='ocrx_word' id='word_1_225' title='bbox 130 3247 206 3286; x_wconf 85' lang='lat' dir='ltr'><strong>ea</strong></span> <span class='ocrx_word' id='word_1_226' title='bbox 236 3242 327 3285; x_wconf 86' lang='lat' dir='ltr'><strong>est</strong></span> <span class='ocrx_word' id='word_1_227' title='bbox 353 3240 619 3299; x_wconf 86' lang='lat' dir='ltr'><strong>potestas,</strong></span> <span class='ocrx_word' id='word_1_228' title='bbox 649 3240 709 3285; x_wconf 82' lang='lat' dir='ltr'><strong>ut</strong></span> <span class='ocrx_word' id='word_1_229' title='bbox 735 3240 889 3302; x_wconf 86' lang='lat' dir='ltr'><strong>regat</strong></span> <span class='ocrx_word' id='word_1_230' title='bbox 913 3240 966 3287; x_wconf 87' lang='lat' dir='ltr'><strong>et</strong></span> <span class='ocrx_word' id='word_1_231' title='bbox 992 3232 1264 3286; x_wconf 86' lang='lat' dir='ltr'><strong>custodiat</strong></span> <span class='ocrx_word' id='word_1_232' title='bbox 1298 3229 1579 3285; x_wconf 90' lang='lat' dir='ltr'><strong>mundum.</strong></span> <span class='ocrx_word' id='word_1_233' title='bbox 1620 3227 1724 3296; x_wconf 82' lang='lat' dir='ltr'><strong>Qui</strong></span> 
     </span>
    </p>
   </div>
   <div class='ocr_carea' id='block_1_36' title="bbox 131 3322 1727 3395">
    <p class='ocr_par' dir='ltr' id='par_1_36' title="bbox 131 3322 1727 3395">
     <span class='ocr_line' id='line_1_36' title="bbox 131 3322 1727 3395; baseline -0.002 -16"><span class='ocrx_word' id='word_1_234' title='bbox 131 3323 325 3379; x_wconf 82' lang='lat' dir='ltr'><strong>omnia</strong></span> <span class='ocrx_word' id='word_1_235' title='bbox 352 3322 606 3388; x_wconf 84' lang='lat' dir='ltr'><strong>vivificat,</strong></span> <span class='ocrx_word' id='word_1_236' title='bbox 652 3323 704 3377; x_wconf 88' lang='lat' dir='ltr'><strong>in</strong></span> <span class='ocrx_word' id='word_1_237' title='bbox 745 3338 811 3379; x_wconf 94' lang='lat' dir='ltr'><strong>eo</strong></span> <span class='ocrx_word' id='word_1_238' title='bbox 837 3324 982 3379; x_wconf 91' lang='lat' dir='ltr'><strong>enim</strong></span> <span class='ocrx_word' id='word_1_239' title='bbox 1037 3324 1274 3395; x_wconf 84' lang='lat' dir='ltr'><strong>Spiritus</strong></span> <span class='ocrx_word' id='word_1_240' title='bbox 1319 3332 1402 3379; x_wconf 88' lang='lat' dir='ltr'><strong>est</strong></span> <span class='ocrx_word' id='word_1_241' title='bbox 1448 3323 1588 3388; x_wconf 65' lang='lat' dir='ltr'><strong>vitae,</strong></span> <span class='ocrx_word' id='word_1_242' title='bbox 1633 3324 1727 3393; x_wconf 89' lang='lat' dir='ltr'><strong>qui</strong></span> 
     </span>
    </p>
   </div>
   <div class='ocr_carea' id='block_1_37' title="bbox 132 3414 1723 3485">
    <p class='ocr_par' dir='ltr' id='par_1_37' title="bbox 132 3414 1723 3485">
     <span class='ocr_line' id='line_1_37' title="bbox 132 3414 1723 3485; baseline 0 -18"><span class='ocrx_word' id='word_1_243' title='bbox 132 3414 237 3467; x_wconf 82' lang='lat' dir='ltr'><strong>alit</strong></span> <span class='ocrx_word' id='word_1_244' title='bbox 265 3428 480 3469; x_wconf 86' lang='lat' dir='ltr'><strong>omnem</strong></span> <span class='ocrx_word' id='word_1_245' title='bbox 505 3415 761 3480; x_wconf 79' lang='lat' dir='ltr'><strong>animant,</strong></span> <span class='ocrx_word' id='word_1_246' title='bbox 790 3417 879 3485; x_wconf 92' lang='lat' dir='ltr'><strong>qui</strong></span> <span class='ocrx_word' id='word_1_247' title='bbox 902 3417 1190 3470; x_wconf 79' lang='lat' dir='ltr'><strong>confirmat</strong></span> <span class='ocrx_word' id='word_1_248' title='bbox 1208 3430 1424 3470; x_wconf 87' lang='lat' dir='ltr'><strong>onmem</strong></span> <span class='ocrx_word' id='word_1_249' title='bbox 1452 3414 1723 3484; x_wconf 88' lang='lat' dir='ltr'><strong>spiritum,</strong></span> 
     </span>
    </p>
   </div>
   <div class='ocr_carea' id='block_1_38' title="bbox 132 3505 1729 3577">
    <p class='ocr_par' dir='ltr' id='par_1_38' title="bbox 132 3505 1729 3577">
     <span class='ocr_line' id='line_1_38' title="bbox 132 3505 1729 3577; baseline -0.001 -17"><span class='ocrx_word' id='word_1_250' title='bbox 132 3506 234 3577; x_wconf 88' lang='lat' dir='ltr'><strong>qui</strong></span> <span class='ocrx_word' id='word_1_251' title='bbox 260 3505 462 3567; x_wconf 81' lang='lat' dir='ltr'><strong>virium</strong></span> <span class='ocrx_word' id='word_1_252' title='bbox 496 3506 660 3561; x_wconf 83' lang='lat' dir='ltr'><strong>totius</strong></span> <span class='ocrx_word' id='word_1_253' title='bbox 682 3507 867 3562; x_wconf 90' lang='lat' dir='ltr'><strong>mundi</strong></span> <span class='ocrx_word' id='word_1_254' title='bbox 891 3516 975 3562; x_wconf 90' lang='lat' dir='ltr'><strong>est</strong></span> <span class='ocrx_word' id='word_1_255' title='bbox 1007 3521 1178 3576; x_wconf 85' lang='lat' dir='ltr'><strong>capax</strong></span> <span class='ocrx_word' id='word_1_256' title='bbox 1210 3524 1223 3559; x_wconf 91' lang='lat'><strong>:</strong></span> <span class='ocrx_word' id='word_1_257' title='bbox 1254 3506 1345 3574; x_wconf 88' lang='lat' dir='ltr'><strong>qui</strong></span> <span class='ocrx_word' id='word_1_258' title='bbox 1374 3506 1588 3560; x_wconf 87' lang='lat' dir='ltr'><strong>vocavit</strong></span> <span class='ocrx_word' id='word_1_259' title='bbox 1611 3520 1729 3559; x_wconf 79' lang='lat' dir='ltr'><strong>om-</strong></span> 
     </span>
    </p>
   </div>
   <div class='ocr_carea' id='block_1_39' title="bbox 134 3594 1727 3667">
    <p class='ocr_par' dir='ltr' id='par_1_39' title="bbox 134 3594 1727 3667">
     <span class='ocr_line' id='line_1_39' title="bbox 134 3594 1727 3667; baseline -0.003 -14"><span class='ocrx_word' id='word_1_260' title='bbox 134 3599 238 3653; x_wconf 87' lang='lat' dir='ltr'><strong>nia</strong></span> <span class='ocrx_word' id='word_1_261' title='bbox 267 3612 335 3652; x_wconf 81' lang='lat' dir='ltr'><strong>ex</strong></span> <span class='ocrx_word' id='word_1_262' title='bbox 377 3613 443 3653; x_wconf 85' lang='lat' dir='ltr'><strong>co</strong></span> <span class='ocrx_word' id='word_1_263' title='bbox 484 3597 625 3667; x_wconf 86' lang='lat' dir='ltr'><strong>quod</strong></span> <span class='ocrx_word' id='word_1_264' title='bbox 668 3614 772 3654; x_wconf 93' lang='lat' dir='ltr'><strong>non</strong></span> <span class='ocrx_word' id='word_1_265' title='bbox 817 3605 921 3663; x_wconf 89' lang='lat' dir='ltr'><strong>est,</strong></span> <span class='ocrx_word' id='word_1_266' title='bbox 963 3609 1016 3652; x_wconf 90' lang='lat' dir='ltr'><strong>et</strong></span> <span class='ocrx_word' id='word_1_267' title='bbox 1057 3596 1412 3651; x_wconf 90' lang='lat' dir='ltr'><strong>fecitomnia.</strong></span> <span class='ocrx_word' id='word_1_268' title='bbox 1439 3594 1577 3665; x_wconf 90' lang='lat' dir='ltr'><strong>Ipse,</strong></span> <span class='ocrx_word' id='word_1_269' title='bbox 1616 3595 1727 3649; x_wconf 89' lang='lat' dir='ltr'><strong>Do-</strong></span> 
     </span>
    </p>
   </div>
   <div class='ocr_carea' id='block_1_40' title="bbox 136 3684 1726 3756">
    <p class='ocr_par' dir='ltr' id='par_1_40' title="bbox 136 3684 1726 3756">
     <span class='ocr_line' id='line_1_40' title="bbox 136 3684 1726 3756; baseline -0.002 -15"><span class='ocrx_word' id='word_1_270' title='bbox 136 3687 315 3748; x_wconf 82' lang='lat' dir='ltr'><strong>mine,</strong></span> <span class='ocrx_word' id='word_1_271' title='bbox 349 3687 438 3756; x_wconf 86' lang='lat' dir='ltr'><strong>qui</strong></span> <span class='ocrx_word' id='word_1_272' title='bbox 464 3686 801 3742; x_wconf 81' lang='lat' dir='ltr'><strong>excelsorum</strong></span> <span class='ocrx_word' id='word_1_273' title='bbox 832 3702 892 3743; x_wconf 86' lang='lat' dir='ltr'><strong>es</strong></span> <span class='ocrx_word' id='word_1_274' title='bbox 914 3686 1318 3742; x_wconf 82' lang='lat' dir='ltr'><strong>excelsissimus</strong></span> <span class='ocrx_word' id='word_1_275' title='bbox 1336 3727 1351 3752; x_wconf 91' lang='lat'><strong>,</strong></span> <span class='ocrx_word' id='word_1_276' title='bbox 1378 3685 1469 3755; x_wconf 91' lang='lat' dir='ltr'><strong>qui</strong></span> <span class='ocrx_word' id='word_1_277' title='bbox 1502 3684 1654 3738; x_wconf 83' lang='lat' dir='ltr'><strong>vides</strong></span> <span class='ocrx_word' id='word_1_278' title='bbox 1674 3691 1726 3739; x_wconf 89' lang='lat' dir='ltr'><strong>et</strong></span> 
     </span>
    </p>
   </div>
   <div class='ocr_carea' id='block_1_41' title="bbox 134 3774 1731 3848">
    <p class='ocr_par' dir='ltr' id='par_1_41' title="bbox 134 3774 1731 3848">
     <span class='ocr_line' id='line_1_41' title="bbox 134 3774 1731 3848; baseline -0.001 -17"><span class='ocrx_word' id='word_1_279' title='bbox 134 3777 425 3848; x_wconf 81' lang='lat' dir='ltr'><strong>cognoscis</strong></span> <span class='ocrx_word' id='word_1_280' title='bbox 457 3776 617 3831; x_wconf 86' lang='lat' dir='ltr'><strong>linem</strong></span> <span class='ocrx_word' id='word_1_281' title='bbox 645 3785 968 3847; x_wconf 87' lang='lat' dir='ltr'><strong>temporum,</strong></span> <span class='ocrx_word' id='word_1_282' title='bbox 995 3785 1050 3832; x_wconf 92' lang='lat' dir='ltr'><strong>et</strong></span> <span class='ocrx_word' id='word_1_283' title='bbox 1077 3776 1281 3847; x_wconf 86' lang='lat' dir='ltr'><strong>sopitos</strong></span> <span class='ocrx_word' id='word_1_284' title='bbox 1308 3790 1336 3829; x_wconf 87' lang='lat' dir='ltr'><strong>a</strong></span> <span class='ocrx_word' id='word_1_285' title='bbox 1366 3789 1556 3830; x_wconf 88' lang='lat' dir='ltr'><strong>somno</strong></span> <span class='ocrx_word' id='word_1_286' title='bbox 1576 3774 1731 3830; x_wconf 71' lang='lat' dir='ltr'><strong>exci-</strong></span> 
     </span>
    </p>
   </div>
   <div class='ocr_carea' id='block_1_42' title="bbox 137 3867 1727 3937">
    <p class='ocr_par' dir='ltr' id='par_1_42' title="bbox 137 3867 1727 3937">
     <span class='ocr_line' id='line_1_42' title="bbox 137 3867 1727 3937; baseline -0.001 -14"><span class='ocrx_word' id='word_1_287' title='bbox 137 3878 262 3932; x_wconf 82' lang='lat' dir='ltr'><strong>tas,</strong></span> <span class='ocrx_word' id='word_1_288' title='bbox 311 3868 421 3937; x_wconf 74' lang='lat' dir='ltr'><strong>qui,</strong></span> <span class='ocrx_word' id='word_1_289' title='bbox 457 3867 650 3922; x_wconf 83' lang='lat' dir='ltr'><strong>dedisti</strong></span> <span class='ocrx_word' id='word_1_290' title='bbox 700 3882 885 3923; x_wconf 84' lang='lat' dir='ltr'><strong>vocem</strong></span> <span class='ocrx_word' id='word_1_291' title='bbox 937 3868 1190 3923; x_wconf 90' lang='lat' dir='ltr'><strong>omnibus</strong></span> <span class='ocrx_word' id='word_1_292' title='bbox 1248 3882 1369 3936; x_wconf 62' lang='lat' dir='ltr'><strong>alia:</strong></span> <span class='ocrx_word' id='word_1_293' title='bbox 1421 3875 1727 3934; x_wconf 82' lang='lat' dir='ltr'><strong>moventur,</strong></span> 
     </span>
    </p>
   </div>
   <div class='ocr_carea' id='block_1_43' title="bbox 137 3958 1731 4031">
    <p class='ocr_par' dir='ltr' id='par_1_43' title="bbox 137 3958 1731 4031">
     <span class='ocr_line' id='line_1_43' title="bbox 137 3958 1731 4031; baseline 0.002 -16"><span class='ocrx_word' id='word_1_294' title='bbox 137 3973 427 4015; x_wconf 75' lang='lat' dir='ltr'><strong>commove</strong></span> <span class='ocrx_word' id='word_1_295' title='bbox 456 3958 596 4015; x_wconf 87' lang='lat' dir='ltr'><strong>hanc</strong></span> <span class='ocrx_word' id='word_1_296' title='bbox 648 3974 881 4030; x_wconf 88' lang='lat' dir='ltr'><strong>aquam,</strong></span> <span class='ocrx_word' id='word_1_297' title='bbox 928 3968 985 4016; x_wconf 90' lang='lat' dir='ltr'><strong>et</strong></span> <span class='ocrx_word' id='word_1_298' title='bbox 1014 3960 1175 4030; x_wconf 90' lang='lat' dir='ltr'><strong>imple</strong></span> <span class='ocrx_word' id='word_1_299' title='bbox 1212 3975 1331 4016; x_wconf 88' lang='lat' dir='ltr'><strong>eam</strong></span> <span class='ocrx_word' id='word_1_300' title='bbox 1382 3959 1586 4031; x_wconf 89' lang='lat' dir='ltr'><strong>Spiritu</strong></span> <span class='ocrx_word' id='word_1_301' title='bbox 1637 3972 1731 4018; x_wconf 92' lang='lat' dir='ltr'><strong>tuo</strong></span> 
     </span>
    </p>
   </div>
   <div class='ocr_carea' id='block_1_44' title="bbox 136 4040 1727 4122">
    <p class='ocr_par' dir='ltr' id='par_1_44' title="bbox 136 4040 1727 4122">
     <span class='ocr_line' id='line_1_44' title="bbox 136 4040 1727 4122; baseline 0.001 -15"><span class='ocrx_word' id='word_1_302' title='bbox 136 4059 368 4115; x_wconf 81' lang='lat' dir='ltr'><strong>saneto,</strong></span> <span class='ocrx_word' id='word_1_303' title='bbox 412 4059 469 4106; x_wconf 91' lang='lat' dir='ltr'><strong>et</strong></span> <span class='ocrx_word' id='word_1_304' title='bbox 504 4050 831 4107; x_wconf 79' lang='lat' dir='ltr'><strong>fiatablutio</strong></span> <span class='ocrx_word' id='word_1_305' title='bbox 857 4050 909 4105; x_wconf 91' lang='lat' dir='ltr'><strong>in</strong></span> <span class='ocrx_word' id='word_1_306' title='bbox 955 4052 1247 4107; x_wconf 89' lang='lat' dir='ltr'><strong>secundam</strong></span> <span class='ocrx_word' id='word_1_307' title='bbox 1304 4040 1727 4122; x_wconf 78' lang='lat' dir='ltr'><strong>generationem.</strong></span> 
     </span>
    </p>
   </div>
   <div class='ocr_carea' id='block_1_45' title="bbox 136 4141 1732 4214">
    <p class='ocr_par' dir='ltr' id='par_1_45' title="bbox 136 4141 1732 4214">
     <span class='ocr_line' id='line_1_45' title="bbox 136 4141 1732 4214; baseline -0.001 -14"><span class='ocrx_word' id='word_1_308' title='bbox 136 4143 341 4200; x_wconf 71' lang='lat' dir='ltr'><strong>Amen.</strong></span> <span class='ocrx_word' id='word_1_309' title='bbox 375 4141 441 4196; x_wconf 87' lang='lat' dir='ltr'><strong>Et</strong></span> <span class='ocrx_word' id='word_1_310' title='bbox 468 4141 519 4196; x_wconf 89' lang='lat' dir='ltr'><strong>in</strong></span> <span class='ocrx_word' id='word_1_311' title='bbox 547 4141 712 4196; x_wconf 86' lang='lat' dir='ltr'><strong>vitam</strong></span> <span class='ocrx_word' id='word_1_312' title='bbox 745 4151 1025 4197; x_wconf 72' lang='lat' dir='ltr'><strong>aeternam.</strong></span> <span class='ocrx_word' id='word_1_313' title='bbox 1077 4143 1269 4197; x_wconf 85' lang='lat' dir='ltr'><strong>Amen.</strong></span> <span class='ocrx_word' id='word_1_314' title='bbox 1310 4141 1381 4199; x_wconf 90' lang='lat' dir='ltr'><strong>Ut</strong></span> <span class='ocrx_word' id='word_1_315' title='bbox 1411 4158 1732 4214; x_wconf 85' lang='lat' dir='ltr'><strong>regeneren-</strong></span> 
     </span>
    </p>
   </div>
   <div class='ocr_carea' id='block_1_46' title="bbox 142 4232 1731 4304">
    <p class='ocr_par' dir='ltr' id='par_1_46' title="bbox 142 4232 1731 4304">
     <span class='ocr_line' id='line_1_46' title="bbox 142 4232 1731 4304; baseline 0 -15"><span class='ocrx_word' id='word_1_316' title='bbox 142 4246 240 4289; x_wconf 88' lang='lat' dir='ltr'><strong>tur</strong></span> <span class='ocrx_word' id='word_1_317' title='bbox 268 4235 323 4289; x_wconf 90' lang='lat' dir='ltr'><strong>hi</strong></span> <span class='ocrx_word' id='word_1_318' title='bbox 348 4233 534 4289; x_wconf 87' lang='lat' dir='ltr'><strong>famuli</strong></span> <span class='ocrx_word' id='word_1_319' title='bbox 564 4242 618 4289; x_wconf 92' lang='lat' dir='ltr'><strong>et</strong></span> <span class='ocrx_word' id='word_1_320' title='bbox 650 4232 866 4289; x_wconf 60' lang='lat' dir='ltr'><strong>famula</strong></span> <span class='ocrx_word' id='word_1_321' title='bbox 897 4244 1020 4299; x_wconf 68' lang='lat' dir='ltr'><strong>ture,</strong></span> <span class='ocrx_word' id='word_1_322' title='bbox 1050 4233 1500 4304; x_wconf 87' lang='lat' dir='ltr'><strong>quemadmodum</strong></span> <span class='ocrx_word' id='word_1_323' title='bbox 1527 4235 1731 4290; x_wconf 88' lang='lat' dir='ltr'><strong>consti-</strong></span> 
     </span>
    </p>
   </div>
   <div class='ocr_carea' id='block_1_47' title="bbox 142 4324 1728 4397">
    <p class='ocr_par' dir='ltr' id='par_1_47' title="bbox 142 4324 1728 4397">
     <span class='ocr_line' id='line_1_47' title="bbox 142 4324 1728 4397; baseline -0.004 -14"><span class='ocrx_word' id='word_1_324' title='bbox 142 4325 325 4392; x_wconf 85' lang='lat' dir='ltr'><strong>tuisti,</strong></span> <span class='ocrx_word' id='word_1_325' title='bbox 353 4325 598 4390; x_wconf 88' lang='lat' dir='ltr'><strong>Domine,</strong></span> <span class='ocrx_word' id='word_1_326' title='bbox 624 4324 1036 4397; x_wconf 80' lang='lat' dir='ltr'><strong>intelligentiam</strong></span> <span class='ocrx_word' id='word_1_327' title='bbox 1068 4334 1123 4378; x_wconf 87' lang='lat' dir='ltr'><strong>et</strong></span> <span class='ocrx_word' id='word_1_328' title='bbox 1157 4325 1420 4378; x_wconf 87' lang='lat' dir='ltr'><strong>rationem</strong></span> <span class='ocrx_word' id='word_1_329' title='bbox 1452 4324 1504 4378; x_wconf 93' lang='lat' dir='ltr'><strong>in</strong></span> <span class='ocrx_word' id='word_1_330' title='bbox 1527 4324 1728 4389; x_wconf 89' lang='lat' dir='ltr'><strong>anima,</strong></span> 
     </span>
    </p>
   </div>
   <div class='ocr_carea' id='block_1_48' title="bbox 141 4411 1727 4486">
    <p class='ocr_par' dir='ltr' id='par_1_48' title="bbox 141 4411 1727 4486">
     <span class='ocr_line' id='line_1_48' title="bbox 141 4411 1727 4486; baseline -0.002 -14"><span class='ocrx_word' id='word_1_331' title='bbox 141 4426 203 4472; x_wconf 87' lang='lat' dir='ltr'><strong>et</strong></span> <span class='ocrx_word' id='word_1_332' title='bbox 234 4431 330 4485; x_wconf 89' lang='lat' dir='ltr'><strong>per</strong></span> <span class='ocrx_word' id='word_1_333' title='bbox 359 4430 477 4471; x_wconf 87' lang='lat' dir='ltr'><strong>eam</strong></span> <span class='ocrx_word' id='word_1_334' title='bbox 508 4428 696 4486; x_wconf 89' lang='lat' dir='ltr'><strong>regere</strong></span> <span class='ocrx_word' id='word_1_335' title='bbox 732 4413 908 4471; x_wconf 79' lang='lat' dir='ltr'><strong>fecisti</strong></span> <span class='ocrx_word' id='word_1_336' title='bbox 940 4414 1236 4479; x_wconf 83' lang='lat' dir='ltr'><strong>hominem,</strong></span> <span class='ocrx_word' id='word_1_337' title='bbox 1268 4422 1324 4469; x_wconf 87' lang='lat' dir='ltr'><strong>et</strong></span> <span class='ocrx_word' id='word_1_338' title='bbox 1374 4413 1613 4483; x_wconf 74' lang='lat' dir='ltr'><strong>iudicem</strong></span> <span class='ocrx_word' id='word_1_339' title='bbox 1656 4411 1727 4470; x_wconf 82' lang='lat' dir='ltr'><strong>fe-</strong></span> 
     </span>
    </p>
   </div>
   <div class='ocr_carea' id='block_1_49' title="bbox 142 4504 1730 4576">
    <p class='ocr_par' dir='ltr' id='par_1_49' title="bbox 142 4504 1730 4576">
     <span class='ocr_line' id='line_1_49' title="bbox 142 4504 1730 4576; baseline -0.003 -13"><span class='ocrx_word' id='word_1_340' title='bbox 142 4507 273 4563; x_wconf 87' lang='lat' dir='ltr'><strong>cisti</strong></span> <span class='ocrx_word' id='word_1_341' title='bbox 298 4507 537 4562; x_wconf 91' lang='lat' dir='ltr'><strong>omnium</strong></span> <span class='ocrx_word' id='word_1_342' title='bbox 559 4516 1001 4562; x_wconf 86' lang='lat' dir='ltr'><strong>ornamentorum</strong></span> <span class='ocrx_word' id='word_1_343' title='bbox 1028 4505 1217 4559; x_wconf 86' lang='lat' dir='ltr'><strong>mundi</strong></span> <span class='ocrx_word' id='word_1_344' title='bbox 1244 4522 1261 4558; x_wconf 88' lang='lat'><strong>:</strong></span> <span class='ocrx_word' id='word_1_345' title='bbox 1284 4512 1614 4576; x_wconf 86' lang='lat' dir='ltr'><strong>quapropter</strong></span> <span class='ocrx_word' id='word_1_346' title='bbox 1637 4504 1730 4559; x_wconf 91' lang='lat' dir='ltr'><strong>tibi</strong></span> 
     </span>
    </p>
   </div>
   <div class='ocr_carea' id='block_1_50' title="bbox 145 4592 1729 4666">
    <p class='ocr_par' dir='ltr' id='par_1_50' title="bbox 145 4592 1729 4666">
     <span class='ocr_line' id='line_1_50' title="bbox 145 4592 1729 4666; baseline -0.003 -15"><span class='ocrx_word' id='word_1_347' title='bbox 145 4596 404 4651; x_wconf 84' lang='lat' dir='ltr'><strong>convenit</strong></span> <span class='ocrx_word' id='word_1_348' title='bbox 434 4596 601 4666; x_wconf 80' lang='lat' dir='ltr'><strong>gloria</strong></span> <span class='ocrx_word' id='word_1_349' title='bbox 623 4604 677 4650; x_wconf 89' lang='lat' dir='ltr'><strong>et</strong></span> <span class='ocrx_word' id='word_1_350' title='bbox 711 4594 1045 4666; x_wconf 76' lang='lat' dir='ltr'><strong>magnitudo.</strong></span> <span class='ocrx_word' id='word_1_351' title='bbox 1069 4592 1393 4649; x_wconf 84' lang='lat' dir='ltr'><strong>Benedictus</strong></span> <span class='ocrx_word' id='word_1_352' title='bbox 1417 4609 1477 4648; x_wconf 90' lang='lat' dir='ltr'><strong>es</strong></span> <span class='ocrx_word' id='word_1_353' title='bbox 1495 4633 1509 4658; x_wconf 91' lang='lat'><strong>,</strong></span> <span class='ocrx_word' id='word_1_354' title='bbox 1555 4594 1694 4648; x_wconf 89' lang='lat' dir='ltr'><strong>Deus</strong></span> <span class='ocrx_word' id='word_1_355' title='bbox 1712 4632 1729 4658; x_wconf 92' lang='lat'><strong>,</strong></span> 
     </span>
    </p>
   </div>
   <div class='ocr_carea' id='block_1_51' title="bbox 145 4677 1734 4761">
    <p class='ocr_par' dir='ltr' id='par_1_51' title="bbox 145 4677 1734 4761">
     <span class='ocr_line' id='line_1_51' title="bbox 145 4677 1734 4761; baseline -0.001 -17"><span class='ocrx_word' id='word_1_356' title='bbox 145 4704 317 4761; x_wconf 80' lang='lat' dir='ltr'><strong>super</strong></span> <span class='ocrx_word' id='word_1_357' title='bbox 362 4704 549 4745; x_wconf 89' lang='lat' dir='ltr'><strong>omnes</strong></span> <span class='ocrx_word' id='word_1_358' title='bbox 578 4677 881 4759; x_wconf 56' lang='lat' dir='ltr'><strong>jvirtutesf</strong></span> <span class='ocrx_word' id='word_1_359' title='bbox 903 4689 1221 4745; x_wconf 87' lang='lat' dir='ltr'><strong>benedictus</strong></span> <span class='ocrx_word' id='word_1_360' title='bbox 1254 4702 1314 4744; x_wconf 89' lang='lat' dir='ltr'><strong>es</strong></span> <span class='ocrx_word' id='word_1_361' title='bbox 1334 4728 1349 4753; x_wconf 90' lang='lat'><strong>,</strong></span> <span class='ocrx_word' id='word_1_362' title='bbox 1382 4687 1542 4754; x_wconf 88' lang='lat' dir='ltr'><strong>Deus,</strong></span> <span class='ocrx_word' id='word_1_363' title='bbox 1571 4702 1734 4758; x_wconf 86' lang='lat' dir='ltr'><strong>super</strong></span> 
     </span>
    </p>
   </div>
   <div class='ocr_carea' id='block_1_52' title="bbox 147 4781 1730 4851">
    <p class='ocr_par' dir='ltr' id='par_1_52' title="bbox 147 4781 1730 4851">
     <span class='ocr_line' id='line_1_52' title="bbox 147 4781 1730 4851; baseline -0.001 -14"><span class='ocrx_word' id='word_1_364' title='bbox 147 4796 347 4837; x_wconf 85' lang='lat' dir='ltr'><strong>omnes</strong></span> <span class='ocrx_word' id='word_1_365' title='bbox 371 4782 669 4851; x_wconf 83' lang='lat' dir='ltr'><strong>principes;</strong></span> <span class='ocrx_word' id='word_1_366' title='bbox 702 4781 1015 4837; x_wconf 86' lang='lat' dir='ltr'><strong>benedictus</strong></span> <span class='ocrx_word' id='word_1_367' title='bbox 1034 4797 1116 4847; x_wconf 91' lang='lat' dir='ltr'><strong>es,</strong></span> <span class='ocrx_word' id='word_1_368' title='bbox 1145 4781 1307 4847; x_wconf 89' lang='lat' dir='ltr'><strong>Deus,</strong></span> <span class='ocrx_word' id='word_1_369' title='bbox 1339 4796 1499 4851; x_wconf 84' lang='lat' dir='ltr'><strong>super</strong></span> <span class='ocrx_word' id='word_1_370' title='bbox 1516 4796 1730 4838; x_wconf 90' lang='lat' dir='ltr'><strong>omnem</strong></span> 
     </span>
    </p>
   </div>
   <div class='ocr_carea' id='block_1_53' title="bbox 148 4872 1737 4946">
    <p class='ocr_par' dir='ltr' id='par_1_53' title="bbox 148 4872 1737 4946">
     <span class='ocr_line' id='line_1_53' title="bbox 148 4872 1737 4946; baseline -0.003 -14"><span class='ocrx_word' id='word_1_371' title='bbox 148 4875 534 4946; x_wconf 82' lang='lat' dir='ltr'><strong>cogitationem</strong></span> <span class='ocrx_word' id='word_1_372' title='bbox 558 4882 614 4929; x_wconf 90' lang='lat' dir='ltr'><strong>et</strong></span> <span class='ocrx_word' id='word_1_373' title='bbox 635 4874 936 4943; x_wconf 81' lang='lat' dir='ltr'><strong>loquelam;</strong></span> <span class='ocrx_word' id='word_1_374' title='bbox 953 4872 1267 4929; x_wconf 86' lang='lat' dir='ltr'><strong>benedictus</strong></span> <span class='ocrx_word' id='word_1_375' title='bbox 1287 4887 1362 4938; x_wconf 88' lang='lat' dir='ltr'><strong>es,</strong></span> <span class='ocrx_word' id='word_1_376' title='bbox 1389 4874 1549 4938; x_wconf 87' lang='lat' dir='ltr'><strong>Deus,</strong></span> <span class='ocrx_word' id='word_1_377' title='bbox 1573 4889 1737 4945; x_wconf 89' lang='lat' dir='ltr'><strong>super</strong></span> 
     </span>
    </p>
   </div>
   <div class='ocr_carea' id='block_1_54' title="bbox 147 4964 1733 5035">
    <p class='ocr_par' dir='ltr' id='par_1_54' title="bbox 147 4964 1733 5035">
     <span class='ocr_line' id='line_1_54' title="bbox 147 4964 1733 5035; baseline -0.002 -12"><span class='ocrx_word' id='word_1_378' title='bbox 147 4980 372 5023; x_wconf 90' lang='lat' dir='ltr'><strong>omnem</strong></span> <span class='ocrx_word' id='word_1_379' title='bbox 422 4964 830 5035; x_wconf 82' lang='lat' dir='ltr'><strong>intelligentiam</strong></span> <span class='ocrx_word' id='word_1_380' title='bbox 862 4972 917 5019; x_wconf 88' lang='lat' dir='ltr'><strong>et</strong></span> <span class='ocrx_word' id='word_1_381' title='bbox 951 4964 1263 5031; x_wconf 86' lang='lat' dir='ltr'><strong>scientiam;</strong></span> <span class='ocrx_word' id='word_1_382' title='bbox 1312 4965 1630 5020; x_wconf 82' lang='lat' dir='ltr'><strong>benedictus</strong></span> <span class='ocrx_word' id='word_1_383' title='bbox 1651 4980 1733 5035; x_wconf 89' lang='lat' dir='ltr'><strong>es,</strong></span> 
     </span>
    </p>
   </div>
   <div class='ocr_carea' id='block_1_55' title="bbox 147 5054 1732 5128">
    <p class='ocr_par' dir='ltr' id='par_1_55' title="bbox 147 5054 1732 5128">
     <span class='ocr_line' id='line_1_55' title="bbox 147 5054 1732 5128; baseline -0.003 -13"><span class='ocrx_word' id='word_1_384' title='bbox 147 5060 325 5123; x_wconf 85' lang='lat' dir='ltr'><strong>Deus,</strong></span> <span class='ocrx_word' id='word_1_385' title='bbox 373 5072 535 5128; x_wconf 84' lang='lat' dir='ltr'><strong>supra</strong></span> <span class='ocrx_word' id='word_1_386' title='bbox 583 5071 772 5112; x_wconf 89' lang='lat' dir='ltr'><strong>omnes</strong></span> <span class='ocrx_word' id='word_1_387' title='bbox 827 5057 1051 5112; x_wconf 77' lang='lat' dir='ltr'><strong>thronos</strong></span> <span class='ocrx_word' id='word_1_388' title='bbox 1101 5064 1157 5111; x_wconf 92' lang='lat' dir='ltr'><strong>et</strong></span> <span class='ocrx_word' id='word_1_389' title='bbox 1207 5070 1395 5127; x_wconf 88' lang='lat' dir='ltr'><strong>regna.</strong></span> <span class='ocrx_word' id='word_1_390' title='bbox 1429 5054 1508 5110; x_wconf 91' lang='lat' dir='ltr'><strong>Tu</strong></span> <span class='ocrx_word' id='word_1_391' title='bbox 1538 5056 1732 5111; x_wconf 88' lang='lat' dir='ltr'><strong>misisti</strong></span> 
     </span>
    </p>
   </div>
   <div class='ocr_carea' id='block_1_56' title="bbox 150 5150 1736 5223">
    <p class='ocr_par' dir='ltr' id='par_1_56' title="bbox 150 5150 1736 5223">
     <span class='ocr_line' id='line_1_56' title="bbox 150 5150 1736 5223; baseline -0.002 -15"><span class='ocrx_word' id='word_1_392' title='bbox 150 5168 356 5223; x_wconf 84' lang='lat' dir='ltr'><strong>aquam</strong></span> <span class='ocrx_word' id='word_1_393' title='bbox 405 5158 460 5207; x_wconf 85' lang='lat' dir='ltr'><strong>et</strong></span> <span class='ocrx_word' id='word_1_394' title='bbox 485 5152 684 5223; x_wconf 85' lang='lat' dir='ltr'><strong>ignem,</strong></span> <span class='ocrx_word' id='word_1_395' title='bbox 719 5150 889 5222; x_wconf 85' lang='lat' dir='ltr'><strong>frigus</strong></span> <span class='ocrx_word' id='word_1_396' title='bbox 929 5158 983 5206; x_wconf 88' lang='lat' dir='ltr'><strong>et</strong></span> <span class='ocrx_word' id='word_1_397' title='bbox 1003 5150 1253 5221; x_wconf 84' lang='lat' dir='ltr'><strong>glaciem,</strong></span> <span class='ocrx_word' id='word_1_398' title='bbox 1280 5158 1653 5219; x_wconf 85' lang='lat' dir='ltr'><strong>tempestatem</strong></span> <span class='ocrx_word' id='word_1_399' title='bbox 1680 5158 1736 5205; x_wconf 93' lang='lat' dir='ltr'><strong>et</strong></span> 
     </span>
    </p>
   </div>
   <div class='ocr_carea' id='block_1_57' title="bbox 152 5237 1734 5312">
    <p class='ocr_par' dir='ltr' id='par_1_57' title="bbox 152 5237 1734 5312">
     <span class='ocr_line' id='line_1_57' title="bbox 152 5237 1734 5312; baseline -0.002 -15"><span class='ocrx_word' id='word_1_400' title='bbox 152 5240 407 5297; x_wconf 88' lang='lat' dir='ltr'><strong>turbines</strong></span> <span class='ocrx_word' id='word_1_401' title='bbox 455 5255 618 5312; x_wconf 88' lang='lat' dir='ltr'><strong>super</strong></span> <span class='ocrx_word' id='word_1_402' title='bbox 652 5250 874 5306; x_wconf 88' lang='lat' dir='ltr'><strong>terram,</strong></span> <span class='ocrx_word' id='word_1_403' title='bbox 904 5248 959 5295; x_wconf 91' lang='lat' dir='ltr'><strong>et</strong></span> <span class='ocrx_word' id='word_1_404' title='bbox 1004 5241 1270 5295; x_wconf 87' lang='lat' dir='ltr'><strong>scaturire</strong></span> <span class='ocrx_word' id='word_1_405' title='bbox 1321 5237 1494 5295; x_wconf 89' lang='lat' dir='ltr'><strong>fecisti</strong></span> <span class='ocrx_word' id='word_1_406' title='bbox 1541 5255 1734 5310; x_wconf 88' lang='lat' dir='ltr'><strong>aquam</strong></span> 
     </span>
    </p>
   </div>
   <div class='ocr_carea' id='block_1_58' title="bbox 153 5330 1739 5403">
    <p class='ocr_par' dir='ltr' id='par_1_58' title="bbox 153 5330 1739 5403">
     <span class='ocr_line' id='line_1_58' title="bbox 153 5330 1739 5403; baseline -0.001 -15"><span class='ocrx_word' id='word_1_407' title='bbox 153 5334 229 5388; x_wconf 86' lang='lat' dir='ltr'><strong>de</strong></span> <span class='ocrx_word' id='word_1_408' title='bbox 264 5338 396 5403; x_wconf 85' lang='lat' dir='ltr'><strong>rupe</strong></span> <span class='ocrx_word' id='word_1_409' title='bbox 419 5331 573 5388; x_wconf 89' lang='lat' dir='ltr'><strong>dura.</strong></span> <span class='ocrx_word' id='word_1_410' title='bbox 604 5332 694 5391; x_wconf 81' lang='lat' dir='ltr'><strong>Tu,</strong></span> <span class='ocrx_word' id='word_1_411' title='bbox 727 5347 788 5389; x_wconf 90' lang='lat' dir='ltr'><strong>es</strong></span> <span class='ocrx_word' id='word_1_412' title='bbox 812 5330 995 5403; x_wconf 37' lang='lat' dir='ltr'><strong>quem&#39;</strong></span> <span class='ocrx_word' id='word_1_413' title='bbox 1026 5333 1161 5387; x_wconf 84' lang='lat' dir='ltr'><strong>vidit</strong></span> <span class='ocrx_word' id='word_1_414' title='bbox 1202 5346 1374 5400; x_wconf 88' lang='lat' dir='ltr'><strong>mare,</strong></span> <span class='ocrx_word' id='word_1_415' title='bbox 1401 5340 1456 5386; x_wconf 84' lang='lat' dir='ltr'><strong>et</strong></span> <span class='ocrx_word' id='word_1_416' title='bbox 1482 5330 1649 5401; x_wconf 85' lang='lat' dir='ltr'><strong>fugit;</strong></span> <span class='ocrx_word' id='word_1_417' title='bbox 1683 5344 1739 5388; x_wconf 89' lang='lat' dir='ltr'><strong>et</strong></span> 
     </span>
    </p>
   </div>
   <div class='ocr_carea' id='block_1_59' title="bbox 153 5423 1769 5495">
    <p class='ocr_par' dir='ltr' id='par_1_59' title="bbox 153 5423 1769 5495">
     <span class='ocr_line' id='line_1_59' title="bbox 153 5423 1769 5495; baseline -0.001 -13"><span class='ocrx_word' id='word_1_418' title='bbox 153 5424 416 5482; x_wconf 84' lang='lat' dir='ltr'><strong>Jordanis</strong></span> <span class='ocrx_word' id='word_1_419' title='bbox 443 5435 564 5495; x_wconf 87' lang='lat' dir='ltr'><strong>post</strong></span> <span class='ocrx_word' id='word_1_420' title='bbox 593 5432 648 5480; x_wconf 90' lang='lat' dir='ltr'><strong>te</strong></span> <span class='ocrx_word' id='word_1_421' title='bbox 695 5438 948 5480; x_wconf 87' lang='lat' dir='ltr'><strong>reversus</strong></span> <span class='ocrx_word' id='word_1_422' title='bbox 997 5433 1101 5491; x_wconf 88' lang='lat' dir='ltr'><strong>est,</strong></span> <span class='ocrx_word' id='word_1_423' title='bbox 1130 5431 1425 5479; x_wconf 83' lang='lat' dir='ltr'><strong>et..montcs</strong></span> <span class='ocrx_word' id='word_1_424' title='bbox 1464 5423 1769 5480; x_wconf 39' lang='lat' dir='ltr'><strong>exultavez</strong></span> 
     </span>
    </p>
   </div>
   <div class='ocr_carea' id='block_1_60' title="bbox 154 5511 1736 5586">
    <p class='ocr_par' dir='ltr' id='par_1_60' title="bbox 154 5511 1736 5586">
     <span class='ocr_line' id='line_1_60' title="bbox 154 5511 1736 5586; baseline -0.001 -16"><span class='ocrx_word' id='word_1_425' title='bbox 154 5523 293 5571; x_wconf 88' lang='lat' dir='ltr'><strong>runt</strong></span> <span class='ocrx_word' id='word_1_426' title='bbox 317 5514 457 5570; x_wconf 88' lang='lat' dir='ltr'><strong>sicut</strong></span> <span class='ocrx_word' id='word_1_427' title='bbox 483 5514 639 5579; x_wconf 91' lang='lat' dir='ltr'><strong>hirci,</strong></span> <span class='ocrx_word' id='word_1_428' title='bbox 666 5522 721 5569; x_wconf 91' lang='lat' dir='ltr'><strong>et</strong></span> <span class='ocrx_word' id='word_1_429' title='bbox 747 5513 914 5570; x_wconf 87' lang='lat' dir='ltr'><strong>colles</strong></span> <span class='ocrx_word' id='word_1_430' title='bbox 934 5514 1075 5569; x_wconf 91' lang='lat' dir='ltr'><strong>sicut</strong></span> <span class='ocrx_word' id='word_1_431' title='bbox 1095 5514 1217 5586; x_wconf 84' lang='lat' dir='ltr'><strong>agni</strong></span> <span class='ocrx_word' id='word_1_432' title='bbox 1240 5514 1443 5569; x_wconf 87' lang='lat' dir='ltr'><strong>ovium.</strong></span> <span class='ocrx_word' id='word_1_433' title='bbox 1479 5511 1558 5567; x_wconf 86' lang='lat' dir='ltr'><strong>T-u</strong></span> <span class='ocrx_word' id='word_1_434' title='bbox 1580 5528 1639 5569; x_wconf 89' lang='lat' dir='ltr'><strong>es</strong></span> <span class='ocrx_word' id='word_1_435' title='bbox 1668 5513 1736 5569; x_wconf 92' lang='lat' dir='ltr'><strong>de</strong></span> 
     </span>
    </p>
   </div>
   <div class='ocr_carea' id='block_1_61' title="bbox 159 5602 1740 5679">
    <p class='ocr_par' dir='ltr' id='par_1_61' title="bbox 159 5602 1740 5679">
     <span class='ocr_line' id='line_1_61' title="bbox 159 5602 1740 5679; baseline -0.001 -19"><span class='ocrx_word' id='word_1_436' title='bbox 159 5621 294 5677; x_wconf 92' lang='lat' dir='ltr'><strong>quo,</strong></span> <span class='ocrx_word' id='word_1_437' title='bbox 313 5615 370 5661; x_wconf 90' lang='lat' dir='ltr'><strong>et</strong></span> <span class='ocrx_word' id='word_1_438' title='bbox 390 5608 456 5662; x_wconf 89' lang='lat' dir='ltr'><strong>de</strong></span> <span class='ocrx_word' id='word_1_439' title='bbox 476 5605 809 5679; x_wconf 86' lang='lat' dir='ltr'><strong>benignitate</strong></span> <span class='ocrx_word' id='word_1_440' title='bbox 834 5604 988 5676; x_wconf 88' lang='lat' dir='ltr'><strong>cujus</strong></span> <span class='ocrx_word' id='word_1_441' title='bbox 1009 5604 1376 5661; x_wconf 88' lang='lat' dir='ltr'><strong>testimonium</strong></span> <span class='ocrx_word' id='word_1_442' title='bbox 1406 5602 1553 5660; x_wconf 91' lang='lat' dir='ltr'><strong>dedit</strong></span> <span class='ocrx_word' id='word_1_443' title='bbox 1577 5602 1740 5661; x_wconf 80' lang='lat' dir='ltr'><strong>Joan-</strong></span> 
     </span>
    </p>
   </div>
   <div class='ocr_carea' id='block_1_62' title="bbox 161 5695 1736 5768">
    <p class='ocr_par' dir='ltr' id='par_1_62' title="bbox 161 5695 1736 5768">
     <span class='ocr_line' id='line_1_62' title="bbox 161 5695 1736 5768; baseline 0 -15"><span class='ocrx_word' id='word_1_444' title='bbox 161 5711 281 5764; x_wconf 89' lang='lat' dir='ltr'><strong>nes,</strong></span> <span class='ocrx_word' id='word_1_445' title='bbox 303 5698 395 5768; x_wconf 91' lang='lat' dir='ltr'><strong>qui</strong></span> <span class='ocrx_word' id='word_1_446' title='bbox 425 5696 624 5753; x_wconf 85' lang='lat' dir='ltr'><strong>missus</strong></span> <span class='ocrx_word' id='word_1_447' title='bbox 649 5704 733 5753; x_wconf 89' lang='lat' dir='ltr'><strong>est</strong></span> <span class='ocrx_word' id='word_1_448' title='bbox 751 5705 878 5753; x_wconf 91' lang='lat' dir='ltr'><strong>ante</strong></span> <span class='ocrx_word' id='word_1_449' title='bbox 931 5705 1003 5765; x_wconf 87' lang='lat' dir='ltr'><strong>te,</strong></span> <span class='ocrx_word' id='word_1_450' title='bbox 1030 5695 1274 5752; x_wconf 84' lang='lat' dir='ltr'><strong>clamans</strong></span> <span class='ocrx_word' id='word_1_451' title='bbox 1303 5708 1437 5752; x_wconf 86' lang='lat' dir='ltr'><strong>voce</strong></span> <span class='ocrx_word' id='word_1_452' title='bbox 1470 5697 1736 5767; x_wconf 64' lang='lat' dir='ltr'><strong>praeconis</strong></span> 
     </span>
    </p>
   </div>
   <div class='ocr_carea' id='block_1_63' title="bbox 166 5786 1739 5861">
    <p class='ocr_par' dir='ltr' id='par_1_63' title="bbox 166 5786 1739 5861">
     <span class='ocr_line' id='line_1_63' title="bbox 166 5786 1739 5861; baseline 0.003 -19"><span class='ocrx_word' id='word_1_453' title='bbox 166 5790 221 5848; x_wconf 90' lang='lat' dir='ltr'><strong>in</strong></span> <span class='ocrx_word' id='word_1_454' title='bbox 243 5790 516 5847; x_wconf 88' lang='lat' dir='ltr'><strong>desertum</strong></span> <span class='ocrx_word' id='word_1_455' title='bbox 530 5801 583 5848; x_wconf 86' lang='lat' dir='ltr'><strong>et</strong></span> <span class='ocrx_word' id='word_1_456' title='bbox 597 5790 781 5849; x_wconf 90' lang='lat' dir='ltr'><strong>dicens</strong></span> <span class='ocrx_word' id='word_1_457' title='bbox 805 5804 819 5847; x_wconf 87' lang='lat'><strong>:</strong></span> <span class='ocrx_word' id='word_1_458' title='bbox 849 5789 1097 5847; x_wconf 82' lang='lat' dir='ltr'><strong>Mundate</strong></span> <span class='ocrx_word' id='word_1_459' title='bbox 1113 5789 1253 5846; x_wconf 87' lang='lat' dir='ltr'><strong>viam</strong></span> <span class='ocrx_word' id='word_1_460' title='bbox 1277 5786 1510 5858; x_wconf 80' lang='lat' dir='ltr'><strong>Damini,</strong></span> <span class='ocrx_word' id='word_1_461' title='bbox 1529 5800 1739 5861; x_wconf 65' lang='lat' dir='ltr'><strong>mquate</strong></span> 
     </span>
    </p>
   </div>
   <div class='ocr_carea' id='block_1_64' title="bbox 1808 764 3393 841">
    <p class='ocr_par' dir='ltr' id='par_1_64' title="bbox 1808 764 3393 841">
     <span class='ocr_line' id='line_1_64' title="bbox 1808 764 3393 841; baseline 0.004 -22"><span class='ocrx_word' id='word_1_462' title='bbox 1808 764 2001 821; x_wconf 85' lang='lat' dir='ltr'><strong>tismus</strong></span> <span class='ocrx_word' id='word_1_463' title='bbox 2029 773 2173 832; x_wconf 88' lang='lat' dir='ltr'><strong>tuus,</strong></span> <span class='ocrx_word' id='word_1_464' title='bbox 2203 768 2294 838; x_wconf 91' lang='lat' dir='ltr'><strong>qui</strong></span> <span class='ocrx_word' id='word_1_465' title='bbox 2326 776 2412 824; x_wconf 89' lang='lat' dir='ltr'><strong>est</strong></span> <span class='ocrx_word' id='word_1_466' title='bbox 2439 783 2578 824; x_wconf 89' lang='lat' dir='ltr'><strong>nova</strong></span> <span class='ocrx_word' id='word_1_467' title='bbox 2614 771 2911 841; x_wconf 89' lang='lat' dir='ltr'><strong>generatio,</strong></span> <span class='ocrx_word' id='word_1_468' title='bbox 2940 779 2996 826; x_wconf 91' lang='lat' dir='ltr'><strong>et</strong></span> <span class='ocrx_word' id='word_1_469' title='bbox 3024 770 3133 825; x_wconf 88' lang='lat' dir='ltr'><strong>vita</strong></span> <span class='ocrx_word' id='word_1_470' title='bbox 3161 782 3393 838; x_wconf 64' lang='lat' dir='ltr'><strong>reterns,</strong></span> 
     </span>
    </p>
   </div>
   <div class='ocr_carea' id='block_1_65' title="bbox 1806 857 2694 926">
    <p class='ocr_par' dir='ltr' id='par_1_65' title="bbox 1806 857 2694 926">
     <span class='ocr_line' id='line_1_65' title="bbox 1806 857 2694 926; baseline 0.009 -17"><span class='ocrx_word' id='word_1_471' title='bbox 1806 862 1863 909; x_wconf 86' lang='lat' dir='ltr'><strong>et</strong></span> <span class='ocrx_word' id='word_1_472' title='bbox 1888 867 2278 926; x_wconf 86' lang='lat' dir='ltr'><strong>regenerentur</strong></span> <span class='ocrx_word' id='word_1_473' title='bbox 2305 857 2359 912; x_wconf 92' lang='lat' dir='ltr'><strong>hi</strong></span> <span class='ocrx_word' id='word_1_474' title='bbox 2384 857 2574 916; x_wconf 84' lang='lat' dir='ltr'><strong>famuli</strong></span> <span class='ocrx_word' id='word_1_475' title='bbox 2599 861 2694 917; x_wconf 89' lang='lat' dir='ltr'><strong>tui.</strong></span> 
     </span>
    </p>
   </div>
   <div class='ocr_carea' id='block_1_66' title="bbox 1878 965 2983 1045">
    <p class='ocr_par' dir='ltr' id='par_1_66' title="bbox 1878 965 2983 1045">
     <span class='ocr_line' id='line_1_66' title="bbox 1878 965 2983 1045; baseline 0.011 -26"><span class='ocrx_word' id='word_1_476' title='bbox 1878 965 2149 1021; x_wconf 82' lang='lat' dir='ltr'><strong>Diaconus</strong></span> <span class='ocrx_word' id='word_1_477' title='bbox 2173 967 2300 1022; x_wconf 83' lang='lat' dir='ltr'><strong>dicit</strong></span> <span class='ocrx_word' id='word_1_478' title='bbox 2330 981 2349 1020; x_wconf 91' lang='lat'><em>:</em></span> <span class='ocrx_word' id='word_1_479' title='bbox 2373 967 2474 1039; x_wconf 81' lang='lat' dir='ltr'><strong>Qui</strong></span> <span class='ocrx_word' id='word_1_480' title='bbox 2504 971 2695 1030; x_wconf 85' lang='lat' dir='ltr'><strong>sedent</strong></span> <span class='ocrx_word' id='word_1_481' title='bbox 2722 981 2983 1045; x_wconf 61' lang='lat' dir='ltr'><strong>surgant,</strong></span> 
     </span>
    </p>
   </div>
   <div class='ocr_carea' id='block_1_67' title="bbox 1882 1054 3398 1141">
    <p class='ocr_par' dir='ltr' id='par_1_67' title="bbox 1882 1054 3398 1141">
     <span class='ocr_line' id='line_1_67' title="bbox 1882 1054 3398 1141; baseline 0.011 -31"><span class='ocrx_word' id='word_1_482' title='bbox 1882 1054 2141 1113; x_wconf 86' lang='lat' dir='ltr'><strong>Sacerdos</strong></span> <span class='ocrx_word' id='word_1_483' title='bbox 2189 1069 2364 1130; x_wconf 86' lang='lat' dir='ltr'><strong>autem</strong></span> <span class='ocrx_word' id='word_1_484' title='bbox 2416 1062 2544 1117; x_wconf 85' lang='lat' dir='ltr'><strong>dicit</strong></span> <span class='ocrx_word' id='word_1_485' title='bbox 2571 1080 2590 1119; x_wconf 91' lang='lat'><strong><em>:</em></strong></span> <span class='ocrx_word' id='word_1_486' title='bbox 2621 1065 2871 1133; x_wconf 84' lang='lat' dir='ltr'><strong>Domine,</strong></span> <span class='ocrx_word' id='word_1_487' title='bbox 2907 1083 2940 1123; x_wconf 95' lang='lat' dir='ltr'><strong>o</strong></span> <span class='ocrx_word' id='word_1_488' title='bbox 2965 1069 3212 1136; x_wconf 78' lang='lat' dir='ltr'><strong>Domine,</strong></span> <span class='ocrx_word' id='word_1_489' title='bbox 3242 1080 3398 1141; x_wconf 84' lang='lat' dir='ltr'><strong>pater</strong></span> 
     </span>
    </p>
   </div>
   <div class='ocr_carea' id='block_1_68' title="bbox 1812 1144 3390 1226">
    <p class='ocr_par' dir='ltr' id='par_1_68' title="bbox 1812 1144 3390 1226">
     <span class='ocr_line' id='line_1_68' title="bbox 1812 1144 3390 1226; baseline 0.01 -27"><span class='ocrx_word' id='word_1_490' title='bbox 1812 1144 1974 1209; x_wconf 88' lang='lat' dir='ltr'><strong>bone,</strong></span> <span class='ocrx_word' id='word_1_491' title='bbox 2015 1145 2161 1201; x_wconf 90' lang='lat' dir='ltr'><strong>Deus</strong></span> <span class='ocrx_word' id='word_1_492' title='bbox 2202 1156 2391 1204; x_wconf 91' lang='lat' dir='ltr'><strong>noster</strong></span> <span class='ocrx_word' id='word_1_493' title='bbox 2412 1152 2773 1223; x_wconf 90' lang='lat' dir='ltr'><strong>omnipotens,</strong></span> <span class='ocrx_word' id='word_1_494' title='bbox 2805 1153 2968 1211; x_wconf 88' lang='lat' dir='ltr'><strong>Pater</strong></span> <span class='ocrx_word' id='word_1_495' title='bbox 2995 1157 3228 1224; x_wconf 87' lang='lat' dir='ltr'><strong>Domini,</strong></span> <span class='ocrx_word' id='word_1_496' title='bbox 3265 1160 3390 1226; x_wconf 91' lang='lat' dir='ltr'><strong>Dei,</strong></span> 
     </span>
    </p>
   </div>
   <div class='ocr_carea' id='block_1_69' title="bbox 1810 1234 3393 1313">
    <p class='ocr_par' dir='ltr' id='par_1_69' title="bbox 1810 1234 3393 1313">
     <span class='ocr_line' id='line_1_69' title="bbox 1810 1234 3393 1313; baseline 0.01 -25"><span class='ocrx_word' id='word_1_497' title='bbox 1810 1244 1866 1289; x_wconf 92' lang='lat' dir='ltr'><strong>et</strong></span> <span class='ocrx_word' id='word_1_498' title='bbox 1892 1234 2273 1307; x_wconf 80' lang='lat' dir='ltr'><strong>Redemptoris</strong></span> <span class='ocrx_word' id='word_1_499' title='bbox 2322 1242 2492 1296; x_wconf 91' lang='lat' dir='ltr'><strong>nostri</strong></span> <span class='ocrx_word' id='word_1_500' title='bbox 2520 1241 2651 1298; x_wconf 84' lang='lat' dir='ltr'><strong>Jcsu</strong></span> <span class='ocrx_word' id='word_1_501' title='bbox 2691 1243 2915 1313; x_wconf 86' lang='lat' dir='ltr'><strong>Christi,</strong></span> <span class='ocrx_word' id='word_1_502' title='bbox 2947 1245 3123 1302; x_wconf 87' lang='lat' dir='ltr'><strong>factor</strong></span> <span class='ocrx_word' id='word_1_503' title='bbox 3147 1248 3393 1304; x_wconf 87' lang='lat' dir='ltr'><strong>omnium</strong></span> 
     </span>
    </p>
   </div>
   <div class='ocr_carea' id='block_1_70' title="bbox 1811 1333 3396 1404">
    <p class='ocr_par' dir='ltr' id='par_1_70' title="bbox 1811 1333 3396 1404">
     <span class='ocr_line' id='line_1_70' title="bbox 1811 1333 3396 1404; baseline 0.008 -24"><span class='ocrx_word' id='word_1_504' title='bbox 1811 1335 2184 1382; x_wconf 87' lang='lat' dir='ltr'><strong>creaturarum</strong></span> <span class='ocrx_word' id='word_1_505' title='bbox 2211 1343 2348 1399; x_wconf 89' lang='lat' dir='ltr'><strong>quas</strong></span> <span class='ocrx_word' id='word_1_506' title='bbox 2372 1333 2666 1389; x_wconf 88' lang='lat' dir='ltr'><strong>ostendunt</strong></span> <span class='ocrx_word' id='word_1_507' title='bbox 2693 1335 2915 1402; x_wconf 85' lang='lat' dir='ltr'><strong>coelum,</strong></span> <span class='ocrx_word' id='word_1_508' title='bbox 2941 1346 3103 1404; x_wconf 89' lang='lat' dir='ltr'><strong>terra,</strong></span> <span class='ocrx_word' id='word_1_509' title='bbox 3141 1347 3194 1394; x_wconf 95' lang='lat' dir='ltr'><strong>et</strong></span> <span class='ocrx_word' id='word_1_510' title='bbox 3221 1352 3396 1403; x_wconf 84' lang='lat' dir='ltr'><strong>mare,</strong></span> 
     </span>
    </p>
   </div>
   <div class='ocr_carea' id='block_1_71' title="bbox 1811 1418 3400 1491">
    <p class='ocr_par' dir='ltr' id='par_1_71' title="bbox 1811 1418 3400 1491">
     <span class='ocr_line' id='line_1_71' title="bbox 1811 1418 3400 1491; baseline 0.009 -21"><span class='ocrx_word' id='word_1_511' title='bbox 1811 1425 1866 1471; x_wconf 94' lang='lat' dir='ltr'><strong>et</strong></span> <span class='ocrx_word' id='word_1_512' title='bbox 1889 1418 2128 1473; x_wconf 91' lang='lat' dir='ltr'><strong>omnium</strong></span> <span class='ocrx_word' id='word_1_513' title='bbox 2176 1435 2296 1489; x_wconf 68' lang='lat' dir='ltr'><strong>quae</strong></span> <span class='ocrx_word' id='word_1_514' title='bbox 2325 1421 2378 1476; x_wconf 92' lang='lat' dir='ltr'><strong>in</strong></span> <span class='ocrx_word' id='word_1_515' title='bbox 2404 1423 2485 1478; x_wconf 88' lang='lat' dir='ltr'><strong>eis</strong></span> <span class='ocrx_word' id='word_1_516' title='bbox 2516 1423 2705 1491; x_wconf 87' lang='lat' dir='ltr'><strong>latent,</strong></span> <span class='ocrx_word' id='word_1_517' title='bbox 2751 1425 2927 1482; x_wconf 86' lang='lat' dir='ltr'><strong>factor</strong></span> <span class='ocrx_word' id='word_1_518' title='bbox 2958 1428 3198 1485; x_wconf 91' lang='lat' dir='ltr'><strong>omnium</strong></span> <span class='ocrx_word' id='word_1_519' title='bbox 3245 1443 3400 1484; x_wconf 89' lang='lat' dir='ltr'><strong>crea-</strong></span> 
     </span>
    </p>
   </div>
   <div class='ocr_carea' id='block_1_72' title="bbox 1812 1510 3397 1592">
    <p class='ocr_par' dir='ltr' id='par_1_72' title="bbox 1812 1510 3397 1592">
     <span class='ocr_line' id='line_1_72' title="bbox 1812 1510 3397 1592; baseline 0.008 -29"><span class='ocrx_word' id='word_1_520' title='bbox 1812 1518 2077 1577; x_wconf 87' lang='lat' dir='ltr'><strong>turarum,</strong></span> <span class='ocrx_word' id='word_1_521' title='bbox 2102 1510 2398 1568; x_wconf 87' lang='lat' dir='ltr'><strong>visibilium</strong></span> <span class='ocrx_word' id='word_1_522' title='bbox 2429 1523 2485 1569; x_wconf 88' lang='lat' dir='ltr'><strong>et</strong></span> <span class='ocrx_word' id='word_1_523' title='bbox 2527 1516 2900 1584; x_wconf 85' lang='lat' dir='ltr'><strong>invisibilium,</strong></span> <span class='ocrx_word' id='word_1_524' title='bbox 2926 1519 3018 1589; x_wconf 88' lang='lat' dir='ltr'><strong>qui</strong></span> <span class='ocrx_word' id='word_1_525' title='bbox 3052 1521 3397 1592; x_wconf 88' lang='lat' dir='ltr'><strong>congregasti</strong></span> 
     </span>
    </p>
   </div>
   <div class='ocr_carea' id='block_1_73' title="bbox 1813 1602 3402 1678">
    <p class='ocr_par' dir='ltr' id='par_1_73' title="bbox 1813 1602 3402 1678">
     <span class='ocr_line' id='line_1_73' title="bbox 1813 1602 3402 1678; baseline 0.007 -24"><span class='ocrx_word' id='word_1_526' title='bbox 1813 1615 1983 1671; x_wconf 92' lang='lat' dir='ltr'><strong>aquas</strong></span> <span class='ocrx_word' id='word_1_527' title='bbox 2022 1602 2076 1657; x_wconf 88' lang='lat' dir='ltr'><strong>in</strong></span> <span class='ocrx_word' id='word_1_528' title='bbox 2099 1602 2284 1659; x_wconf 86' lang='lat' dir='ltr'><strong>alveos</strong></span> <span class='ocrx_word' id='word_1_529' title='bbox 2310 1619 2458 1671; x_wconf 91' lang='lat' dir='ltr'><strong>suos,</strong></span> <span class='ocrx_word' id='word_1_530' title='bbox 2491 1607 2584 1678; x_wconf 91' lang='lat' dir='ltr'><strong>qui</strong></span> <span class='ocrx_word' id='word_1_531' title='bbox 2626 1610 2849 1677; x_wconf 85' lang='lat' dir='ltr'><strong>creasti,</strong></span> <span class='ocrx_word' id='word_1_532' title='bbox 2879 1609 3235 1676; x_wconf 49' lang='lat' dir='ltr'><strong>formastiget</strong></span> <span class='ocrx_word' id='word_1_533' title='bbox 3256 1610 3402 1667; x_wconf 88' lang='lat' dir='ltr'><strong>obsi-</strong></span> 
     </span>
    </p>
   </div>
   <div class='ocr_carea' id='block_1_74' title="bbox 1814 1693 3402 1766">
    <p class='ocr_par' dir='ltr' id='par_1_74' title="bbox 1814 1693 3402 1766">
     <span class='ocr_line' id='line_1_74' title="bbox 1814 1693 3402 1766; baseline 0.006 -21"><span class='ocrx_word' id='word_1_534' title='bbox 1814 1693 2010 1763; x_wconf 87' lang='lat' dir='ltr'><strong>gnasti,</strong></span> <span class='ocrx_word' id='word_1_535' title='bbox 2034 1700 2091 1748; x_wconf 88' lang='lat' dir='ltr'><strong>ct</strong></span> <span class='ocrx_word' id='word_1_536' title='bbox 2114 1707 2233 1764; x_wconf 65' lang='lat' dir='ltr'><strong>quae</strong></span> <span class='ocrx_word' id='word_1_537' title='bbox 2254 1708 2418 1766; x_wconf 88' lang='lat' dir='ltr'><strong>super</strong></span> <span class='ocrx_word' id='word_1_538' title='bbox 2446 1696 2617 1752; x_wconf 67' lang='lat' dir='ltr'><strong>caelos</strong></span> <span class='ocrx_word' id='word_1_539' title='bbox 2641 1706 2788 1764; x_wconf 89' lang='lat' dir='ltr'><strong>sunt,</strong></span> <span class='ocrx_word' id='word_1_540' title='bbox 2819 1708 2874 1753; x_wconf 91' lang='lat' dir='ltr'><strong>tu</strong></span> <span class='ocrx_word' id='word_1_541' title='bbox 2907 1700 3200 1756; x_wconf 90' lang='lat' dir='ltr'><strong>coercuisti</strong></span> <span class='ocrx_word' id='word_1_542' title='bbox 3230 1715 3402 1766; x_wconf 87' lang='lat' dir='ltr'><strong>mare,</strong></span> 
     </span>
    </p>
   </div>
   <div class='ocr_carea' id='block_1_75' title="bbox 1816 1783 3397 1866">
    <p class='ocr_par' dir='ltr' id='par_1_75' title="bbox 1816 1783 3397 1866">
     <span class='ocr_line' id='line_1_75' title="bbox 1816 1783 3397 1866; baseline 0.008 -29"><span class='ocrx_word' id='word_1_543' title='bbox 1816 1791 1871 1838; x_wconf 89' lang='lat' dir='ltr'><strong>et</strong></span> <span class='ocrx_word' id='word_1_544' title='bbox 1898 1783 2114 1841; x_wconf 81' lang='lat' dir='ltr'><strong>ﬂumina</strong></span> <span class='ocrx_word' id='word_1_545' title='bbox 2138 1787 2337 1843; x_wconf 90' lang='lat' dir='ltr'><strong>virtute</strong></span> <span class='ocrx_word' id='word_1_546' title='bbox 2366 1796 2482 1856; x_wconf 89' lang='lat' dir='ltr'><strong>tua,</strong></span> <span class='ocrx_word' id='word_1_547' title='bbox 2505 1789 2821 1862; x_wconf 90' lang='lat' dir='ltr'><strong>confregisti</strong></span> <span class='ocrx_word' id='word_1_548' title='bbox 2853 1793 3036 1863; x_wconf 89' lang='lat' dir='ltr'><strong>capita</strong></span> <span class='ocrx_word' id='word_1_549' title='bbox 3064 1792 3319 1849; x_wconf 90' lang='lat' dir='ltr'><strong>draconis</strong></span> <span class='ocrx_word' id='word_1_550' title='bbox 3342 1793 3397 1866; x_wconf 89' lang='lat' dir='ltr'><strong>in</strong></span> 
     </span>
    </p>
   </div>
   <div class='ocr_carea' id='block_1_76' title="bbox 1821 1879 3402 1958">
    <p class='ocr_par' dir='ltr' id='par_1_76' title="bbox 1821 1879 3402 1958">
     <span class='ocr_line' id='line_1_76' title="bbox 1821 1879 3402 1958; baseline 0.006 -28"><span class='ocrx_word' id='word_1_551' title='bbox 1821 1891 1985 1947; x_wconf 82' lang='lat' dir='ltr'><strong>aqua,</strong></span> <span class='ocrx_word' id='word_1_552' title='bbox 2015 1886 2071 1933; x_wconf 89' lang='lat' dir='ltr'><strong>tu</strong></span> <span class='ocrx_word' id='word_1_553' title='bbox 2097 1879 2353 1936; x_wconf 87' lang='lat' dir='ltr'><strong>terribilis</strong></span> <span class='ocrx_word' id='word_1_554' title='bbox 2373 1896 2433 1937; x_wconf 89' lang='lat' dir='ltr'><strong>es</strong></span> <span class='ocrx_word' id='word_1_555' title='bbox 2448 1881 2592 1953; x_wconf 90' lang='lat' dir='ltr'><strong>(quis</strong></span> <span class='ocrx_word' id='word_1_556' title='bbox 2611 1884 2755 1943; x_wconf 89' lang='lat' dir='ltr'><strong>enim</strong></span> <span class='ocrx_word' id='word_1_557' title='bbox 2785 1884 2880 1941; x_wconf 88' lang='lat' dir='ltr'><strong>tibi</strong></span> <span class='ocrx_word' id='word_1_558' title='bbox 2902 1884 3121 1942; x_wconf 90' lang='lat' dir='ltr'><strong>obstare</strong></span> <span class='ocrx_word' id='word_1_559' title='bbox 3144 1886 3402 1958; x_wconf 60' lang='lat' dir='ltr'><strong>potes”),</strong></span> 
     </span>
    </p>
   </div>
   <div class='ocr_carea' id='block_1_77' title="bbox 1817 1974 3401 2050">
    <p class='ocr_par' dir='ltr' id='par_1_77' title="bbox 1817 1974 3401 2050">
     <span class='ocr_line' id='line_1_77' title="bbox 1817 1974 3401 2050; baseline 0.005 -23"><span class='ocrx_word' id='word_1_560' title='bbox 1817 1974 2017 2044; x_wconf 86' lang='lat' dir='ltr'><strong>aspice,</strong></span> <span class='ocrx_word' id='word_1_561' title='bbox 2045 1975 2290 2043; x_wconf 91' lang='lat' dir='ltr'><strong>Domine,</strong></span> <span class='ocrx_word' id='word_1_562' title='bbox 2319 1991 2485 2047; x_wconf 92' lang='lat' dir='ltr'><strong>super</strong></span> <span class='ocrx_word' id='word_1_563' title='bbox 2512 1978 2681 2044; x_wconf 81' lang='lat' dir='ltr'><strong>hanc,</strong></span> <span class='ocrx_word' id='word_1_564' title='bbox 2704 1994 2867 2050; x_wconf 84' lang='lat' dir='ltr'><strong>quant</strong></span> <span class='ocrx_word' id='word_1_565' title='bbox 2891 1978 3065 2035; x_wconf 85' lang='lat' dir='ltr'><strong>fecisti</strong></span> <span class='ocrx_word' id='word_1_566' title='bbox 3096 1995 3315 2050; x_wconf 86' lang='lat' dir='ltr'><strong>aquam,</strong></span> <span class='ocrx_word' id='word_1_567' title='bbox 3343 1990 3401 2035; x_wconf 82' lang='lat' dir='ltr'><strong>et</strong></span> 
     </span>
    </p>
   </div>
   <div class='ocr_carea' id='block_1_78' title="bbox 1818 2064 3405 2137">
    <p class='ocr_par' dir='ltr' id='par_1_78' title="bbox 1818 2064 3405 2137">
     <span class='ocr_line' id='line_1_78' title="bbox 1818 2064 3405 2137; baseline 0.003 -18"><span class='ocrx_word' id='word_1_568' title='bbox 1818 2064 1883 2120; x_wconf 89' lang='lat' dir='ltr'><strong>da</strong></span> <span class='ocrx_word' id='word_1_569' title='bbox 1915 2064 1964 2120; x_wconf 91' lang='lat' dir='ltr'><strong>ei</strong></span> <span class='ocrx_word' id='word_1_570' title='bbox 2001 2065 2255 2137; x_wconf 89' lang='lat' dir='ltr'><strong>gratiam,</strong></span> <span class='ocrx_word' id='word_1_571' title='bbox 2285 2066 2542 2134; x_wconf 75' lang='lat' dir='ltr'><strong>salutem,</strong></span> <span class='ocrx_word' id='word_1_572' title='bbox 2581 2078 2640 2123; x_wconf 91' lang='lat' dir='ltr'><strong>et</strong></span> <span class='ocrx_word' id='word_1_573' title='bbox 2665 2069 3102 2125; x_wconf 90' lang='lat' dir='ltr'><strong>benedictionem</strong></span> <span class='ocrx_word' id='word_1_574' title='bbox 3131 2069 3405 2134; x_wconf 68' lang='lat' dir='ltr'><strong>Iordanis,</strong></span> 
     </span>
    </p>
   </div>
   <div class='ocr_carea' id='block_1_79' title="bbox 1820 2154 3405 2232">
    <p class='ocr_par' dir='ltr' id='par_1_79' title="bbox 1820 2154 3405 2232">
     <span class='ocr_line' id='line_1_79' title="bbox 1820 2154 3405 2232; baseline 0.003 -24"><span class='ocrx_word' id='word_1_575' title='bbox 1820 2162 1878 2209; x_wconf 84' lang='lat' dir='ltr'><strong>ut</strong></span> <span class='ocrx_word' id='word_1_576' title='bbox 1905 2155 1973 2209; x_wconf 89' lang='lat' dir='ltr'><strong>ab</strong></span> <span class='ocrx_word' id='word_1_577' title='bbox 2002 2169 2064 2209; x_wconf 89' lang='lat' dir='ltr'><strong>ea</strong></span> <span class='ocrx_word' id='word_1_578' title='bbox 2111 2154 2320 2226; x_wconf 84' lang='lat' dir='ltr'><strong>fugiant</strong></span> <span class='ocrx_word' id='word_1_579' title='bbox 2348 2158 2532 2212; x_wconf 90' lang='lat' dir='ltr'><strong>omnia</strong></span> <span class='ocrx_word' id='word_1_580' title='bbox 2563 2173 2685 2227; x_wconf 70' lang='lat' dir='ltr'><strong>quae</strong></span> <span class='ocrx_word' id='word_1_581' title='bbox 2742 2159 3108 2232; x_wconf 88' lang='lat' dir='ltr'><strong>malignantur</strong></span> <span class='ocrx_word' id='word_1_582' title='bbox 3144 2160 3405 2216; x_wconf 78' lang='lat' dir='ltr'><strong>adversus</strong></span> 
     </span>
    </p>
   </div>
   <div class='ocr_carea' id='block_1_80' title="bbox 1821 2248 3403 2322">
    <p class='ocr_par' dir='ltr' id='par_1_80' title="bbox 1821 2248 3403 2322">
     <span class='ocr_line' id='line_1_80' title="bbox 1821 2248 3403 2322; baseline 0.001 -19"><span class='ocrx_word' id='word_1_583' title='bbox 1821 2256 2107 2305; x_wconf 85' lang='lat' dir='ltr'><strong>creaturas</strong></span> <span class='ocrx_word' id='word_1_584' title='bbox 2124 2256 2267 2316; x_wconf 85' lang='lat' dir='ltr'><strong>tuas,</strong></span> <span class='ocrx_word' id='word_1_585' title='bbox 2297 2248 2553 2322; x_wconf 87' lang='lat' dir='ltr'><strong>quoniam</strong></span> <span class='ocrx_word' id='word_1_586' title='bbox 2581 2249 2829 2306; x_wconf 84' lang='lat' dir='ltr'><strong>invocavi</strong></span> <span class='ocrx_word' id='word_1_587' title='bbox 2862 2266 3058 2306; x_wconf 87' lang='lat' dir='ltr'><strong>nomen</strong></span> <span class='ocrx_word' id='word_1_588' title='bbox 3089 2260 3238 2306; x_wconf 90' lang='lat' dir='ltr'><strong>tuum</strong></span> <span class='ocrx_word' id='word_1_589' title='bbox 3271 2267 3403 2306; x_wconf 89' lang='lat' dir='ltr'><strong>san-</strong></span> 
     </span>
    </p>
   </div>
   <div class='ocr_carea' id='block_1_81' title="bbox 1824 2338 3404 2412">
    <p class='ocr_par' dir='ltr' id='par_1_81' title="bbox 1824 2338 3404 2412">
     <span class='ocr_line' id='line_1_81' title="bbox 1824 2338 3404 2412; baseline 0.001 -20"><span class='ocrx_word' id='word_1_590' title='bbox 1824 2344 1969 2392; x_wconf 89' lang='lat' dir='ltr'><strong>ctum</strong></span> <span class='ocrx_word' id='word_1_591' title='bbox 1996 2345 2050 2392; x_wconf 91' lang='lat' dir='ltr'><strong>et</strong></span> <span class='ocrx_word' id='word_1_592' title='bbox 2079 2338 2483 2405; x_wconf 79' lang='lat' dir='ltr'><strong>admirandum,</strong></span> <span class='ocrx_word' id='word_1_593' title='bbox 2512 2340 2656 2411; x_wconf 92' lang='lat' dir='ltr'><strong>quod</strong></span> <span class='ocrx_word' id='word_1_594' title='bbox 2678 2340 2894 2412; x_wconf 90' lang='lat' dir='ltr'><strong>plenum</strong></span> <span class='ocrx_word' id='word_1_595' title='bbox 2916 2350 2999 2397; x_wconf 91' lang='lat' dir='ltr'><strong>est</strong></span> <span class='ocrx_word' id='word_1_596' title='bbox 3023 2342 3193 2412; x_wconf 87' lang='lat' dir='ltr'><strong>gloria</strong></span> <span class='ocrx_word' id='word_1_597' title='bbox 3208 2351 3261 2398; x_wconf 86' lang='lat' dir='ltr'><strong>et</strong></span> <span class='ocrx_word' id='word_1_598' title='bbox 3294 2350 3404 2395; x_wconf 89' lang='lat' dir='ltr'><strong>ter-</strong></span> 
     </span>
    </p>
   </div>
   <div class='ocr_carea' id='block_1_82' title="bbox 1824 2429 3083 2502">
    <p class='ocr_par' dir='ltr' id='par_1_82' title="bbox 1824 2429 3083 2502">
     <span class='ocr_line' id='line_1_82' title="bbox 1824 2429 3083 2502; baseline 0.004 -20"><span class='ocrx_word' id='word_1_599' title='bbox 1824 2440 1951 2482; x_wconf 82' lang='lat' dir='ltr'><strong>rore</strong></span> <span class='ocrx_word' id='word_1_600' title='bbox 1974 2429 2236 2485; x_wconf 86' lang='lat' dir='ltr'><strong>adversus</strong></span> <span class='ocrx_word' id='word_1_601' title='bbox 2263 2445 2349 2497; x_wconf 88' lang='lat' dir='ltr'><strong>ea,</strong></span> <span class='ocrx_word' id='word_1_602' title='bbox 2377 2446 2498 2502; x_wconf 64' lang='lat' dir='ltr'><strong>quae</strong></span> <span class='ocrx_word' id='word_1_603' title='bbox 2527 2431 2684 2487; x_wconf 88' lang='lat' dir='ltr'><strong>nobis</strong></span> <span class='ocrx_word' id='word_1_604' title='bbox 2707 2432 3083 2489; x_wconf 88' lang='lat' dir='ltr'><strong>adversantur.</strong></span> 
     </span>
    </p>
   </div>
   <div class='ocr_carea' id='block_1_83' title="bbox 1894 2546 3025 2619">
    <p class='ocr_par' dir='ltr' id='par_1_83' title="bbox 1894 2546 3025 2619">
     <span class='ocr_line' id='line_1_83' title="bbox 1894 2546 3025 2619; baseline 0.002 -17"><span class='ocrx_word' id='word_1_605' title='bbox 1894 2546 2164 2602; x_wconf 87' lang='lat' dir='ltr'><strong>Diacanus</strong></span> <span class='ocrx_word' id='word_1_606' title='bbox 2188 2546 2311 2601; x_wconf 86' lang='lat' dir='ltr'><strong>dicit</strong></span> <span class='ocrx_word' id='word_1_607' title='bbox 2343 2564 2361 2601; x_wconf 89' lang='lat'><strong><em>:</em></strong></span> <span class='ocrx_word' id='word_1_608' title='bbox 2389 2546 2445 2601; x_wconf 91' lang='lat' dir='ltr'><strong>In</strong></span> <span class='ocrx_word' id='word_1_609' title='bbox 2480 2547 2748 2603; x_wconf 92' lang='lat' dir='ltr'><strong>orientem</strong></span> <span class='ocrx_word' id='word_1_610' title='bbox 2779 2547 3025 2619; x_wconf 82' lang='lat' dir='ltr'><strong>aspicite.</strong></span> 
     </span>
    </p>
   </div>
   <div class='ocr_carea' id='block_1_84' title="bbox 1896 2658 3054 2731">
    <p class='ocr_par' dir='ltr' id='par_1_84' title="bbox 1896 2658 3054 2731">
     <span class='ocr_line' id='line_1_84' title="bbox 1896 2658 3054 2731; baseline -0.001 -16"><span class='ocrx_word' id='word_1_611' title='bbox 1896 2658 2152 2715; x_wconf 84' lang='lat' dir='ltr'><strong>Sacerdos</strong></span> <span class='ocrx_word' id='word_1_612' title='bbox 2175 2669 2351 2713; x_wconf 87' lang='lat' dir='ltr'><strong>autem</strong></span> <span class='ocrx_word' id='word_1_613' title='bbox 2369 2659 2705 2731; x_wconf 80' lang='lat' dir='ltr'><strong>subsequitur</strong></span> <span class='ocrx_word' id='word_1_614' title='bbox 2723 2660 2821 2714; x_wconf 84' lang='lat' dir='ltr'><strong>Iwc</strong></span> <span class='ocrx_word' id='word_1_615' title='bbox 2849 2661 3005 2715; x_wconf 88' lang='lat' dir='ltr'><strong>modo</strong></span> <span class='ocrx_word' id='word_1_616' title='bbox 3034 2673 3054 2714; x_wconf 88' lang='lat'><em>:</em></span> 
     </span>
    </p>
   </div>
   <div class='ocr_carea' id='block_1_85' title="bbox 1896 2748 3405 2820">
    <p class='ocr_par' dir='ltr' id='par_1_85' title="bbox 1896 2748 3405 2820">
     <span class='ocr_line' id='line_1_85' title="bbox 1896 2748 3405 2820; baseline -0.001 -15"><span class='ocrx_word' id='word_1_617' title='bbox 1896 2748 1963 2805; x_wconf 85' lang='lat' dir='ltr'><strong>Et</strong></span> <span class='ocrx_word' id='word_1_618' title='bbox 1988 2749 2317 2819; x_wconf 90' lang='lat' dir='ltr'><strong>dissipentur</strong></span> <span class='ocrx_word' id='word_1_619' title='bbox 2341 2764 2525 2805; x_wconf 90' lang='lat' dir='ltr'><strong>coram</strong></span> <span class='ocrx_word' id='word_1_620' title='bbox 2546 2748 2702 2820; x_wconf 88' lang='lat' dir='ltr'><strong>signo</strong></span> <span class='ocrx_word' id='word_1_621' title='bbox 2725 2749 2903 2805; x_wconf 89' lang='lat' dir='ltr'><strong>crucis</strong></span> <span class='ocrx_word' id='word_1_622' title='bbox 2925 2750 3282 2806; x_wconf 77' lang='lat' dir='ltr'><strong>omnesvires</strong></span> <span class='ocrx_word' id='word_1_623' title='bbox 3312 2765 3405 2805; x_wconf 88' lang='lat' dir='ltr'><strong>ee-</strong></span> 
     </span>
    </p>
   </div>
   <div class='ocr_carea' id='block_1_86' title="bbox 1827 2828 3412 2911">
    <p class='ocr_par' dir='ltr' id='par_1_86' title="bbox 1827 2828 3412 2911">
     <span class='ocr_line' id='line_1_86' title="bbox 1827 2828 3412 2911; baseline 0 -17"><span class='ocrx_word' id='word_1_624' title='bbox 1827 2854 1970 2904; x_wconf 88' lang='lat' dir='ltr'><strong>rum,</strong></span> <span class='ocrx_word' id='word_1_625' title='bbox 1994 2839 2087 2911; x_wconf 88' lang='lat' dir='ltr'><strong>qui</strong></span> <span class='ocrx_word' id='word_1_626' title='bbox 2118 2838 2272 2894; x_wconf 87' lang='lat' dir='ltr'><strong>nobis</strong></span> <span class='ocrx_word' id='word_1_627' title='bbox 2293 2840 2668 2905; x_wconf 89' lang='lat' dir='ltr'><strong>adversantur,</strong></span> <span class='ocrx_word' id='word_1_628' title='bbox 2697 2849 2754 2894; x_wconf 90' lang='lat' dir='ltr'><strong>et</strong></span> <span class='ocrx_word' id='word_1_629' title='bbox 2799 2839 2867 2894; x_wconf 87' lang='lat' dir='ltr'><strong>ab</strong></span> <span class='ocrx_word' id='word_1_630' title='bbox 2890 2854 2955 2895; x_wconf 87' lang='lat' dir='ltr'><strong>ea</strong></span> <span class='ocrx_word' id='word_1_631' title='bbox 2984 2839 3192 2911; x_wconf 83' lang='lat' dir='ltr'><strong>fugiant</strong></span> <span class='ocrx_word' id='word_1_632' title='bbox 3213 2828 3412 2896; x_wconf 83' lang='lat' dir='ltr'><strong>omnes.</strong></span> 
     </span>
    </p>
   </div>
   <div class='ocr_carea' id='block_1_87' title="bbox 1830 2928 3404 3000">
    <p class='ocr_par' dir='ltr' id='par_1_87' title="bbox 1830 2928 3404 3000">
     <span class='ocr_line' id='line_1_87' title="bbox 1830 2928 3404 3000; baseline -0.001 -15"><span class='ocrx_word' id='word_1_633' title='bbox 1830 2929 2102 2985; x_wconf 62' lang='lat' dir='ltr'><strong>daemones</strong></span> <span class='ocrx_word' id='word_1_634' title='bbox 2131 2928 2222 2999; x_wconf 92' lang='lat' dir='ltr'><strong>qui</strong></span> <span class='ocrx_word' id='word_1_635' title='bbox 2266 2938 2394 2985; x_wconf 90' lang='lat' dir='ltr'><strong>sunt</strong></span> <span class='ocrx_word' id='word_1_636' title='bbox 2420 2930 2474 2985; x_wconf 93' lang='lat' dir='ltr'><strong>in</strong></span> <span class='ocrx_word' id='word_1_637' title='bbox 2504 2944 2644 3000; x_wconf 89' lang='lat' dir='ltr'><strong>aqua</strong></span> <span class='ocrx_word' id='word_1_638' title='bbox 2687 2938 2740 2985; x_wconf 90' lang='lat' dir='ltr'><strong>et</strong></span> <span class='ocrx_word' id='word_1_639' title='bbox 2772 2937 2940 2997; x_wconf 86' lang='lat' dir='ltr'><strong>terra,</strong></span> <span class='ocrx_word' id='word_1_640' title='bbox 2970 2931 3060 3000; x_wconf 86' lang='lat' dir='ltr'><strong>qui</strong></span> <span class='ocrx_word' id='word_1_641' title='bbox 3092 2947 3196 2986; x_wconf 88' lang='lat' dir='ltr'><strong>non</strong></span> <span class='ocrx_word' id='word_1_642' title='bbox 3224 2931 3404 2986; x_wconf 83' lang='lat' dir='ltr'><strong>viden-</strong></span> 
     </span>
    </p>
   </div>
   <div class='ocr_carea' id='block_1_88' title="bbox 1830 3017 3411 3092">
    <p class='ocr_par' dir='ltr' id='par_1_88' title="bbox 1830 3017 3411 3092">
     <span class='ocr_line' id='line_1_88' title="bbox 1830 3017 3411 3092; baseline 0.003 -19"><span class='ocrx_word' id='word_1_643' title='bbox 1830 3025 1937 3074; x_wconf 88' lang='lat' dir='ltr'><strong>tur.</strong></span> <span class='ocrx_word' id='word_1_644' title='bbox 1967 3017 2076 3073; x_wconf 88' lang='lat' dir='ltr'><strong>Nec</strong></span> <span class='ocrx_word' id='word_1_645' title='bbox 2104 3018 2269 3074; x_wconf 89' lang='lat' dir='ltr'><strong>lateat</strong></span> <span class='ocrx_word' id='word_1_646' title='bbox 2306 3019 2359 3074; x_wconf 92' lang='lat' dir='ltr'><strong>in</strong></span> <span class='ocrx_word' id='word_1_647' title='bbox 2386 3019 2491 3079; x_wconf 85' lang='lat' dir='ltr'><strong>hac</strong></span> <span class='ocrx_word' id='word_1_648' title='bbox 2516 3035 2655 3091; x_wconf 85' lang='lat' dir='ltr'><strong>aqua</strong></span> <span class='ocrx_word' id='word_1_649' title='bbox 2687 3020 2939 3092; x_wconf 85' lang='lat' dir='ltr'><strong>superbia</strong></span> <span class='ocrx_word' id='word_1_650' title='bbox 2973 3020 3280 3087; x_wconf 79' lang='lat' dir='ltr'><strong>tenebrosa,</strong></span> <span class='ocrx_word' id='word_1_651' title='bbox 3305 3035 3411 3077; x_wconf 79' lang='lat' dir='ltr'><strong>nec</strong></span> 
     </span>
    </p>
   </div>
   <div class='ocr_carea' id='block_1_89' title="bbox 1830 3107 3414 3185">
    <p class='ocr_par' dir='ltr' id='par_1_89' title="bbox 1830 3107 3414 3185">
     <span class='ocr_line' id='line_1_89' title="bbox 1830 3107 3414 3185; baseline 0.003 -22"><span class='ocrx_word' id='word_1_652' title='bbox 1830 3107 2123 3164; x_wconf 85' lang='lat' dir='ltr'><strong>descendat</strong></span> <span class='ocrx_word' id='word_1_653' title='bbox 2156 3124 2279 3165; x_wconf 91' lang='lat' dir='ltr'><strong>cum</strong></span> <span class='ocrx_word' id='word_1_654' title='bbox 2307 3109 2387 3165; x_wconf 88' lang='lat' dir='ltr'><strong>eis</strong></span> <span class='ocrx_word' id='word_1_655' title='bbox 2433 3110 2526 3181; x_wconf 87' lang='lat' dir='ltr'><strong>qui</strong></span> <span class='ocrx_word' id='word_1_656' title='bbox 2571 3111 2915 3181; x_wconf 78' lang='lat' dir='ltr'><strong>baptizantur</strong></span> <span class='ocrx_word' id='word_1_657' title='bbox 2950 3112 3218 3184; x_wconf 85' lang='lat' dir='ltr'><strong>malignus</strong></span> <span class='ocrx_word' id='word_1_658' title='bbox 3251 3112 3414 3185; x_wconf 84' lang='lat' dir='ltr'><strong>spiri-</strong></span> 
     </span>
    </p>
   </div>
   <div class='ocr_carea' id='block_1_90' title="bbox 1751 3196 3405 3275">
    <p class='ocr_par' dir='ltr' id='par_1_90' title="bbox 1751 3196 3405 3275">
     <span class='ocr_line' id='line_1_90' title="bbox 1751 3196 3405 3275; baseline 0.005 -24"><span class='ocrx_word' id='word_1_659' title='bbox 1751 3196 1796 3258; x_wconf 86' lang='lat' dir='ltr'><strong>C</strong></span> <span class='ocrx_word' id='word_1_660' title='bbox 1830 3205 1916 3253; x_wconf 91' lang='lat' dir='ltr'><strong>tus</strong></span> <span class='ocrx_word' id='word_1_661' title='bbox 1939 3199 2031 3270; x_wconf 89' lang='lat' dir='ltr'><strong>qui</strong></span> <span class='ocrx_word' id='word_1_662' title='bbox 2059 3199 2376 3255; x_wconf 86' lang='lat' dir='ltr'><strong>obtenobret</strong></span> <span class='ocrx_word' id='word_1_663' title='bbox 2406 3214 2591 3256; x_wconf 83' lang='lat' dir='ltr'><strong>eorum</strong></span> <span class='ocrx_word' id='word_1_664' title='bbox 2620 3209 2874 3266; x_wconf 82' lang='lat' dir='ltr'><strong>mentem,</strong></span> <span class='ocrx_word' id='word_1_665' title='bbox 2909 3211 2965 3260; x_wconf 87' lang='lat' dir='ltr'><strong>et</strong></span> <span class='ocrx_word' id='word_1_666' title='bbox 2983 3203 3263 3275; x_wconf 82' lang='lat' dir='ltr'><strong>perturbet</strong></span> <span class='ocrx_word' id='word_1_667' title='bbox 3291 3219 3405 3260; x_wconf 84' lang='lat' dir='ltr'><strong>eor.</strong></span> 
     </span>
    </p>
   </div>
   <div class='ocr_carea' id='block_1_91' title="bbox 1829 3286 3417 3361">
    <p class='ocr_par' dir='ltr' id='par_1_91' title="bbox 1829 3286 3417 3361">
     <span class='ocr_line' id='line_1_91' title="bbox 1829 3286 3417 3361; baseline 0.002 -14"><span class='ocrx_word' id='word_1_668' title='bbox 1829 3286 1962 3356; x_wconf 80' lang='lat' dir='ltr'><strong>luto,</strong></span> <span class='ocrx_word' id='word_1_669' title='bbox 2013 3304 2269 3361; x_wconf 82' lang='lat' dir='ltr'><strong>rogamus</strong></span> <span class='ocrx_word' id='word_1_670' title='bbox 2322 3299 2375 3346; x_wconf 91' lang='lat' dir='ltr'><strong>te</strong></span> <span class='ocrx_word' id='word_1_671' title='bbox 2421 3306 2629 3359; x_wconf 82' lang='lat' dir='ltr'><strong>omnes,</strong></span> <span class='ocrx_word' id='word_1_672' title='bbox 2687 3292 2936 3358; x_wconf 83' lang='lat' dir='ltr'><strong>Domine,</strong></span> <span class='ocrx_word' id='word_1_673' title='bbox 2971 3303 3027 3349; x_wconf 93' lang='lat' dir='ltr'><strong>ut</strong></span> <span class='ocrx_word' id='word_1_674' title='bbox 3060 3293 3226 3350; x_wconf 83' lang='lat' dir='ltr'><strong>facias</strong></span> <span class='ocrx_word' id='word_1_675' title='bbox 3269 3295 3417 3350; x_wconf 84' lang='lat' dir='ltr'><strong>hanc</strong></span> 
     </span>
    </p>
   </div>
   <div class='ocr_carea' id='block_1_92' title="bbox 1831 3382 3423 3455">
    <p class='ocr_par' dir='ltr' id='par_1_92' title="bbox 1831 3382 3423 3455">
     <span class='ocr_line' id='line_1_92' title="bbox 1831 3382 3423 3455; baseline 0.003 -20"><span class='ocrx_word' id='word_1_676' title='bbox 1831 3396 2025 3452; x_wconf 86' lang='lat' dir='ltr'><strong>aquam</strong></span> <span class='ocrx_word' id='word_1_677' title='bbox 2046 3395 2168 3436; x_wconf 85' lang='lat' dir='ltr'><strong>esse</strong></span> <span class='ocrx_word' id='word_1_678' title='bbox 2195 3396 2390 3451; x_wconf 83' lang='lat' dir='ltr'><strong>aquam</strong></span> <span class='ocrx_word' id='word_1_679' title='bbox 2416 3382 2620 3453; x_wconf 86' lang='lat' dir='ltr'><strong>quietis</strong></span> <span class='ocrx_word' id='word_1_680' title='bbox 2647 3403 2660 3437; x_wconf 90' lang='lat'><strong>:</strong></span> <span class='ocrx_word' id='word_1_681' title='bbox 2689 3384 2883 3440; x_wconf 85' lang='lat' dir='ltr'><strong>Amen.</strong></span> <span class='ocrx_word' id='word_1_682' title='bbox 2904 3384 3324 3455; x_wconf 68' lang='lat' dir='ltr'><strong>Aquampuram</strong></span> <span class='ocrx_word' id='word_1_683' title='bbox 3352 3387 3423 3440; x_wconf 90' lang='lat' dir='ltr'><strong>in-</strong></span> 
     </span>
    </p>
   </div>
   <div class='ocr_carea' id='block_1_93' title="bbox 1830 3472 3415 3544">
    <p class='ocr_par' dir='ltr' id='par_1_93' title="bbox 1830 3472 3415 3544">
     <span class='ocr_line' id='line_1_93' title="bbox 1830 3472 3415 3544; baseline 0.003 -18"><span class='ocrx_word' id='word_1_684' title='bbox 1830 3472 2232 3528; x_wconf 87' lang='lat' dir='ltr'><strong>mumlationem</strong></span> <span class='ocrx_word' id='word_1_685' title='bbox 2267 3474 2498 3530; x_wconf 80' lang='lat' dir='ltr'><strong>:Amen.</strong></span> <span class='ocrx_word' id='word_1_686' title='bbox 2536 3474 2748 3544; x_wconf 85' lang='lat' dir='ltr'><strong>Aquam</strong></span> <span class='ocrx_word' id='word_1_687' title='bbox 2777 3474 3010 3531; x_wconf 88' lang='lat' dir='ltr'><strong>salutis:</strong></span> <span class='ocrx_word' id='word_1_688' title='bbox 3044 3476 3232 3532; x_wconf 74' lang='lat' dir='ltr'><strong>Amen.</strong></span> <span class='ocrx_word' id='word_1_689' title='bbox 3267 3476 3415 3532; x_wconf 79' lang='lat' dir='ltr'><strong>Etut</strong></span> 
     </span>
    </p>
   </div>
   <div class='ocr_carea' id='block_1_94' title="bbox 1831 3560 3406 3641">
    <p class='ocr_par' dir='ltr' id='par_1_94' title="bbox 1831 3560 3406 3641">
     <span class='ocr_line' id='line_1_94' title="bbox 1831 3560 3406 3641; baseline 0.002 -26"><span class='ocrx_word' id='word_1_690' title='bbox 1831 3561 1903 3616; x_wconf 87' lang='lat' dir='ltr'><strong>sit</strong></span> <span class='ocrx_word' id='word_1_691' title='bbox 1945 3560 1999 3615; x_wconf 92' lang='lat' dir='ltr'><strong>in</strong></span> <span class='ocrx_word' id='word_1_692' title='bbox 2028 3560 2358 3641; x_wconf 86' lang='lat' dir='ltr'><strong>ablutionem</strong></span> <span class='ocrx_word' id='word_1_693' title='bbox 2404 3565 2757 3635; x_wconf 88' lang='lat' dir='ltr'><strong>turpitudinis</strong></span> <span class='ocrx_word' id='word_1_694' title='bbox 2807 3565 3001 3619; x_wconf 69' lang='lat' dir='ltr'><strong>animm</strong></span> <span class='ocrx_word' id='word_1_695' title='bbox 3030 3573 3087 3621; x_wconf 90' lang='lat' dir='ltr'><strong>et</strong></span> <span class='ocrx_word' id='word_1_696' title='bbox 3113 3566 3359 3635; x_wconf 86' lang='lat' dir='ltr'><strong>corporis</strong></span> <span class='ocrx_word' id='word_1_697' title='bbox 3392 3584 3406 3618; x_wconf 90' lang='lat'><strong>:</strong></span> 
     </span>
    </p>
   </div>
   <div class='ocr_carea' id='block_1_95' title="bbox 1828 3649 3410 3729">
    <p class='ocr_par' dir='ltr' id='par_1_95' title="bbox 1828 3649 3410 3729">
     <span class='ocr_line' id='line_1_95' title="bbox 1828 3649 3410 3729; baseline 0.005 -24"><span class='ocrx_word' id='word_1_698' title='bbox 1828 3649 2022 3706; x_wconf 81' lang='lat' dir='ltr'><strong>Amen.</strong></span> <span class='ocrx_word' id='word_1_699' title='bbox 2045 3654 2254 3721; x_wconf 87' lang='lat' dir='ltr'><strong>Aquam</strong></span> <span class='ocrx_word' id='word_1_700' title='bbox 2281 3653 2337 3707; x_wconf 93' lang='lat' dir='ltr'><strong>in</strong></span> <span class='ocrx_word' id='word_1_701' title='bbox 2364 3654 2757 3712; x_wconf 88' lang='lat' dir='ltr'><strong>absolutionem</strong></span> <span class='ocrx_word' id='word_1_702' title='bbox 2796 3665 2852 3712; x_wconf 92' lang='lat' dir='ltr'><strong>et</strong></span> <span class='ocrx_word' id='word_1_703' title='bbox 2880 3656 3250 3712; x_wconf 87' lang='lat' dir='ltr'><strong>remissionem</strong></span> <span class='ocrx_word' id='word_1_704' title='bbox 3280 3673 3410 3729; x_wconf 82' lang='lat' dir='ltr'><strong>pec-</strong></span> 
     </span>
    </p>
   </div>
   <div class='ocr_carea' id='block_1_96' title="bbox 1831 3745 3408 3819">
    <p class='ocr_par' dir='ltr' id='par_1_96' title="bbox 1831 3745 3408 3819">
     <span class='ocr_line' id='line_1_96' title="bbox 1831 3745 3408 3819; baseline 0.001 -19"><span class='ocrx_word' id='word_1_705' title='bbox 1831 3751 2077 3800; x_wconf 88' lang='lat' dir='ltr'><strong>catorum</strong></span> <span class='ocrx_word' id='word_1_706' title='bbox 2112 3760 2125 3796; x_wconf 92' lang='lat'>:</span> <span class='ocrx_word' id='word_1_707' title='bbox 2158 3745 2352 3800; x_wconf 87' lang='lat' dir='ltr'><strong>Amen.</strong></span> <span class='ocrx_word' id='word_1_708' title='bbox 2375 3745 2582 3802; x_wconf 89' lang='lat' dir='ltr'><strong>Lumen</strong></span> <span class='ocrx_word' id='word_1_709' title='bbox 2604 3747 2879 3802; x_wconf 55' lang='lat' dir='ltr'><strong>animaret</strong></span> <span class='ocrx_word' id='word_1_710' title='bbox 2904 3747 3151 3819; x_wconf 89' lang='lat' dir='ltr'><strong>corporis</strong></span> <span class='ocrx_word' id='word_1_711' title='bbox 3176 3766 3189 3801; x_wconf 89' lang='lat'><strong>:</strong></span> <span class='ocrx_word' id='word_1_712' title='bbox 3214 3748 3408 3802; x_wconf 82' lang='lat' dir='ltr'><strong>Amen.</strong></span> 
     </span>
    </p>
   </div>
   <div class='ocr_carea' id='block_1_97' title="bbox 1829 3835 3414 3909">
    <p class='ocr_par' dir='ltr' id='par_1_97' title="bbox 1829 3835 3414 3909">
     <span class='ocr_line' id='line_1_97' title="bbox 1829 3835 3414 3909; baseline 0 -18"><span class='ocrx_word' id='word_1_713' title='bbox 1829 3836 2050 3893; x_wconf 79' lang='lat' dir='ltr'><strong>Ablutio</strong></span> <span class='ocrx_word' id='word_1_714' title='bbox 2093 3838 2148 3894; x_wconf 92' lang='lat' dir='ltr'><strong>in</strong></span> <span class='ocrx_word' id='word_1_715' title='bbox 2175 3837 2646 3909; x_wconf 89' lang='lat' dir='ltr'><strong>regenerationem</strong></span> <span class='ocrx_word' id='word_1_716' title='bbox 2683 3855 2696 3891; x_wconf 90' lang='lat'><strong>:</strong></span> <span class='ocrx_word' id='word_1_717' title='bbox 2743 3836 2936 3897; x_wconf 83' lang='lat' dir='ltr'><strong>Amen.</strong></span> <span class='ocrx_word' id='word_1_718' title='bbox 2979 3839 3035 3893; x_wconf 92' lang='lat' dir='ltr'><strong>In</strong></span> <span class='ocrx_word' id='word_1_719' title='bbox 3077 3835 3281 3893; x_wconf 85' lang='lat' dir='ltr'><strong>vestem</strong></span> <span class='ocrx_word' id='word_1_720' title='bbox 3313 3838 3414 3891; x_wconf 84' lang='lat' dir='ltr'><strong>im-</strong></span> 
     </span>
    </p>
   </div>
   <div class='ocr_carea' id='block_1_98' title="bbox 1835 3927 3415 3999">
    <p class='ocr_par' dir='ltr' id='par_1_98' title="bbox 1835 3927 3415 3999">
     <span class='ocr_line' id='line_1_98' title="bbox 1835 3927 3415 3999; baseline 0 -15"><span class='ocrx_word' id='word_1_721' title='bbox 1835 3927 2208 3985; x_wconf 89' lang='lat' dir='ltr'><strong>maculabilem</strong></span> <span class='ocrx_word' id='word_1_722' title='bbox 2243 3946 2256 3981; x_wconf 90' lang='lat'><strong>:</strong></span> <span class='ocrx_word' id='word_1_723' title='bbox 2290 3927 2482 3989; x_wconf 86' lang='lat' dir='ltr'><strong>Amen.</strong></span> <span class='ocrx_word' id='word_1_724' title='bbox 2513 3928 2568 3983; x_wconf 94' lang='lat' dir='ltr'><strong>In</strong></span> <span class='ocrx_word' id='word_1_725' title='bbox 2598 3928 2999 3984; x_wconf 88' lang='lat' dir='ltr'><strong>innovationem</strong></span> <span class='ocrx_word' id='word_1_726' title='bbox 3031 3927 3266 3999; x_wconf 88' lang='lat' dir='ltr'><strong>Spiritus</strong></span> <span class='ocrx_word' id='word_1_727' title='bbox 3288 3941 3415 3984; x_wconf 60' lang='grc' dir='ltr'><strong>εαης</strong></span> 
     </span>
    </p>
   </div>
   <div class='ocr_carea' id='block_1_99' title="bbox 1834 4005 3385 4078">
    <p class='ocr_par' dir='ltr' id='par_1_99' title="bbox 1834 4005 3385 4078">
     <span class='ocr_line' id='line_1_99' title="bbox 1834 4005 3385 4078; baseline -0.003 -2"><span class='ocrx_word' id='word_1_728' title='bbox 1834 4020 1907 4076; x_wconf 88' lang='lat' dir='ltr'><strong>cti</strong></span> <span class='ocrx_word' id='word_1_729' title='bbox 1927 4029 1984 4076; x_wconf 86' lang='lat' dir='ltr'><strong>et</strong></span> <span class='ocrx_word' id='word_1_730' title='bbox 2006 4021 2058 4076; x_wconf 90' lang='lat' dir='ltr'><strong>in</strong></span> <span class='ocrx_word' id='word_1_731' title='bbox 2082 4018 2284 4078; x_wconf 82' lang='lat' dir='ltr'><strong>fontem</strong></span> <span class='ocrx_word' id='word_1_732' title='bbox 2308 4020 2431 4074; x_wconf 71' lang='lat' dir='ltr'><strong>vitae</strong></span> <span class='ocrx_word' id='word_1_733' title='bbox 2456 4035 2469 4072; x_wconf 87' lang='lat'><strong>:</strong></span> <span class='ocrx_word' id='word_1_734' title='bbox 2501 4021 2709 4075; x_wconf 59' lang='lat' dir='ltr'><strong>Amen.</strong></span> <span class='ocrx_word' id='word_1_735' title='bbox 3381 4005 3385 4009; x_wconf 65' lang='grc'><em>’</em></span> 
     </span>
    </p>
   </div>
   <div class='ocr_carea' id='block_1_100' title="bbox 1908 4132 2751 4199">
    <p class='ocr_par' dir='ltr' id='par_1_100' title="bbox 1908 4132 2751 4199">
     <span class='ocr_line' id='line_1_100' title="bbox 1908 4132 2751 4199; baseline 0.001 -11"><span class='ocrx_word' id='word_1_736' title='bbox 1908 4132 2013 4199; x_wconf 81' lang='lat' dir='ltr'><strong>Qui</strong></span> <span class='ocrx_word' id='word_1_737' title='bbox 2041 4133 2260 4199; x_wconf 76' lang='lat' dir='ltr'><strong>adsunt,</strong></span> <span class='ocrx_word' id='word_1_738' title='bbox 2289 4132 2510 4188; x_wconf 82' lang='lat' dir='ltr'><strong>dicunt:</strong></span> <span class='ocrx_word' id='word_1_739' title='bbox 2537 4134 2751 4194; x_wconf 61' lang='lat' dir='ltr'><strong>Amen.</strong></span> 
     </span>
    </p>
   </div>
   <div class='ocr_carea' id='block_1_101' title="bbox 1907 4245 3429 4319">
    <p class='ocr_par' dir='ltr' id='par_1_101' title="bbox 1907 4245 3429 4319">
     <span class='ocr_line' id='line_1_101' title="bbox 1907 4245 3429 4319; baseline 0.001 -18"><span class='ocrx_word' id='word_1_740' title='bbox 1907 4245 2204 4301; x_wconf 83' lang='lat' dir='ltr'><strong>Sacerdos:</strong></span> <span class='ocrx_word' id='word_1_741' title='bbox 2232 4245 2369 4318; x_wconf 81' lang='lat' dir='ltr'><strong>Quia</strong></span> <span class='ocrx_word' id='word_1_742' title='bbox 2403 4255 2582 4303; x_wconf 89' lang='lat' dir='ltr'><strong>autem</strong></span> <span class='ocrx_word' id='word_1_743' title='bbox 2614 4246 2727 4319; x_wconf 85' lang='lat' dir='ltr'><strong>ipse</strong></span> <span class='ocrx_word' id='word_1_744' title='bbox 2753 4247 2879 4303; x_wconf 87' lang='lat' dir='ltr'><strong>dicit</strong></span> <span class='ocrx_word' id='word_1_745' title='bbox 2911 4263 2925 4301; x_wconf 90' lang='lat'><strong>:</strong></span> <span class='ocrx_word' id='word_1_746' title='bbox 2958 4248 3429 4318; x_wconf 79' lang='lat' dir='ltr'><strong>Lavamini,pur-.-</strong></span> 
     </span>
    </p>
   </div>
   <div class='ocr_carea' id='block_1_102' title="bbox 1836 4339 3410 4411">
    <p class='ocr_par' dir='ltr' id='par_1_102' title="bbox 1836 4339 3410 4411">
     <span class='ocr_line' id='line_1_102' title="bbox 1836 4339 3410 4411; baseline -0.002 -17"><span class='ocrx_word' id='word_1_747' title='bbox 1836 4348 1979 4411; x_wconf 89' lang='lat' dir='ltr'><strong>gate,</strong></span> <span class='ocrx_word' id='word_1_748' title='bbox 2009 4349 2064 4394; x_wconf 90' lang='lat' dir='ltr'><strong>et</strong></span> <span class='ocrx_word' id='word_1_749' title='bbox 2098 4339 2353 4409; x_wconf 75' lang='lat' dir='ltr'><strong>expellite</strong></span> <span class='ocrx_word' id='word_1_750' title='bbox 2395 4340 2654 4402; x_wconf 89' lang='lat' dir='ltr'><strong>malitiam</strong></span> <span class='ocrx_word' id='word_1_751' title='bbox 2700 4357 2730 4396; x_wconf 88' lang='lat' dir='ltr'><strong>a</strong></span> <span class='ocrx_word' id='word_1_752' title='bbox 2763 4340 3019 4396; x_wconf 87' lang='lat' dir='ltr'><strong>cordibus</strong></span> <span class='ocrx_word' id='word_1_753' title='bbox 3058 4340 3284 4403; x_wconf 86' lang='lat' dir='ltr'><strong>vestris;</strong></span> <span class='ocrx_word' id='word_1_754' title='bbox 3317 4340 3410 4410; x_wconf 90' lang='lat' dir='ltr'><strong>qui</strong></span> 
     </span>
    </p>
   </div>
   <div class='ocr_carea' id='block_1_103' title="bbox 1839 4431 3417 4502">
    <p class='ocr_par' dir='ltr' id='par_1_103' title="bbox 1839 4431 3417 4502">
     <span class='ocr_line' id='line_1_103' title="bbox 1839 4431 3417 4502; baseline -0.002 -16"><span class='ocrx_word' id='word_1_755' title='bbox 1839 4432 2047 4486; x_wconf 86' lang='lat' dir='ltr'><strong>dedisti</strong></span> <span class='ocrx_word' id='word_1_756' title='bbox 2080 4431 2234 4486; x_wconf 91' lang='lat' dir='ltr'><strong>nobis</strong></span> <span class='ocrx_word' id='word_1_757' title='bbox 2290 4432 2695 4499; x_wconf 70' lang='lat' dir='ltr'><strong>generationem</strong></span> <span class='ocrx_word' id='word_1_758' title='bbox 2726 4434 2793 4488; x_wconf 90' lang='lat' dir='ltr'><strong>de</strong></span> <span class='ocrx_word' id='word_1_759' title='bbox 2824 4432 2984 4498; x_wconf 66' lang='lat' dir='ltr'><strong>caelo,</strong></span> <span class='ocrx_word' id='word_1_760' title='bbox 3018 4448 3115 4502; x_wconf 84' lang='lat' dir='ltr'><strong>per</strong></span> <span class='ocrx_word' id='word_1_761' title='bbox 3139 4446 3333 4501; x_wconf 88' lang='lat' dir='ltr'><strong>aquam</strong></span> <span class='ocrx_word' id='word_1_762' title='bbox 3361 4438 3417 4486; x_wconf 88' lang='lat' dir='ltr'><strong>et</strong></span> 
     </span>
    </p>
   </div>
   <div class='ocr_carea' id='block_1_104' title="bbox 1766 4521 3419 4607">
    <p class='ocr_par' dir='ltr' id='par_1_104' title="bbox 1766 4521 3419 4607">
     <span class='ocr_line' id='line_1_104' title="bbox 1766 4521 3419 4607; baseline 0 -30"><span class='ocrx_word' id='word_1_763' title='bbox 1766 4521 2100 4607; x_wconf 80' lang='lat' dir='ltr'><strong>DSpiritum</strong></span> <span class='ocrx_word' id='word_1_764' title='bbox 2156 4531 2426 4588; x_wconf 87' lang='lat' dir='ltr'><strong>sanctum,</strong></span> <span class='ocrx_word' id='word_1_765' title='bbox 2470 4537 2691 4595; x_wconf 80' lang='lat' dir='ltr'><strong>apparo,</strong></span> <span class='ocrx_word' id='word_1_766' title='bbox 2751 4525 3011 4588; x_wconf 89' lang='lat' dir='ltr'><strong>Domine,</strong></span> <span class='ocrx_word' id='word_1_767' title='bbox 3067 4538 3229 4594; x_wconf 89' lang='lat' dir='ltr'><strong>super</strong></span> <span class='ocrx_word' id='word_1_768' title='bbox 3276 4524 3419 4577; x_wconf 88' lang='lat' dir='ltr'><strong>hanc</strong></span> 
     </span>
    </p>
   </div>
   <div class='ocr_carea' id='block_1_105' title="bbox 1838 4611 3421 4682">
    <p class='ocr_par' dir='ltr' id='par_1_105' title="bbox 1838 4611 3421 4682">
     <span class='ocr_line' id='line_1_105' title="bbox 1838 4611 3421 4682; baseline 0.001 -18"><span class='ocrx_word' id='word_1_769' title='bbox 1838 4626 2061 4681; x_wconf 84' lang='lat' dir='ltr'><strong>aquam,</strong></span> <span class='ocrx_word' id='word_1_770' title='bbox 2092 4620 2147 4665; x_wconf 89' lang='lat' dir='ltr'><strong>et</strong></span> <span class='ocrx_word' id='word_1_771' title='bbox 2168 4611 2254 4666; x_wconf 84' lang='lat' dir='ltr'><strong>fac</strong></span> <span class='ocrx_word' id='word_1_772' title='bbox 2273 4626 2367 4665; x_wconf 90' lang='lat' dir='ltr'><strong>eos</strong></span> <span class='ocrx_word' id='word_1_773' title='bbox 2392 4613 2625 4668; x_wconf 90' lang='lat' dir='ltr'><strong>mundos</strong></span> <span class='ocrx_word' id='word_1_774' title='bbox 2657 4614 2745 4682; x_wconf 89' lang='lat' dir='ltr'><strong>qui</strong></span> <span class='ocrx_word' id='word_1_775' title='bbox 2778 4614 2831 4667; x_wconf 91' lang='lat' dir='ltr'><strong>iu</strong></span> <span class='ocrx_word' id='word_1_776' title='bbox 2863 4628 2925 4668; x_wconf 91' lang='lat' dir='ltr'><strong>ea</strong></span> <span class='ocrx_word' id='word_1_777' title='bbox 2957 4613 3325 4680; x_wconf 82' lang='lat' dir='ltr'><strong>baptizantur.</strong></span> <span class='ocrx_word' id='word_1_778' title='bbox 3359 4621 3421 4666; x_wconf 84' lang='lat' dir='ltr'><strong>ut</strong></span> 
     </span>
    </p>
   </div>
   <div class='ocr_carea' id='block_1_106' title="bbox 1834 4699 3425 4773">
    <p class='ocr_par' dir='ltr' id='par_1_106' title="bbox 1834 4699 3425 4773">
     <span class='ocr_line' id='line_1_106' title="bbox 1834 4699 3425 4773; baseline 0.001 -18"><span class='ocrx_word' id='word_1_779' title='bbox 1834 4699 2109 4770; x_wconf 71' lang='lat' dir='ltr'><strong>expellant</strong></span> <span class='ocrx_word' id='word_1_780' title='bbox 2130 4713 2365 4756; x_wconf 88' lang='lat' dir='ltr'><strong>veterem</strong></span> <span class='ocrx_word' id='word_1_781' title='bbox 2397 4701 2673 4756; x_wconf 80' lang='lat' dir='ltr'><strong>hominem</strong></span> <span class='ocrx_word' id='word_1_782' title='bbox 2700 4710 2756 4757; x_wconf 87' lang='lat' dir='ltr'><strong>et</strong></span> <span class='ocrx_word' id='word_1_783' title='bbox 2793 4702 3177 4773; x_wconf 88' lang='lat' dir='ltr'><strong>turpitudinem</strong></span> <span class='ocrx_word' id='word_1_784' title='bbox 3212 4702 3425 4763; x_wconf 82' lang='lat' dir='ltr'><strong>fallacis</strong></span> 
     </span>
    </p>
   </div>
   <div class='ocr_carea' id='block_1_107' title="bbox 1835 4790 3444 4861">
    <p class='ocr_par' dir='ltr' id='par_1_107' title="bbox 1835 4790 3444 4861">
     <span class='ocr_line' id='line_1_107' title="bbox 1835 4790 3444 4861; baseline 0.001 -16"><span class='ocrx_word' id='word_1_785' title='bbox 1835 4791 2152 4861; x_wconf 84' lang='lat' dir='ltr'><strong>voluptatis,</strong></span> <span class='ocrx_word' id='word_1_786' title='bbox 2183 4800 2249 4846; x_wconf 71' lang='lat' dir='ltr'><strong>et</strong></span> <span class='ocrx_word' id='word_1_787' title='bbox 2267 4790 2557 4847; x_wconf 86' lang='lat' dir='ltr'><strong>induantur</strong></span> <span class='ocrx_word' id='word_1_788' title='bbox 2578 4806 2717 4848; x_wconf 87' lang='lat' dir='ltr'><strong>novo</strong></span> <span class='ocrx_word' id='word_1_789' title='bbox 2737 4793 2980 4859; x_wconf 90' lang='lat' dir='ltr'><strong>homine,</strong></span> <span class='ocrx_word' id='word_1_790' title='bbox 3001 4803 3057 4847; x_wconf 89' lang='lat' dir='ltr'><strong>et</strong></span> <span class='ocrx_word' id='word_1_791' title='bbox 3090 4804 3444 4855; x_wconf 63' lang='lat' dir='ltr'><strong>renoventur,</strong></span> 
     </span>
    </p>
   </div>
   <div class='ocr_carea' id='block_1_108' title="bbox 1838 4882 3433 4954">
    <p class='ocr_par' dir='ltr' id='par_1_108' title="bbox 1838 4882 3433 4954">
     <span class='ocr_line' id='line_1_108' title="bbox 1838 4882 3433 4954; baseline 0.001 -15"><span class='ocrx_word' id='word_1_792' title='bbox 1838 4884 2043 4939; x_wconf 87' lang='lat' dir='ltr'><strong>iterum</strong></span> <span class='ocrx_word' id='word_1_793' title='bbox 2092 4898 2213 4954; x_wconf 88' lang='lat' dir='ltr'><strong>per-</strong></span> <span class='ocrx_word' id='word_1_794' title='bbox 2242 4882 2649 4940; x_wconf 86' lang='lat' dir='ltr'><strong>similitudinem</strong></span> <span class='ocrx_word' id='word_1_795' title='bbox 2707 4886 2972 4942; x_wconf 88' lang='lat' dir='ltr'><strong>creatoris</strong></span> <span class='ocrx_word' id='word_1_796' title='bbox 3016 4887 3101 4942; x_wconf 89' lang='lat' dir='ltr'><strong>sui</strong></span> <span class='ocrx_word' id='word_1_797' title='bbox 3160 4905 3189 4945; x_wconf 11' lang='lat'><strong>:7</strong></span> <span class='ocrx_word' id='word_1_798' title='bbox 3222 4887 3433 4946; x_wconf 62' lang='grc' dir='ltr'><strong>Λίθων..</strong></span> 
     </span>
    </p>
   </div>
   <div class='ocr_carea' id='block_1_109' title="bbox 1840 4975 3448 5051">
    <p class='ocr_par' dir='ltr' id='par_1_109' title="bbox 1840 4975 3448 5051">
     <span class='ocr_line' id='line_1_109' title="bbox 1840 4975 3448 5051; baseline 0 -20"><span class='ocrx_word' id='word_1_799' title='bbox 1840 4975 2001 5031; x_wconf 86' lang='lat' dir='ltr'><strong>Fiant</strong></span> <span class='ocrx_word' id='word_1_800' title='bbox 2041 4975 2334 5047; x_wconf 82' lang='lat' dir='ltr'><strong>participes</strong></span> <span class='ocrx_word' id='word_1_801' title='bbox 2364 4976 2557 5031; x_wconf 83' lang='lat' dir='ltr'><strong>mortis</strong></span> <span class='ocrx_word' id='word_1_802' title='bbox 2612 4975 2812 5033; x_wconf 89' lang='lat' dir='ltr'><strong>Christi</strong></span> <span class='ocrx_word' id='word_1_803' title='bbox 2843 4978 3066 5051; x_wconf 91' lang='lat' dir='ltr'><strong>tui,_per</strong></span> <span class='ocrx_word' id='word_1_804' title='bbox 3089 4978 3448 5048; x_wconf 34' lang='lat' dir='ltr'><strong>baptismum,</strong></span> 
     </span>
    </p>
   </div>
   <div class='ocr_carea' id='block_1_110' title="bbox 1840 5065 3423 5144">
    <p class='ocr_par' dir='ltr' id='par_1_110' title="bbox 1840 5065 3423 5144">
     <span class='ocr_line' id='line_1_110' title="bbox 1840 5065 3423 5144; baseline 0.005 -24"><span class='ocrx_word' id='word_1_805' title='bbox 1840 5065 2078 5134; x_wconf 72' lang='lat' dir='ltr'><strong>ejusdem</strong></span> <span class='ocrx_word' id='word_1_806' title='bbox 2120 5066 2262 5121; x_wconf 90' lang='lat' dir='ltr'><strong>unici</strong></span> <span class='ocrx_word' id='word_1_807' title='bbox 2320 5067 2412 5122; x_wconf 87' lang='lat' dir='ltr'><strong>filii</strong></span> <span class='ocrx_word' id='word_1_808' title='bbox 2445 5068 2519 5123; x_wconf 90' lang='lat' dir='ltr'><strong>tui</strong></span> <span class='ocrx_word' id='word_1_809' title='bbox 2568 5067 2694 5125; x_wconf 81' lang='lat' dir='ltr'><strong>Jcsu</strong></span> <span class='ocrx_word' id='word_1_810' title='bbox 2723 5070 2925 5127; x_wconf 88' lang='lat' dir='ltr'><strong>Christi</strong></span> <span class='ocrx_word' id='word_1_811' title='bbox 2963 5090 2976 5126; x_wconf 89' lang='lat'><strong>:</strong></span> <span class='ocrx_word' id='word_1_812' title='bbox 3014 5071 3206 5131; x_wconf 83' lang='lat' dir='ltr'><strong>Amen.</strong></span> <span class='ocrx_word' id='word_1_813' title='bbox 3239 5070 3423 5144; x_wconf 77' lang='lat' dir='ltr'><strong>Atque</strong></span> 
     </span>
    </p>
   </div>
   <div class='ocr_carea' id='block_1_111' title="bbox 1841 5155 3414 5229">
    <p class='ocr_par' dir='ltr' id='par_1_111' title="bbox 1841 5155 3414 5229">
     <span class='ocr_line' id='line_1_111' title="bbox 1841 5155 3414 5229; baseline 0.003 -20"><span class='ocrx_word' id='word_1_814' title='bbox 1841 5169 1963 5209; x_wconf 89' lang='lat' dir='ltr'><strong>cum</strong></span> <span class='ocrx_word' id='word_1_815' title='bbox 1989 5169 2056 5209; x_wconf 92' lang='lat' dir='ltr'><strong>eo</strong></span> <span class='ocrx_word' id='word_1_816' title='bbox 2077 5155 2366 5224; x_wconf 88' lang='lat' dir='ltr'><strong>participes</strong></span> <span class='ocrx_word' id='word_1_817' title='bbox 2411 5157 2517 5212; x_wconf 88' lang='lat' dir='ltr'><strong>sint</strong></span> <span class='ocrx_word' id='word_1_818' title='bbox 2546 5161 2963 5220; x_wconf 87' lang='lat' dir='ltr'><strong>resurrectionis</strong></span> <span class='ocrx_word' id='word_1_819' title='bbox 2990 5160 3127 5229; x_wconf 88' lang='lat' dir='ltr'><strong>ejus,</strong></span> <span class='ocrx_word' id='word_1_820' title='bbox 3153 5169 3209 5214; x_wconf 92' lang='lat' dir='ltr'><strong>et</strong></span> <span class='ocrx_word' id='word_1_821' title='bbox 3232 5168 3414 5215; x_wconf 89' lang='lat' dir='ltr'><strong>custo-</strong></span> 
     </span>
    </p>
   </div>
   <div class='ocr_carea' id='block_1_112' title="bbox 1846 5245 3413 5322">
    <p class='ocr_par' dir='ltr' id='par_1_112' title="bbox 1846 5245 3413 5322">
     <span class='ocr_line' id='line_1_112' title="bbox 1846 5245 3413 5322; baseline 0.002 -21"><span class='ocrx_word' id='word_1_822' title='bbox 1846 5246 2005 5301; x_wconf 76' lang='lat' dir='ltr'><strong>diant-</strong></span> <span class='ocrx_word' id='word_1_823' title='bbox 2021 5246 2218 5300; x_wconf 91' lang='lat' dir='ltr'><strong>donum</strong></span> <span class='ocrx_word' id='word_1_824' title='bbox 2248 5245 2485 5316; x_wconf 90' lang='lat' dir='ltr'><strong>Spiritus</strong></span> <span class='ocrx_word' id='word_1_825' title='bbox 2513 5252 2684 5306; x_wconf 89' lang='lat' dir='ltr'><strong>sancti</strong></span> <span class='ocrx_word' id='word_1_826' title='bbox 2712 5269 2725 5304; x_wconf 90' lang='lat'><strong>:</strong></span> <span class='ocrx_word' id='word_1_827' title='bbox 2753 5252 2944 5309; x_wconf 86' lang='lat' dir='ltr'><strong>Amen.</strong></span> <span class='ocrx_word' id='word_1_828' title='bbox 2975 5250 3227 5309; x_wconf 86' lang='lat' dir='ltr'><strong>Abundet</strong></span> <span class='ocrx_word' id='word_1_829' title='bbox 3249 5265 3413 5322; x_wconf 91' lang='lat' dir='ltr'><strong>super</strong></span> 
     </span>
    </p>
   </div>
   <div class='ocr_carea' id='block_1_113' title="bbox 1842 5336 3420 5415">
    <p class='ocr_par' dir='ltr' id='par_1_113' title="bbox 1842 5336 3420 5415">
     <span class='ocr_line' id='line_1_113' title="bbox 1842 5336 3420 5415; baseline 0.004 -24"><span class='ocrx_word' id='word_1_830' title='bbox 1842 5351 1937 5391; x_wconf 89' lang='lat' dir='ltr'><strong>eos</strong></span> <span class='ocrx_word' id='word_1_831' title='bbox 1965 5336 2212 5393; x_wconf 87' lang='lat' dir='ltr'><strong>doctrina</strong></span> <span class='ocrx_word' id='word_1_832' title='bbox 2236 5338 2422 5415; x_wconf 62' lang='lat' dir='ltr'><strong>gratiae</strong></span> <span class='ocrx_word' id='word_1_833' title='bbox 2467 5350 2607 5398; x_wconf 67' lang='lat' dir='ltr'><strong>llKB&#39;:</strong></span> <span class='ocrx_word' id='word_1_834' title='bbox 2639 5340 2832 5400; x_wconf 83' lang='lat' dir='ltr'><strong>Amen.</strong></span> <span class='ocrx_word' id='word_1_835' title='bbox 2864 5342 2932 5397; x_wconf 88' lang='lat' dir='ltr'><strong>Et</strong></span> <span class='ocrx_word' id='word_1_836' title='bbox 2960 5343 3199 5398; x_wconf 88' lang='lat' dir='ltr'><strong>inveniat</strong></span> <span class='ocrx_word' id='word_1_837' title='bbox 3222 5342 3420 5413; x_wconf 88' lang='lat' dir='ltr'><strong>pignus</strong></span> 
     </span>
    </p>
   </div>
   <div class='ocr_carea' id='block_1_114' title="bbox 1845 5428 3413 5502">
    <p class='ocr_par' dir='ltr' id='par_1_114' title="bbox 1845 5428 3413 5502">
     <span class='ocr_line' id='line_1_114' title="bbox 1845 5428 3413 5502; baseline 0.005 -24"><span class='ocrx_word' id='word_1_838' title='bbox 1845 5428 2146 5484; x_wconf 82' lang='lat' dir='ltr'><strong>vocationis</strong></span> <span class='ocrx_word' id='word_1_839' title='bbox 2189 5429 2258 5484; x_wconf 89' lang='lat' dir='ltr'><strong>de</strong></span> <span class='ocrx_word' id='word_1_840' title='bbox 2310 5430 2472 5497; x_wconf 72' lang='lat' dir='ltr'><strong>cmlo,</strong></span> <span class='ocrx_word' id='word_1_841' title='bbox 2530 5433 2672 5502; x_wconf 90' lang='lat' dir='ltr'><strong>quod</strong></span> <span class='ocrx_word' id='word_1_842' title='bbox 2719 5441 2870 5488; x_wconf 90' lang='lat' dir='ltr'><strong>tuum</strong></span> <span class='ocrx_word' id='word_1_843' title='bbox 2918 5441 3022 5499; x_wconf 90' lang='lat' dir='ltr'><strong>est,</strong></span> <span class='ocrx_word' id='word_1_844' title='bbox 3062 5447 3097 5488; x_wconf 90' lang='grc' dir='ltr'><strong>ο</strong></span> <span class='ocrx_word' id='word_1_845' title='bbox 3140 5432 3413 5488; x_wconf 90' lang='lat' dir='ltr'><strong>Domine:</strong></span> 
     </span>
    </p>
   </div>
   <div class='ocr_carea' id='block_1_115' title="bbox 1843 5517 3420 5594">
    <p class='ocr_par' dir='ltr' id='par_1_115' title="bbox 1843 5517 3420 5594">
     <span class='ocr_line' id='line_1_115' title="bbox 1843 5517 3420 5594; baseline 0.003 -22"><span class='ocrx_word' id='word_1_846' title='bbox 1843 5517 2031 5575; x_wconf 83' lang='lat' dir='ltr'><strong>Amen.</strong></span> <span class='ocrx_word' id='word_1_847' title='bbox 2087 5517 2561 5576; x_wconf 88' lang='lat' dir='ltr'><strong>Connumerentur</strong></span> <span class='ocrx_word' id='word_1_848' title='bbox 2597 5523 2653 5577; x_wconf 90' lang='lat' dir='ltr'><strong>in</strong></span> <span class='ocrx_word' id='word_1_849' title='bbox 2703 5522 3118 5593; x_wconf 80' lang='lat' dir='ltr'><strong>congregatione</strong></span> <span class='ocrx_word' id='word_1_850' title='bbox 3147 5522 3420 5594; x_wconf 85' lang='lat' dir='ltr'><strong>primoge-</strong></span> 
     </span>
    </p>
   </div>
   <div class='ocr_carea' id='block_1_116' title="bbox 1844 5612 3423 5685">
    <p class='ocr_par' dir='ltr' id='par_1_116' title="bbox 1844 5612 3423 5685">
     <span class='ocr_line' id='line_1_116' title="bbox 1844 5612 3423 5685; baseline 0 -18"><span class='ocrx_word' id='word_1_851' title='bbox 1844 5612 1965 5677; x_wconf 91' lang='lat' dir='ltr'><strong>niti,</strong></span> <span class='ocrx_word' id='word_1_852' title='bbox 1998 5612 2051 5668; x_wconf 93' lang='lat' dir='ltr'><strong>in</strong></span> <span class='ocrx_word' id='word_1_853' title='bbox 2075 5613 2491 5685; x_wconf 82' lang='lat' dir='ltr'><strong>congregatione</strong></span> <span class='ocrx_word' id='word_1_854' title='bbox 2535 5613 2742 5669; x_wconf 90' lang='lat' dir='ltr'><strong>scilicet</strong></span> <span class='ocrx_word' id='word_1_855' title='bbox 2772 5627 2957 5669; x_wconf 90' lang='lat' dir='ltr'><strong>eorum</strong></span> <span class='ocrx_word' id='word_1_856' title='bbox 2989 5628 3219 5684; x_wconf 91' lang='lat' dir='ltr'><strong>quorum</strong></span> <span class='ocrx_word' id='word_1_857' title='bbox 3248 5613 3423 5667; x_wconf 87' lang='lat' dir='ltr'><strong>nomi-</strong></span> 
     </span>
    </p>
   </div>
   <div class='ocr_carea' id='block_1_117' title="bbox 1844 5703 3424 5774">
    <p class='ocr_par' dir='ltr' id='par_1_117' title="bbox 1844 5703 3424 5774">
     <span class='ocr_line' id='line_1_117' title="bbox 1844 5703 3424 5774; baseline 0.003 -18"><span class='ocrx_word' id='word_1_858' title='bbox 1844 5718 1912 5757; x_wconf 91' lang='lat' dir='ltr'><strong>na</strong></span> <span class='ocrx_word' id='word_1_859' title='bbox 1943 5703 2141 5774; x_wconf 83' lang='lat' dir='ltr'><strong>scripta</strong></span> <span class='ocrx_word' id='word_1_860' title='bbox 2192 5716 2318 5759; x_wconf 90' lang='lat' dir='ltr'><strong>sunt</strong></span> <span class='ocrx_word' id='word_1_861' title='bbox 2356 5704 2408 5759; x_wconf 91' lang='lat' dir='ltr'><strong>in</strong></span> <span class='ocrx_word' id='word_1_862' title='bbox 2441 5704 2633 5760; x_wconf 66' lang='lat' dir='ltr'><strong>caelis:</strong></span> <span class='ocrx_word' id='word_1_863' title='bbox 2662 5704 2854 5761; x_wconf 84' lang='lat' dir='ltr'><strong>Amen.</strong></span> <span class='ocrx_word' id='word_1_864' title='bbox 2908 5705 3012 5762; x_wconf 87' lang='lat' dir='ltr'><strong>Per</strong></span> <span class='ocrx_word' id='word_1_865' title='bbox 3051 5704 3235 5762; x_wconf 84' lang='lat' dir='ltr'><strong>Jcsum</strong></span> <span class='ocrx_word' id='word_1_866' title='bbox 3264 5705 3424 5762; x_wconf 89' lang='lat' dir='ltr'><strong>Chri-</strong></span> 
     </span>
    </p>
   </div>
   <div class='ocr_carea' id='block_1_118' title="bbox 1845 5790 3424 5875">
    <p class='ocr_par' dir='ltr' id='par_1_118' title="bbox 1845 5790 3424 5875">
     <span class='ocr_line' id='line_1_118' title="bbox 1845 5790 3424 5875; baseline 0.003 -28"><span class='ocrx_word' id='word_1_867' title='bbox 1845 5790 1986 5847; x_wconf 82' lang='lat' dir='ltr'><strong>stum</strong></span> <span class='ocrx_word' id='word_1_868' title='bbox 2017 5792 2307 5875; x_wconf 78' lang='lat' dir='ltr'><strong>Dominum</strong></span> <span class='ocrx_word' id='word_1_869' title='bbox 2355 5804 2621 5863; x_wconf 88' lang='lat' dir='ltr'><strong>nostrum,</strong></span> <span class='ocrx_word' id='word_1_870' title='bbox 2667 5811 2790 5851; x_wconf 90' lang='lat' dir='ltr'><strong>cum</strong></span> <span class='ocrx_word' id='word_1_871' title='bbox 2841 5812 2946 5870; x_wconf 87' lang='lat' dir='ltr'><strong>quo</strong></span> <span class='ocrx_word' id='word_1_872' title='bbox 2998 5798 3093 5855; x_wconf 83' lang='lat' dir='ltr'><strong>tibi</strong></span> <span class='ocrx_word' id='word_1_873' title='bbox 3146 5808 3229 5854; x_wconf 84' lang='lat' dir='ltr'><strong>est</strong></span> <span class='ocrx_word' id='word_1_874' title='bbox 3258 5796 3424 5869; x_wconf 85' lang='lat' dir='ltr'><strong>gloria</strong></span> 
     </span>
    </p>
   </div>
  </div>
