3924 6318
570 314 672 368 947

1284 317 1574 375 ᾹΡΡΕΝΙ).
1619 319 1713 375 AD
1751 321 2032 381 ScEC.-X.
2059 356 2134 372 --
2167 328 2599 391 MONUMENTA
2637 337 2912 397 LITUBG.

3684 359 3761 415 ω

569 440 691 479 cum
735 435 924 482 sancto
972 425 1197 497 Spiritu,
1247 442 1391 483 nunc
1432 435 1487 484 et
1522 443 1755 503 semper,
1786 440 1847 488 ct
1873 434 1928 488 in
1957 436 2150 495 saecula
2177 445 2227 505 Α
2257 442 2474 502 homine
2519 448 2610 517 qui
2648 449 2935 507 innovatur
2986 452 3041 508 in
3096 455 3501 515 similitudinem
3543 461 3762 531 Creawris

570 514 890 572 saeculorum
924 535 939 572 :
964 519 1156 573 Amen.

644 606 846 662 Deinde
874 608 1000 662 dicit
1028 625 1047 662 :
1080 608 1335 676 Sanctus,
1374 622 1616 681 sanctus,
1645 625 1866 674 sanctus
1899 621 2151 685 es,.Deus

569 698 929 754 exercituum.
984 699 1232 756 Perfecte
1265 702 1608 772 plcnumest
1658 709 1863 765 cmluns
1905 722 1960 766 et
2002 720 2146 768 terra

559 789 857 844 sanctitate
883 788 1069 857 gloria:
1102 800 1231 846 tum.

639 881 707 935 Et
742 882 868 937 dicit
897 882 1122 966 populus
1155 885 1458 955 :Sanctus,
1504 898 1749 956 sanctus,
1797 902 2020 951 sanctus
2063 910 2145 961 es,

567 975 710 1029 Deus
770 975 1144 1031 exercituum.
1191 977 1439 1036 Perfecte
1489 980 1705 1052 plenum
1746 993 1832 1040 est
1867 986 2066 1044 celum
2094 999 2150 1045 et

567 1072 712 1118 terra
742 1063 1030 1119 sanctitate
1058 1064 1243 1137 gloria:
1282 1076 1408 1124 tua}.

637 1150 896 1207 Sacerdos
918 1163 1092 1208 autem
1120 1156 1247 1210 dicit
1274 1170 1294 1208 :
1321 1158 1401 1212 Ad
1436 1167 1486 1214 te
1510 1161 1856 1230 suspicimus,
1887 1174 1941 1220 et
1966 1164 2145 1221 inten-

564 1243 750 1299 dimus
796 1244 982 1301 oculos
1009 1247 1191 1302 cordis
1220 1250 1389 1304 nostri
1441 1251 1493 1304 in
1522 1251 1752 1320 cut-lum;
1786 1271 2042 1324 rogamus
2074 1266 2144 1326 te,

568 1340 818 1407 Domine,
845 1341 987 1398 Deus
1012 1351 1216 1409 noster,
1244 1346 1458 1400 custodi
1503 1361 1601 1400 nos
1645 1361 1854 1403 omnes.
1883 1349 2023 1406 Deus
2051 1365 2147 1406 nov

557 1441 701 1498 'ster,
731 1433 875 1489 Deus
900 1443 1115 1503 patrum
1166 1445 1499 1503 nostrorum,
1522 1437 1614 1509 qui
1642 1440 1842 1495 creasti
1871 1440 2067 1496 etclam
2092 1451 2149 1497 et

565 1530 794 1587 terram,
826 1531 879 1577 οι
904 1524 1086 1577 omnia
1120 1535 1439 1581 ornamenta
1482 1543 1702 1594 eorum;
1736 1539 1956 1585 creator
1974 1546 2145 1602 aqua-

567 1633 710 1684 rum,
763 1633 884 1690 qua:
920 1620 1289 1690 supra‘coelos
1326 1629 1489 1688 sunt;
1532 1638 1625 1693 qui
1671 1622 1910 1687 fundasti
1942 1636 2146 1681 terram

563 1722 727 1775 super
753 1723 956 1776 aquas;
985 1709 1074 1778 qui
1115 1711 1456 1781 congregasti
1508 1726 1680 1782 aquas
1700 1713 1751 1767 iu
1781 1714 1964 1770 alveos
1984 1732 2143 1783 suos;

2252 536 2355 591 sui.
2400 536 2647 594 lllumina
2673 555 2769 596 eos
2828 542 3032 598 lumine
3062 542 3306 615 iustitiae,
3339 550 3434 620 qui
3462 562 3543 607 est
3578 554 3766 626 Spiritus

2251 637 2495 684 BallCltls.
2520 628 2715 686 Amen.
2740 632 2806 688 Et
2829 633 3109 692 inveniant
3128 638 3292 694 vitam
3314 651 3586 701 aeternam.
3612 647 3765 708 Amen.

2252 716 2433 773 Firma
2474 733 2666 775 eorum
2703 736 2878 792 spem.
2925 724 3123 781 Amen.
3150 727 3215 782 Et
3242 737 3389 785 stent
3416 743 3542 789 ante
3564 737 3766 797 thronum

2250 806 2452 863 Christi
2484 810 2581 864 tui.
2608 812 2801 868 Amen.
2847 813 3128 873 lnveniant
3177 820 3548 879 remissionem
3570 841 3769 896 peccato-

2253 915 2370 954 rum
2388 916 2629 957 suorum.
2648 903 2846 959 Amen.
2871 905 2939 961 Et
2957 908 3227 979 accipiant
3246 926 3505 971 coronam
3521 918 3768 977 calesteui.

2249 991 2446 1045 Amen.
2478 990 2625 1056 Sint,
2674 1008 2812 1063 aqua
2855 996 2990 1063 haec,
3021 1005 3078 1053 et
3107 999 3211 1057 hoc
3235 1000 3419 1057 oleum
3445 1003 3772 1074 benedicta,et

2248 1079 2406 1148 plena
2452 1079 2648 1151 gloria,
2680 1091 2735 1138 et
2781 1084 2892 1140 sint
2934 1096 3142 1154 sancta,
3178 1089 3234 1145 in
3281 1092 3504 1151 nomine
3545 1095 3772 1165 Patris.et

2250 1169 2396 1236 Filii,
2422 1178 2478 1225 et
2503 1170 2741 1241 Spiritus
2775 1176 2975 1241 sancti,
3007 1177 3061 1233 in
3096 1180 3399 1249 gratiarum
3429 1184 3674 1241 actionem
3700 1204 3773 1259 po-

2248 1258 2358 1327 puli
2387 1260 2484 1324 tui,
2542 1268 2601 1316 et
2635 1263 2879 1319 omnium
2914 1267 3008 1336 qui
3059 1267 3378 1327 obtulerunt
3423 1272 3515 1329 tibi
3541 1258 3775 1336 ﬁliossuos

2249 1348 2480 1406 famulos
2516 1360 2659 1418 tuos,
2694 1354 2746 1409 in
2786 1355 3014 1427 gloriam
3056 1368 3112 1414 et
3139 1360 3408 1418 honorem
3444 1363 3563 1420 Filii
3590 1367 3656 1422 tui
3679 1384 3771 1424 san-

2248 1441 2342 1495 cti.
2381 1440 2609 1514 Suscipe
2654 1459 2749 1502 eos
2797 1447 2851 1502 in
2908 1450 3241 1509 sacriﬁcium
3288 1462 3443 1511 tuum
3488 1469 3705 1516 sanctum
3734 1473 3773 1517 et

2249 1531 2492 1596 caeleste,
2524 1542 2780 1605 tauquam
2819 1541 3040 1597 odorem
3077 1530 3301 1601 suavem
3345 1550 3773 1619 magnitudinitua

2250 1621 2481 1687 ctelesti,
2506 1626 2778 1693 precibus,
2806 1631 3123 1700 angelorum
3157 1646 3212 1691 et
3231 1638 3666 1711 archangelorurn
3685 1652 3769 1699 tuo-

2252 1728 2371 1767 rum
2413 1723 2748 1772 sanctorum.
2782 1719 3030 1787 Domine,
3080 1723 3253 1780 libera
3284 1726 3541 1796 populum
3579 1738 3773 1795 tuum,et

565 1798 655 1866 qui
685 1799 926 1865 ciuxisti,
969 1811 1023 1856 et
1051 1803 1338 1874 coercuisli
1371 1820 1541 1872 mare,
1573 1817 1629 1861 et
1665 1806 1785 1877 ejus
1810 1808 2141 1877 profundita-

2251 1802 2478 1858 benedic
2494 1805 2799 1863 baereditati
2826 1820 2951 1876 tuae,
2979 1815 3214 1883 custodi,
3234 1793 3301 1872 et
3314 1793 3496 1874 esalta
3511 1835 3621 1876 eum
3644 1793 3773 1892 nscius

564 1897 674 1942 tem
721 1890 1019 1960 obsignasti
1053 1908 1249 1963 magno
1280 1895 1500 1951 nomine
1526 1896 1688 1969 signi,
1742 1900 1886 1968 quod
1930 1900 2145 1971 plenum

564 1991 652 2036 est
680 1981 872 2052 gloria,
904 1985 1125 2054 etquod
1175 1987 1357 2041 omnia
1412 1987 1604 2043 timent
1648 1997 1703 2045 et
1750 2000 2143 2060 expavescunt,

568 2082 811 2142 as;:cctu,
839 2073 1087 2141 Domine,
1110 2075 1445 2134 fortitudinis
1466 2080 1754 2136 etvirtutis
1777 2090 1901 2137 tute.
1927 2082 2005 2136 Tu
2021 2082 2146 2138 fon-

569 2161 707 2219 dasti
740 2179 890 2220 mare
918 2167 1117 2221 virtute
1164 2177 1274 2231 tua,
1306 2178 1360 2223 tu
1395 2168 1709 2241 confregisti
1742 2173 1917 2241 capita
1949 2172 2145 2230 draco-

568 2254 655 2309 nis
694 2255 746 2310 iu
784 2271 974 2327 aquas,
1016 2266 1069 2310 tu
1110 2259 1315 2314 scidisti
1366 2261 1724 2333 scaturigines
1755 2271 1811 2318 et
1851 2261 2054 2332 fontes,
2091 2275 2148 2323 et

567 2346 761 2402 dedisti
806 2347 946 2401 viam
989 2349 1163 2419 aquis.
1196 2348 1460 2406 Viderunt
1502 2360 1554 2407 te
1602 2367 1778 2423 aquae,
1817 2353 2060 2421 Domine,
2093 2366 2149 2414 et

566 2450 828 2507 paverunt
883 2440 1271 2510 profunditates
1318 2459 1428 2514 prae
1471 2443 1817 2517 multitudine
1844 2461 2140 2517 aquarum.

564 2525 646 2582 Tu
674 2544 752 2593 es,
782 2544 941 2599 quem
972 2545 1123 2586 mare
1152 2530 1396 2586 Rubrum
1439 2532 1594 2599 vidit,
1621 2542 1677 2589 et
1699 2534 1895 2592 timore
1917 2537 1997 2592 tui
2016 2552 2148 2593 con-

567 2622 726 2675 stitit.
758 2620 835 2675 Tu
869 2620 1129 2692 trajecisti
1172 2622 1359 2690 Israel,
1382 2634 1437 2681 et
1472 2639 1570 2696 per
1599 2625 1819 2698 Moysen
1853 2628 2145 2699 baptizasti

568 2730 726 2782 cum;
760 2724 812 2769 tu
842 2714 1150 2787 praecepisti
1180 2719 1298 2788 rupi
1337 2719 1511 2787 durae,
1537 2730 1593 2776 et
1620 2720 1809 2777 effudit
1832 2737 2029 2795 aquam
2052 2739 2146 2795 po-

561 2808 688 2878 pulo
718 2818 810 2865 tuo
835 2826 849 2874 ;
885 2819 940 2864 tu
971 2812 1191 2867 mutasti
1224 2827 1420 2882 aquam
1451 2828 1715 2880 amaram,
1741 2824 1799 2869 et
1821 2810 1997 2871 fecisti
2026 2830 2147 2872 eam

562 2899 793 2955 dulcem.
829 2899 944 2967 Tu,
978 2900 1221 2971 Domine,
1250 2912 1495 2973 tempore
1531 2902 1780 2961 Jesutilii
1808 2904 1978 2974 Nave,
2017 2908 2146 2964 abs-

562 2989 771 3056 tulisti,
786 2999 839 3045 et
878 2992 1075 3047 reverti
1123 2992 1299 3049 fecisti
1329 2993 1574 3062 ﬂumina,
1611 3009 1733 3067 quae
1772 2995 2011 3053 ﬂuebant
2039 3007 2148 3054 ter-

561 3081 813 3138 ribiliter.
844 3081 922 3137 Tu
981 3085 1123 3155 (quis
1152 3087 1296 3140 enim
1334 3087 1599 3145 sustineat
1626 3099 1903 3161 aspectum
1938 3092 2146 3165 tuum?)

558 3170 890 3226 sacrificium
914 3187 1129 3244 quoque
1155 3175 1284 3230 Elim
1308 3177 1360 3231 in
1386 3191 1526 3247 aqua
1556 3179 1842 3250 suscepisti
1873 3195 1971 3251 per
1989 3181 2143 3236 llam-

567 3276 711 3314 mam
750 3270 813 3317 et.
832 3263 1013 3332 ignem
1068 3265 1134 3321 de
1163 3265 1322 3323 coelo.
1352 3267 1431 3322 Tu
1460 3283 1540 3333 es,
1572 3269 1817 3336 Domine,
1850 3272 1940 3341 qui
1963 3282 2146 3328 osten-

566 3352 693 3407 disti
717 3342 814 3424 per
853 3354 1104 3411 Elisreum
1129 3372 1324 3427 aquam
1357 3358 1721 3430 generationis
1753 3362 1896 3429 vitae,
1928 3373 1983 3419 et
2008 3363 2146 3419 Naa-

567 3457 692 3496 man
723 3442 920 3515 Syrum
946 3448 1195 3503 mundari
1221 3448 1399 3505 fecisti
1424 3464 1521 3521 per
1540 3465 1734 3521 aquam
1765 3450 2032 3510 Iordanis.
2063 3454 2142 3511 Tu

565 3533 746 3600 Qtntiia
769 3545 944 3604 petes,
970 3544 1029 3592 et-
1052 3537 1184 3593 nihil
1218 3548 1302 3595 est
1328 3540 1470 3611 quod
1502 3541 1595 3597 tibi
1623 3540 1693 3597 sit
1720 3542 2067 3612 impossibile.

629 3626 903 3683 Diacomts
933 3630 1062 3684 dicit
1086 3646 1104 3684 :
1137 3631 1321 3690 Orate.

586 3775 593 3782 _
632 3715 892 3775 Sacerdos
922 3731 1097 3776 autem
1119 3723 1246 3778 dicit
1272 3740 1294 3780 :

631 3806 880 3875 Domine,
909 3826 943 3866 ο
970 3812 1220 3880 Domine,
1249 3814 1412 3872 Pater
1437 3817 1601 3885 bone,
1641 3818 1784 3874 Deus
1805 3829 2010 3884 noster,
2044 3836 2141 3875 rex

561 3896 811 3952 ordinum
837 3900 1141 3958 ctelcstium
1166 3913 1224 3959 et
1251 3908 1613 3971 terrestrium,
1646 3909 1844 3978 aspice,
1868 3911 1959 3981 qui
1985 3910 2141 3965 sedes

562 4003 725 4057 super
750 3988 1065 4059 Cherubim,
1098 3995 1315 4052 intende
1335 3998 1522 4054 oculos
1547 3999 1638 4069 qui
1663 3998 1879 4056 habitas
1900 4001 1954 4056 in
1977 3999 2136 4057 coalo.

559 4076 773 4149 Aspice.
813 4091 867 4136 et
888 4084 1042 4137 visita
1066 4096 1370 4143 creaturam
1418 4098 1581 4144 tuam.
1620 4090 1698 4145 Da
1722 4091 1849 4147 huic
1873 4107 2026 4163 aqua:
2046 4094 2141 4150 do.

562 4186 692 4225 num
743 4170 998 4230 Iordanis
1045 4190 1315 4247 magnum,
1370 4188 1585 4250 potens,
1616 4181 1937 4248 ctcteleste,
1968 4193 2023 4239 et
2048 4184 2140 4240 de-

563 4267 787 4319 scendat
820 4264 1055 4336 Spiritus
1082 4279 1304 4325 sanctus
1331 4287 1495 4343 super
1513 4288 1657 4329 eam.
1688 4273 1882 4331 Amen.
1909 4275 2055 4331 Dona
2088 4278 2139 4331 ei

561 4359 992 4423 benedictionem
1017 4359 1292 4429 Iordanis,
1326 4363 1394 4418 da
1416 4365 1463 4418 ci
1499 4365 1779 4432 virtutem,
1803 4374 1863 4422 ut
1896 4368 1969 4424 sit
1995 4384 2135 4438 aqua

559 4449 704 4503 vitm.
754 4450 947 4506 Amen.
987 4452 1139 4523 Aqua
1179 4456 1507 4512 sanctitatis.
1561 4457 1754 4514 Amen.
1799 4459 1950 4528 Aqua
1983 4475 2139 4514 mun-
2175 4492 2220 4549 ο

562 4540 798 4598 dationis
826 4557 1195 4615 peccatounn.
1224 4546 1416 4603 Amen.
1468 4549 1621 4618 Aqua
1645 4549 1863 4606 lotionis
1885 4551 1951 4605 ad
1981 4565 2137 4621 rege-

559 4636 914 4693 nerationem.
973 4639 1167 4695 Amen.
1219 4639 1368 4697 Dona
1399 4642 1469 4709 ei,
1523 4650 1582 4697 ut
1629 4641 1676 4699 si
1710 4644 1831 4713 quis
1855 4653 1938 4698 est
1968 4643 2141 4700 latens

557 4735 709 4801 extra
742 4744 860 4783 eam
894 4731 1161 4802 malignus
1184 4732 1428 4802 spiritus,
1454 4748 1558 4789 non
1581 4741 1885 4788 revertatur
1906 4733 2146 4804 amplius

560 4817 626 4871 all
654 4833 767 4883 eos,
819 4820 911 4889 qui
959 4822 1315 4890 baptizantur.
1370 4824 1565 4878 Amen.
1606 4822 1717 4880 Nec
1758 4823 1982 4893 spiritus
2008 4822 2136 4880 diei.

560 4912 754 4967 A'mcn.
808 4911 917 4968 Nec
971 4914 1193 4983 spiritus
1232 4916 1493 4971 meridiei.
1546 4914 1737 4970 Amen.
1772 4914 1883 4970 Nec
1915 4914 2139 4985 spiritus

557 5006 789 5076 vesperi.
822 5006 1017 5061 Amen.
1043 5005 1155 5062 Nec
1197 5008 1419 5078 spiritus
1453 5006 1647 5067 noctis.
1674 5005 1864 5060 Amen.
1894 5004 2003 5062 Nec
2028 5006 2141 5076 spi-

559 5099 695 5153 ritus
723 5099 883 5154 aeris.
914 5100 1108 5154 Amen.
1156 5099 1267 5156 Nec
1314 5100 1536 5172 spiritus
1576 5099 1863 5169 superbiae,
1885 5114 2013 5169 qua:
2035 5099 2136 5154 sub

560 5195 703 5260 terra
738 5196 843 5242 cst.
886 5188 1079 5243 Amen.
1108 5187 1177 5242 At
1213 5203 1340 5245 arce
1382 5202 1572 5244 omnes
1620 5187 1845 5257 spiritus
1875 5186 2139 5260 malignos

556 5256 781 5341 virtute,
834 5286 889 5334 et
934 5278 1270 5349 benignitate
1320 5289 1434 5345 tua,
1484 5286 1539 5333 et
1586 5277 1910 5348 frangantur
1949 5293 2134 5334 coram

559 5367 713 5437 signo
750 5369 931 5424 crucis
978 5367 1098 5424 Filii
1127 5369 1224 5426 tui.
1251 5370 1444 5424 Amen.
1476 5368 1534 5423 In
1562 5369 1781 5424 nomine
1803 5378 2000 5424 sancto.
2020 5379 2135 5433 tuo,

559 5440 698 5527 quod
732 5475 1040 5529 precamur,
1068 5461 1211 5532 quod
1250 5462 1464 5532 plenum
1492 5469 1577 5516 est
1607 5459 1796 5528 gloria,
1819 5469 1875 5515 et
1898 5460 2137 5515 terribile

560 5538 821 5606 adversus
873 5568 935 5607 ea
988 5568 1107 5624 qua!
1137 5553 1293 5608 nobis
1331 5552 1708 5616 adversantur,
1738 5561 1797 5605 ut
1841 5552 2018 5607 omnis
2043 5553 2134 5623 qui

558 5630 863 5710 baptizatur
894 5644 946 5699 in
966 5659 1048 5711 ea,
1068 5645 1301 5715 expellat
1326 5663 1354 5700 a
1378 5661 1436 5701 se
1463 5643 1734 5700 hominem
1765 5645 2134 5715 veterem.qui

565 5721 945 5800 coinquinatus
970 5741 1049 5788 est
1076 5734 1351 5806 voluptate
1388 5734 1623 5804 erroris;
1646 5743 1699 5789 ct
1722 5733 1974 5791 induatur
2000 5750 2139 5791 novo

2173 3146 2219 3209 (ἒ

2250 1892 2303 1946 in
2342 1894 2619 1952 smculum.
2669 1898 2861 1955 Amen.
2923 1900 3206 1960 Conserva
3264 1922 3392 1962 eum
3423 1907 3480 1963 in
3507 1910 3772 1968 rectitudine

2250 1982 2398 2047 ﬁdei.
2425 1987 2574 2041 omni
2627 1997 2871 2060 tempore
2923 1994 3053 2051 vitae
3083 2011 3216 2060 sua},
3251 2008 3310 2053 et
3357 1999 3434 2054 sit
3461 2000 3512 2054 in
3535 2001 3770 2072 cbaritate,

2246 2089 2370 2144 quae
2417 2088 2639 2147 superat
2662 2096 2878 2136 onmem
2917 2097 3127 2152 pacem,
3155 2086 3415 2155 precibus
3436 2091 3658 2145 omnium
3682 2108 3773 2147 ssn-

2249 2172 2484 2229 ctorum,
2515 2175 2571 2220 et
2598 2167 2989 2225 intercessione
3025 2172 3199 2242 plenae
3216 2175 3402 2245 gratia
3422 2174 3644 2249 Virginis
3665 2181 3776 2251 geni-

2252 2254 2405 2310 tricis
2449 2255 2543 2310 Dci
2588 2255 2793 2331 hiat-iac,
2846 2275 2968 2330 qua
2997 2261 3050 2317 in
3106 2266 3370 2321 omnibus
3407 2276 3491 2322 est
3534 2280 3710 2335 sancta,
3736 2280 3775 2325 et

2250 2347 2423 2402 sancti
2472 2345 2703 2405 Joannis
2739 2351 3025 2423 martyris,
3076 2361 3131 2409 et
3173 2352 3462 2427 Baptista,
3487 2358 3775 2428 przecursoris

2249 2447 2305 2493 et
2328 2439 2483 2495 ducis
2502 2440 2651 2506 vitae,
2682 2449 2739 2497 et
2763 2444 3006 2499 omnium
3031 2455 3352 2502 sanctorum
3380 2464 3516 2519 quos
3539 2464 3567 2505 a
3592 2451 3772 2520 primor-

2249 2527 2341 2583 dio
2357 2527 2590 2598 elegiSti,
2619 2545 2718 2601 per
2737 2532 2968 2603 gratiam
2998 2534 3142 2590 unici
3165 2534 3289 2591 Filii
3324 2538 3430 2604 tui,
3454 2528 3571 2595 eum
3596 2554 3686 2610 quo
3706 2540 3773 2596 tibi

2251 2634 2356 2674 una
2393 2634 2516 2675 cum
2556 2631 2748 2679 sancto
2774 2621 3005 2694 Spiritu,
3044 2633 3130 2682 est
3153 2626 3330 2699 gloria
3361 2630 3417 2684 in
3451 2629 3632 2686 saecula
3648 2645 3773 2687 siccu-

2250 2711 2447 2767 lorum.
2472 2713 2668 2771 Amen.

2321 2803 2521 2860 Deinde
2549 2808 2794 2864 sacerdos
2825 2810 2953 2864 dicit
2984 2797 3275 2868 orationem
3302 2812 3591 2887 Evangelii,
3610 2815 3770 2871 scilicet.

2319 2891 2484 2951 Pater
2512 2906 2716 2961 noster,
2742 2900 2834 2970 qui
2866 2915 2927 2956 es
2957 2902 3011 2957 in
3039 2902 3216 2969 caelis,
3243 2905 3608 2961 sanctiﬁcetur
3629 2921 3772 2962 nomen

2251 2996 2404 3041 tuum
2448 3006 2462 3041 :
2494 2988 2749 3047 adveniat
2803 3007 3030 3063 regnum
3072 3001 3223 3049 tuum
3255 3010 3271 3050 :
3310 2996 3411 3052 ﬁat
3453 2996 3672 3053 voluntas
3707 3004 3771 3050 tus

2252 3074 2394 3132 sicut
2420 3077 2475 3132 in
2505 3077 2678 3145 ctelo,
2712 3081 2786 3135 ita
2811 3092 2867 3138 et
2895 3083 2948 3138 in
2975 3092 3141 3140 terra.
3181 3085 3258 3140 Da
3288 3087 3452 3142 nobis
3475 3088 3620 3143 hodie
3639 3087 3773 3142 cibum

2249 3172 2495 3220 nostrum
2552 3169 2927 3238 quotidianum
2978 3190 2992 3226 :
3052 3173 3267 3231 dimitte
3311 3177 3473 3232 nobis
3513 3174 3768 3232 oliensionss

2247 3262 2490 3322 nostras,
2513 3266 2568 3311 et
2592 3273 2808 3317 errores
2835 3271 3052 3318 nostros
3074 3303 3090 3329 ,
3112 3273 3168 3319 et
3195 3274 3255 3319 ut
3289 3281 3396 3323 nos
3421 3282 3621 3338 quoque
3639 3266 3768 3320 dimit-

2248 3355 2425 3403 tamus
2452 3347 2798 3416 olfensiones,
2828 3367 2951 3422 qua:
2998 3353 3052 3408 in
3101 3369 3202 3412 nos
3240 3365 3375 3412 sunt
3406 3375 3419 3412 :
3452 3366 3506 3413 et
3554 3372 3616 3413 ne
3659 3356 3768 3411 indu-

2245 3452 2340 3492 cas
2389 3453 2511 3505 nos,
2562 3438 2808 3506 Domine,
2837 3442 2891 3496 in
2922 3443 3270 3500 tentationem
3292 3486 3310 3511 ,
3350 3446 3444 3503 sed
3492 3448 3697 3510 redime,
3729 3452 3767 3497 et

2244 3524 2415 3582 libera
2442 3542 2543 3584 nos
2567 3528 2636 3584 ab
2666 3531 2813 3586 omni
2840 3532 3004 3587 malo.
3051 3531 3321 3600 Quoniam
3355 3536 3457 3591 hoc
3482 3545 3562 3593 est
3599 3546 3766 3607 regnum

2245 3625 2422 3686 tuum,
2447 3619 2622 3676 honor
2650 3629 2705 3675 et
2733 3620 2902 3694 gloria
2937 3638 3104 3690 nunc,
3125 3632 3181 3679 et
3205 3640 3447 3698 semper,
3473 3636 3524 3683 et
3554 3628 3601 3683 in
3625 3624 3764 3682 secula

2244 3713 2587 3768 saeculorum.
2615 3715 2811 3771 Amen.

2315 3803 2510 3859 Postea
2543 3805 2678 3860 dicit.
2698 3808 2987 3865 orationem
3016 3811 3368 3879 impositionis
3406 3826 3635 3866 manuum
3656 3820 3765 3877 super

2239 3912 2327 3950 eos
2356 3897 2447 3967 qui
2476 3897 2775 3967 baptizandi
2802 3913 2942 3956 sunt.

2309 3986 2511 4058 Accipit
2539 3991 2871 4058 postmodum
2896 4008 3128 4061 crucem,
3158 4003 3205 4048 et
3239 4004 3319 4049 ter
3346 4011 3408 4049 ea
3438 4008 3611 4064 aquam
3642 3986 3763 4044 sliat

2240 4075 2295 4128 iu
2327 4077 2537 4131 modum
2566 4078 2737 4134 crucis
2767 4089 2846 4134 ter
2873 4081 3131 4138 clamans.
3320 4134 3337 4147 κ

2312 4166 2545 4235 Sanctus
2571 4207 2585 4231 ,
2615 4177 2838 4226 sanctus
2861 4210 2879 4235 ,
2931 4180 3184 4232 sanctus.
3239 4171 3438 4237 Pater,
3460 4180 3512 4228 et
3539 4168 3702 4230 Filius,
3722 4171 3762 4215 et

2242 4258 2476 4328 Spiritus
2505 4270 2753 4329 sanetus,
2784 4277 2929 4318 nunc
2955 4272 3013 4320 et
3058 4278 3293 4335 semper,
3324 4273 3380 4322 et
3406 4266 3459 4320 in
3505 4261 3760 4319 sarculum-

2239 4349 2505 4406 culorum.
2535 4351 2730 4407 Amen.

2316 4442 2593 4500 Descendit
2619 4455 2799 4517 postea
2836 4449 2893 4503 in
2922 4448 3153 4519 fontem,
3176 4460 3225 4506 et
3271 4451 3502 4522 infundit
3530 4446 3763 4503 habent“

2245 4536 2300 4589 in
2329 4535 2557 4606 ﬁguram
2586 4539 2725 4609 signi
2747 4542 2921 4596 crucis
2940 4542 3157 4598 dicens:

2318 4626 2645 4685 Benedictus
2674 4640 2758 4688 est
2786 4631 2929 4689 Deus
2955 4622 3165 4691 Pater?
3183 4636 3379 4692 Amen.
3402 4635 3443 4709 -ιδ

2318 4717 2640 4776 Benedictus
2652 4729 2738 4777 est
2748 4721 2917 4779 Filius
2929 4724 3121 4781 unicus
3134 4725 3292 4781 Jesus
3309 4726 3559 4782 Christus.
3577 4716 3757 4783 Aniensi

2316 4808 2640 4866 Benedictus
2653 4821 2737 4867 est
2754 4810 2991 4883 Spiritus
3003 4824 3233 4871 sanctus
3241 4815 3536 4886 paracletus
3550 4831 3563 4867 :
3575 4805 3756 4872 Amen?

2319 4900 2453 4955 Tum
2498 4902 2626 4956 dicit
2674 4919 2865 4973 magna
2911 4920 3064 4971 voce,
3104 4905 3331 4961 Alleluia
3358 4947 3378 4974 ,
3430 4906 3544 4960 dum
3589 4901 3753 4954 mimus

2242 4975 2432 5063 nouam
2501 5010 2617 5046 cum
2689 4994 2961 5059 balsamo,
3033 5014 3195 5053 niani:
3253 5015 3350 5054 sua
3410 4999 3602 5053 dextera
3645 4988 3749 5044 dicit.

2242 5084 2447 5141 Psalm.
2471 5102 2653 5141 cum.
2676 5086 2944 5153 Quoniam
2969 5087 3133 5160 elegit
3152 5088 3419 5145 Dominus
3433 5087 3549 5143 Sion
3570 5084 3615 5140 in
3641 5077 3749 5135 babi‘

2243 5178 2522 5233 tationem.

2312 5268 2380 5323 Et
2405 5268 2595 5340 psalm.
2626 5285 2829 5336 xxviii,
2861 5270 2976 5328 Vox
3008 5272 3219 5328 Domini
3250 5286 3407 5342 super
3446 5278 3619 5339 aquas,
3648 5259 3748 5313 Deus

2239 5360 2424 5433 gloria:
2445 5362 2697 5417 intonuit.
2721 5362 2790 5417 Et
2811 5364 3003 5434 psalm.
3030 5380 3224 5430 sunt,
3249 5362 3489 5421 Accedite
3504 5357 3563 5414 ad
3578 5353 3747 5412 eum.“

2240 5453 2565 5509 illuminabit
2593 5468 2703 5511 vos.
2737 5454 2807 5509 Et
2833 5456 3020 5526 psalm.
3053 5472 3180 5515 exv.
3212 5452 3517 5513 Transmisit
3544 5443 3744 5545 nosittls'

2241 5547 2419 5618 ignem
2444 5556 2499 5602 et
2525 5564 2745 5619 aquam.
2770 5548 2836 5604 Et
2863 5549 3053 5620 psalm.
3082 5566 3137 5617 ιι,
3160 5550 3420 5622 Asperges
3446 5559 3541 5609 me,
3555 5539 3743 5594 nurnine.

2244 5647 2442 5710 myrto,
2471 5649 2526 5696 et
2561 5640 2884 5706 Inundabor,
2913 5659 3075 5713 usque
3101 5643 3169 5697 ad
3200 5640 3493 5698 versiculw
3515 5651 3532 5688 ἔ
3550 5629 3619 5728 Pe
3648 5635 3739 5728 PN:

2243 5733 2403 5805 iicias
2427 5750 2510 5790 me
2533 5751 2561 5790 a
2596 5734 2732 5791 facie
2774 5743 2883 5792 tua.
2919 5734 3121 5793 Deinde
3145 5737 3286 5809 dicit
3314 5750 3331 5787 :
3355 5730 3519 5791 Gloria
3550 5717 3739 5779 Pstri,rt
