3902 5334
58 288 240 341 Saucia
274 281 368 337 Dei
393 276 648 351 genitrix,

59 376 151 431 Sea
179 372 365 435 Maria,
405 349 418 351 ⁷
1202 369 1297 410 ora
1322 368 1421 422 pro
1446 349 1620 404 nobis.

58 466 153 520 See
179 460 465 524 Michahel,
1198 460 1294 501 ora
1326 458 1424 515 pro
1445 440 1621 496 nobis.

60 556 152 612 See
173 549 457 614 Gabrihel,
641 531 667 549 ’
1198 550 1293 590 ora
1321 548 1420 605 pro
1447 531 1622 587 nobis.

60 646 151 701 See
175 639 476 713 Raphahel,
1194 640 1289 681 ora
1321 638 1418 694 pro
1448 619 1622 675 nobis.

60 737 243 792 Omnes
260 712 438 789 sancti
467 726 637 799 angeli
665 733 721 781 et
748 720 1083 793 archangeli,
1144 725 1296 774 orate
1326 730 1425 786 pro
1445 712 1624 769 nobis.

61 827 245 882 Omnes
275 821 448 877 sancti
475 816 798 889 patriarchae
831 823 886 869 et
917 810 1216 884 prophetae,
1449 810 1623 857 orate.

63 916 153 970 Sec
173 914 450 970 Iohannes
474 907 739 980 Baptista,
1182 914 1277 953 ora
1310 911 1407 969 pro
1448 894 1624 950 nobis.

64 1005 155 1059 See
180 1004 361 1066 Petre,
1191 1005 1290 1045 ora
1317 1002 1415 1057 pro
1453 985 1626 1039 nobis.

64 1095 157 1150 See
181 1094 365 1158 Paule,
1188 1094 1282 1136 ora
1311 1092 1408 1148 pro
1451 1074 1623 1131 nobis.

66 1185 159 1239 See
190 1183 428 1248 Andrea,
1189 1183 1284 1224 ora
1312 1181 1413 1237 pro
1450 1165 1626 1220 nobis.

66 1274 161 1330 Sce
182 1272 401 1337 Jacobe,
1191 1272 1286 1312 ora
1316 1270 1413 1326 pro
1451 1254 1626 1308 nobis.

1192 1363 1285 1405 ora
1313 1361 1411 1417 pro
1454 1344 1627 1399 nobis.

1456 1444 1629 1489 orate.

67 1365 160 1419 S‘ee
186 1363 479 1425 Iohannes,

67 1454 251 1509 Omnes
278 1450 453 1508 sancti
485 1447 713 1521 apostoli
741 1454 795 1502 et
820 1443 1183 1516 evangelista),

68 1546 163 1602 See
184 1543 474 1614 Stephane,
694 1538 698 1541 Α
1187 1544 1283 1587 ora
1315 1543 1414 1598 pro
1452 1526 1627 1581 nobis.

69 1636 163 1692 See
192 1634 340 1699 Line,

71 1727 167 1781 Sce
196 1723 362 1788 Cletc,
905 1710 909 1713 ’
1193 1725 1287 1766 ora
1327 1722 1426 1779 pro
1453 1705 1631 1760 nobis.

70 1815 165 1870 See
186 1813 453 1875 Clemens,
1188 1814 1282 1854 ora
1323 1812 1420 1867 pro
1457 1795 1632 1851 nobis.

73 1910 166 1965 See
188 1902 460 1969 Pancrati,
1202 1905 1297 1946 ora
1327 1904 1426 1959 pro
1461 1888 1634 1942 nobis.

74 1997 168 2053 See
189 1995 417 2057 Ciriaee,
1207 1994 1304 2034 ora
1334 1991 1431 2049 pro
1460 1975 1635 2030 nobis.
1663 2008 1675 2021 ο

76 2087 168 2143 See
203 2083 443 2148 Ferruci,
1211 2086 1308 2129 ora
1338 2082 1435 2140 pro
1459 2065 1637 2122 nobis.

77 2179 168 2236 See
194 2178 396 2234 Albane
420 2174 485 2237 ll,
1203 2178 1299 2220 ora
1330 2176 1428 2233 pro
1458 2157 1637 2213 nobis.

77 2273 257 2329 Omnes
285 2269 461 2329 sancti
490 2276 779 2340 martyres,

80 2364 168 2421 See
201 2362 480 2428 Silvester,
1213 2362 1311 2403 ora
1340 2359 1437 2415 pro
1463 2341 1638 2397 nobis.

80 2456 168 2511 See
192 2452 439 2523 Gregori,
1199 2453 1295 2496 ora
1338 2451 1438 2509 pro
1464 2432 1640 2489 nobis.

84 2545 170 2601 See
190 2544 442 2608 Martiae,
1200 2544 1297 2585 ora
1338 2543 1436 2599 pro
1465 2524 1639 2579 nobis.

84 2634 171 2690 See
195 2633 423 2703 Remigi,
1213 2633 1310 2675 ora
1340 2630 1439 2688 pro
1463 2614 1640 2670 nobis.

84 2724 169 2779 See
194 2724 502 2787 Benedicte,
1208 2727 1302 2767 ora
1342 2725 1440 2782 pro
1466 2706 1642 2762 nobis.

86 2812 262 2868 Omnes
290 2812 465 2868 sancti
488 2807 852 2873 confessores,

1343 147 1529 208 OBDO
1572 138 1906 200 BAPTISMA
1916 134 2038 191 TIS.

1100 290 1103 297 -
1189 278 1284 318 ora
1319 277 1418 331 pro
1446 257 1620 314 nobis.
1654 258 1702 318 Α
1731 250 1801 309 Ut
1847 247 2108 312 exercitui
2161 243 2579 301 christianurum
2635 238 2862 295 salutem
2904 244 2953 293 et
3026 237 3308 293 sanitatem

1152 2264 1306 2313 orate
1330 2268 1432 2324 pro
1460 2249 1642 2306 nobis.

1142 2809 1295 2858 orate
1332 2814 1430 2870 pro
1469 2797 1644 2851 nobis.

3200 125 3303 182 9M

1798 353 1960 414 atque
1997 339 2279 395 victoriam
2305 336 2494 399 dones,
2650 340 2702 387 te
2725 344 2994 401 rogamus,
3025 328 3149 383 audi
3181 344 3304 383 nos.

1730 436 1800 492 Ut
1847 435 2048 488 fontem
2094 430 2254 484 istum
2299 423 2617 480 benedicere
2663 429 3075 477 et-consecrare
3125 417 3311 488 digne-

1800 527 1894 593 ris,
2643 523 2695 569 te
2735 525 3004 582 rogamus,
3036 508 3159 563 audi
3190 490 3335 563 nos.'

1727 629 1911 699 Agnus
1941 624 2055 688 Dei,
2085 622 2174 693 qui
2209 619 2351 676 tollis
2373 625 2594 689 peccata
2626 614 2830 678 mundi,
2857 626 3017 683 parce
3042 610 3217 675 nobis,
3246 610 3315 665 D.

1730 733 1915 802 Agnus
1943 729 2056 793 Dei,
2088 727 2178 797 qui
2206 724 2353 779 tollis
2383 730 2602 792 peccata
2633 717 2840 776 mundi.
2867 712 3062 770 exaudi
3095 727 3211 774 nos,
3244 707 3315 765 D.

1728 801 1912 893 Agnus
1940 819 2053 881 Dei,
2074 818 2164 886 qui
2187 814 2330 870 tollis
2358 819 2579 881 peccata
2619 808 2825 872 mundi,
2852 801 3318 861 miserere'nobis.

1801 906 2180 966 Christe'audi
2220 920 2338 960 nos.
2376 902 2538 974 liyrie
2574 899 2798 955 eleison.
2836 895 3053 952 Christe
3087 890 3319 978 eleison.

1804 1010 1933 1066 Idea:
1980 1006 2223 1063 sacerdos
2276 1005 2452 1058 dicens
2501 1000 2759 1055 Dominus
2806 996 3081 1051 vobiscum
3109 1033 3126 1056 ,
3176 989 3314 1059 quod

1728 1102 1875 1173 prius
1897 1112 2164 1169 nunquam
2187 1095 2358 1148 dicere
2378 1092 2545 1156 debet,
2564 1092 2698 1144 hanc
2718 1095 3010 1158 sequentem
3027 1082 3317 1138 orationem

1730 1170 1867 1261 legat
1896 1204 2053 1258 super
2077 1185 2290 1255 fontem.
2331 1181 2580 1236 Oremus.
2606 1177 2963 1245 Omnipotens
2992 1170 3320 1240 sempiterne

1731 1282 1895 1345 Dens,
1951 1277 2138 1333 adesto
2189 1286 2398 1342 magnae
2438 1269 2658 1339 pietatis
2700 1276 2803 1321 tute
2853 1261 3160 1336 mysteriis,
3206 1267 3319 1314 etc.

1733 1370 1887 1425 Hauc
1923 1369 2168 1435 deinceps
2200 1362 2609 1418 benedictionem
2652 1355 2905 1411 sacerdos
2927 1352 3168 1409 canendo
3191 1364 3325 1421 pro-

1735 1463 1873 1517 t‘erat
1892 1461 2048 1531 juxta
2075 1455 2389 1512 canonicam
2424 1451 2824 1507 auctoritatem.
2855 1446 3117 1502 Dominus
3142 1444 3335 1501 vobis-1

1736 1568 1879 1607 cum.
1922 1552 2132 1606 Etcum
2179 1547 2387 1617 Spiritu
2441 1553 2550 1598 tuo.
2585 1543 2812 1611 Sursum
2846 1541 3012 1595 corda
3057 1538 3321 1593 habemus

1188 1634 1281 1676 om
1312 1633 1411 1689 pr"
1455 1616 1630 1670 “bis”
1664 1603 1709 1663 Β
1738 1643 1801 1697 ad
1834 1640 2138 1697 Dominum.
2176 1603 2395 1693 Gratias
2420 1606 2646 1704 agamus
2687 1633 2913 1686 Domino
2958 1629 3069 1684 Deo
3109 1635 3314 1681 nostro.

1736 1736 1966 1804 Dignum
1997 1740 2050 1787 et
2076 1730 2282 1800 justum
2332 1735 2438 1783 est.
2471 1726 2608 1782 Vere
2636 1724 2858 1793 dignum
2888 1730 2944 1776 et
2966 1719 3172 1789 justum
3217 1724 3322 1782 est,

1733 1842 1945 1897 aequum
1974 1835 2025 1880 et
2055 1823 2312 1879 salutare.
2347 1818 2458 1874 Nos
2496 1816 2590 1872 tibi
2621 1829 2835 1885 semper
2860 1821 2917 1867 et
2960 1811 3161 1880 ubique
3203 1824 3329 1878 gra-

1735 1918 1839 1972 tias
1867 1929 2049 1987 agere,
2080 1911 2306 1970 Domine
2336 1916 2526 1965 sancte
2568 1905 2729 1960 Pater
2755 1902 3094 1971 omnipotens
3122 1907 3324 1953 :eterue

1736 2005 1900 2061 Deus.
1932 2004 2035 2071 Qui
2059 2000 2313 2057 invisibili
2342 1996 2579 2069 potentia
2608 2000 3075 2051 sacramentorum
3103 1997 3335 2041 tuorum

1738 2094 2060 2150 mirabiliter
2082 2089 2331 2161 aperaris
2354 2086 2630 2150 eﬂ'ectum,
2654 2091 2710 2139 et
2738 2082 2862 2138 licet
2889 2093 2990 2135 nos
3013 2077 3178 2132 tantis
3207 2091 3325 2147 my-t

1735 2185 1916 2241 steriis
1927 2180 2287 2253 exsequendis
2298 2179 2467 2234 simus
2489 2175 2714 2247 indigni,
2739 2182 2795 2229 tu
2818 2182 2998 2231 tamen
3020 2168 3335 2238 gratiae-tum

1742 2276 1880 2331 dona
1905 2290 2009 2329 non
2031 2252 2289 2328 deserens
2307 2268 2472 2324 etiam
2498 2268 2565 2322 ad
2587 2272 2801 2321 nostras
2814 2275 3004 2333 preces
3028 2271 3190 2314 aures
3215 2265 3320 2311 tute
3334 2282 3347 2311 ~.
3380 2252 3381 2255 “

1740 2367 1956 2440 pietatis
1996 2364 2241 2421 inclines.
2286 2362 2429 2416 Deus
2470 2358 2626 2428 cujus
2674 2353 2910 2424 Spiritus
2955 2365 3117 2440 super
3159 2361 3331 2417 aquas

1745 2438 1886 2513 inter
1908 2457 2023 2526 ipsa
2046 2453 2229 2509 mundi
2252 2449 2547 2521 primordia
2572 2444 2869 2508 ferebatur,
2887 2449 2994 2497 etc.
3015 2438 3117 2494 Hic
3139 2451 3333 2507 aquam

1745 2549 1906 2605 manu
1925 2556 2103 2618 tangat
2125 2546 2179 2600 in
2200 2543 2410 2599 modum
2438 2541 2631 2596 crucis.
2657 2538 2759 2607 Qui
2789 2539 2931 2593 hanc
2952 2546 3149 2605 aquam
3172 2545 3331 2600 rege-

1747 2638 2007 2695 nerandis
2031 2677 2047 2703 ,
2076 2646 2181 2692 etc.
2218 2632 2321 2688 Hic
2369 2648 2528 2686 manu
2571 2639 2751 2700 tangat
2780 2636 2836 2682 ut
2882 2641 3063 2695 supra.
3096 2621 3182 2677 Sit
3220 2621 3338 2675 lucc

1747 2740 1936 2788 sancta
1982 2738 2037 2785 et
2075 2729 2334 2784 innocens
2375 2732 2625 2779 creatura
2662 2721 2828 2777 libera
2869 2717 2939 2773 ab
2982 2714 3130 2789 omni
3162 2715 3336 2783 impu-

1748 2823 1991 2896 gnatoris
2020 2822 2254 2881 incursu,
2281 2826 2335 2872 et
2356 2817 2522 2871 totius
2549 2812 2804 2884 nequitiae
2822 2818 3049 2881 purgata
3072 2808 3349 2863 discessu.-.

86 2906 468 3009 9‘“”§5_§‘!'}°‘i
501 2902 749 2959 monac“
777 2909 833 2956 ⁸⁸
856 2898 1115 2961 θτθωί⁸²³²
1147 2903 1301 2951 male
1340 2906 1439 2961 pro
1469 2889 1642 3009 "OPPS'
1673 2946 1720 3009 ρ
1750 2889 1837 2973 Sit
1864 2915 1986 2972 fons
2010 2914 2185 2978 vivus,
2216 2924 2353 2980 aqua
2382 2921 2729 2979 regeneraus,
2766 2905 2907 2959 unda
2944 2899 3257 2972 pttriﬂcans,
3280 2903 3343 2951 ut

1216 3000 1311 3041 ora
1338 2998 1436 3053 pro
1466 2979 1643 3035 nobis.

1214 3092 1310 3133 ora
1339 3087 1438 3145 pro
1472 3071 1645 3127 nebis.

88 2999 176 3052 Sca
199 2996 471 3060 Felicitas,

91 3088 176 3143 Sca
206 3088 493 3159 Perpetua,

90 3182 175 3236 Sea
200 3181 424 3251 Agatha,
1215 3186 1312 3226 ora
1343 3185 1441 3241 pro
1470 3166 1644 3222 nobis.

90 3271 174 3326 Sca
207 3271 437 3338 Cecilia,
1214 3277 1309 3318 ora
1340 3275 1440 3332 pro
1468 3258 1644 3315 nobis.

91 3363 177 3419 Sea
200 3363 551 3429 Scholastica,
985 3408 987 3410 .
1223 3371 1320 3411 ora
1341 3369 1440 3425 pro
1469 3350 1646 3406 nobis.

92 3452 178 3507 Sca
202 3452 552 3525 Margaretha,
1225 3459 1319 3499 ora
1348 3456 1446 3513 pro
1468 3438 1645 3496 nobis.

93 3539 266 3597 Omnes
288 3550 490 3598 sanctae
524 3538 783 3611 virgines,

94 3629 266 3686 Omnes
290 3631 483 3696 sancti,

96 3721 339 3792 Propitius
364 3734 512 3787 esto,

95 3810 335 3881 Propitius
361 3820 498 3875 esto,

95 3904 163 3956 Al)
187 3906 323 3959 omni
350 3903 499 3959 malo

96 3994 164 4048 Ab
188 3996 257 4050 ira
293 4007 380 4051 tua

98 4084 131 4138 A
156 4097 313 4145 morte
336 4097 592 4159 perpetua

99 4174 133 4226 Α
157 4176 298 4232 clade
327 4187 382 4232 et
406 4186 555 4247 peste

98 4264 185 4322 Per
210 4271 540 4324 nativitatem
568 4278 716 4323 tuam
1062 4265 1229 4320 libera
1261 4278 1384 4329 nos,
1408 4261 1633 4316 Domine

99 4354 185 4412 Per
209 4374 420 4414 crucem
448 4369 499 4414 et
523 4359 829 4430 passionem
857 4365 1005 4411 tuam
1056 4355 1223 4411 libera
1252 4370 1374 4419 nos,
1408 4352 1651 4407 Domine.

101 4444 186 4501 Per
209 4448 655 4504 resurrectionem
685 4458 742 4503 et
778 4448 1151 4505 ascensionem
1185 4455 1333 4519 tuam
1461 4444 1651 4498 libera.

100 4535 185 4593 Per
211 4542 493 4596 adventum
525 4541 760 4613 Spiritus
789 4540 963 4596 sancti
993 4540 1241 4611 paracliti
1386 4550 1389 4553 ‘
1461 4537 1649 4591 libera.

98 4625 144 4682 ln
176 4630 253 4684 die
278 4631 484 4702 iudicii,
1053 4630 1224 4687 libera
1254 4646 1375 4696 nos,
1404 4628 1649 4684 Domine.

101 4719 417 4790 Peccatores,
994 4732 1048 4780 te
1086 4738 1361 4794 rogamus,
1384 4721 1507 4777 audi
1534 4736 1654 4777 nos.

106 4811 160 4868 υι
181 4831 354 4885 pacem
376 4819 531 4875 nobis
562 4819 763 4885 dones,
988 4828 1040 4874 te
1071 4833 1344 4890 rogamus,
1375 4818 1500 4874 audi
1535 4830 1654 4871 nos.

105 4903 163 4959 Ut
183 4909 457 4967 sanitatem
485 4911 639 4966 nobis
669 4911 871 4976 dones,
1000 4920 1053 4967 te
1078 4925 1349 4982 rogamus,
1380 4908 1504 4966 audi
1535 4923 1653 4964 nos.

106 4994 401 5058 Utiruetum
430 5014 587 5058 terra:
610 5001 770 5057 nobis
791 5003 976 5069 dones,
1008 5013 1060 5059 te
1085 5016 1361 5073 rogamus,
1385 5000 1509 5057 audi
1533 5014 1651 5054 nos.

109 5086 168 5144 Ut
189 5095 317 5151 aeris
344 5097 655 5167 temperiem
686 5094 882 5149 bonam
904 5096 1056 5153 nobis
1082 5096 1260 5159 dones,
1286 5104 1347 5154 te
1377 5107 1652 5164 rogamus.

110 5179 167 5234 Ut
187 5183 461 5243 Ecclesiam
499 5198 642 5243 tuam
681 5202 1005 5245 conservare
1032 5187 1283 5258 digneris,
1455 5193 1507 5239 te
1534 5198 1648 5255 rog.

114 5269 166 5325 Ut
204 5291 369 5334 reaem
416 5288 657 5334 nostrum
704 5293 825 5334 cum
871 5278 1023 5334 plebe
1062 5292 1402 5334 conservare
1462 5276 1648 5334 diuae-

1154 3541 1306 3591 orale
1337 3547 1436 3604 pro
1469 3529 1642 3586 nobis.

1145 3634 1297 3681 orate
1325 3638 1423 3694 pro
1466 3621 1643 3677 nobis.

990 3733 1154 3789 parce
1185 3716 1360 3780 nobis,
1397 3713 1645 3769 Domine.

1057 3808 1223 3863 libera
1251 3821 1369 3868 nos,
1400 3803 1645 3858 Domine.

1051 3900 1220 3954 libera
1252 3913 1371 3962 nos,
1405 3895 1649 3950 Domine.

1058 3994 1225 4049 libera
1251 4007 1369 4056 nos,
1407 3989 1649 4045 Domine.

1056 4085 1223 4140 libera
1255 4098 1376 4149 nos,
1405 4082 1650 4137 Domine.

1052 4174 1221 4229 libera
1239 4187 1374 4237 nos,
1405 4170 1655 4251 Domine.

1749 3010 1940 3065 omnes
1982 3006 2087 3061 hoc
2116 3005 2333 3058 lavacro
2362 2999 2641 3057 salutifero
2684 2994 2945 3061 diluendi,
2978 3001 3238 3064 operante
3285 2988 3340 3042 in

1753 3099 1834 3154 eis
1866 3098 2073 3169 Spiritu
2105 3103 2313 3157 sancto,
2348 3092 2600 3162 perfecta:
2629 3089 2966 3161 purgationis
3013 3083 3343 3154 indulgentia

1751 3200 2174 3262 consequantur.
2192 3189 2345 3245 Unde
2358 3188 2659 3259 benefdieo
2683 3196 2754 3252 te,
2781 3194 3033 3241 creatura
3054 3197 3228 3252 aquae,
3244 3195 3340 3246 per

1750 3284 1918 3339 Deum
1949 3284 2154 3347 vivum,
2177 3297 2273 3352 per
2296 3282 2463 3335 Deum
2493 3289 2762 3343 sanctum,
2794 3277 2884 3346 qui
2919 3286 2973 3331 te
2999 3275 3050 3328 in
3079 3271 3346 3344 principio

1750 3377 1915 3431 verbo
1942 3373 2215 3445 separavit
2240 3372 2309 3428 ab
2331 3371 2479 3426 arida
2507 3389 2520 3425 :
2546 3370 2637 3440 qui
2661 3377 2711 3423 te
2736 3370 2801 3424 de
2824 3367 3074 3437 paradiso
3098 3378 3341 3427 manare,

1750 3465 1855 3520 Hic
1908 3481 2100 3535 aquam
2122 3465 2175 3518 in
2197 3473 2426 3534 quatuor
2450 3477 2611 3515 manu
2652 3459 2825 3514 divide
2852 3458 2926 3511 ita
2956 3459 2996 3527 ἰ·
3019 3464 3075 3510 et
3120 3454 3174 3508 in
3207 3468 3345 3521 qua-

1662 3602 1667 3607 .
1753 3568 1876 3612 tuor
1907 3554 2240 3618 ﬂuminibus,
2277 3562 2385 3608 etc.
2418 3550 2523 3604 Hic
2564 3559 2711 3604 muta
2739 3547 2928 3602 cantici
2965 3560 3164 3606 vocem,
3193 3543 3347 3612 quasi

1729 3648 2018 3703 lectionem
2059 3645 2221 3716 legas.
2255 3644 2381 3699 Haec
2422 3643 2577 3698 nobis
2610 3648 2903 3712 praecepta,
2933 3646 3037 3694 etc.
3086 3634 3188 3688 Hic
3213 3648 3349 3704 pane

1752 3754 1957 3794 cereum
1981 3736 2249 3791 ardentem
2275 3736 2329 3789 in
2356 3750 2570 3805 aquam,
2593 3742 2642 3786 et
2682 3729 2936 3785 inclinato
2964 3734 3119 3797 super
3148 3722 3346 3794 fontem

1750 3829 1835 3883 dic
1870 3828 2028 3882 istum
2060 3825 2303 3892 verbum,
2350 3824 2653 3879 Descendat
2690 3820 2742 3875 in
2773 3820 2915 3874 hanc
2950 3814 3340 3888 plenitudinem

1752 3921 1919 3978 fontis
1956 3920 2194 3991 Spiritus
2222 3918 2417 3973 sancti.
2471 3915 2598 3970 Post
2639 3916 2750 3969 [nec
2786 3899 2991 3981 insufﬂa
3030 3923 3186 3978 super
3224 3906 3345 3976 {on-

1755 4023 1855 4068 tem
1877 4011 2042 4066 tribus
2071 4009 2267 4067 vicibus
2305 4009 2361 4063 in
2395 4008 2534 4062 hunc
2563 4006 2777 4060 modum
2813 4015 2857 4059 Ψ
2887 4012 2943 4058 et
2992 4008 3160 4069 totum
3189 3997 3364 4073 hujus

1759 4119 1915 4173 aqme
1964 4102 2325 4159 substantiam
2378 4097 2736 4171 regenerandi
2791 4093 3083 4150 fecundeut
3132 4089 3347 4146 eﬂ‘ectu.

1762 4194 1865 4249 Hic
1894 4210 2039 4249 sume
2059 4209 2267 4247 cereum
2288 4200 2436 4246 extra
2463 4205 2676 4262 aquam,
2701 4196 2750 4242 et
2769 4188 2872 4241 ista
2896 4200 3013 4256 qute
3038 4180 3349 4253 sequuntur,

1638 4295 1654 4312 ‘
1681 4304 1733 4362 ι)
1760 4286 1937 4341 statim
1967 4284 2221 4354 subinfer.
2251 4282 2351 4337 Hic
2371 4282 2612 4337 omnium
2637 4286 2982 4351 peccatorum
3012 4273 3234 4329 maculae
3259 4273 3353 4327 de-

1755 4376 1989 4441 leantur,
2014 4382 2118 4429 etc.
2147 4371 2250 4427 llic
2275 4390 2413 4444 aqua
2438 4372 2707 4426 benedicta
2732 4378 3045 4440 aspergatur
3060 4383 3217 4437 super
3242 4366 3345 4419 cir-

1756 4472 2074 4521 cumstantes
2115 4472 2162 4517 et
2190 4463 2488 4532 quicunque
2522 4459 2677 4515 velint
2723 4465 2934 4512 sumant
2982 4454 3129 4510 extra
3174 4456 3369 4525 asper-'

1755 4558 1979 4629 gendum
2006 4571 2107 4627 quo
2137 4554 2312 4610 velint.
2336 4550 2464 4606 Post
2489 4551 2601 4606 haec
2630 4551 2805 4620 accipe
2832 4548 3059 4602 chrisma
3088 4563 3206 4601 cum
3231 4563 3348 4601 vas-

1757 4650 1896 4716 culo,
1943 4663 1990 4703 et
2039 4647 2200 4719 [unde
2244 4646 2376 4701 illud
2424 4645 2478 4699 in
2528 4643 2739 4697 modum
2786 4643 2957 4695 crucis
2985 4656 3142 4706 super
3185 4640 3353 4709 ipsam

1759 4755 1950 4810 aquam
1974 4736 2302 4808 baptismatis
2328 4734 2544 4788 invicem
2575 4739 2793 4787 miscens
2818 4733 2893 4785 ita
2923 4730 3145 4784 dicendo
3168 4746 3181 4783 :
3206 4726 3353 4782 Infu—

1760 4832 1843 4886 sio
1880 4826 2190 4885 chrismatis
2216 4824 2429 4883 Domini
2473 4823 2645 4879 nostri
2670 4821 2798 4878 .lesu
2829 4819 3030 4877 Christi
3071 4815 3350 4878 Paracliti,

1760 4926 1819 4977 in
1845 4919 2061 4976 nomine
2097 4928 2300 4974 sanctae
2342 4914 2645 4970 Trinitatis.
2679 4913 2873 4967 Amen.
2904 4907 2972 4963 Et
3016 4905 3125 4961 alio
3158 4904 3311 4959 modo
3336 4920 3361 4958 :

1756 5017 1816 5071 In
1851 5015 2068 5071 nomine
2104 5013 2280 5069 Patris
2305 5018 2362 5067 et
2388 5008 2509 5064 Filii
2538 5017 2597 5064 et
2636 5007 2873 5077 Spiritus
2908 4998 3083 5058 sancti
3114 4993 3360 5059 sanctiﬁ-

1755 5117 1911 5163 cetur
1935 5113 1991 5161 et
2012 5104 2332 5161 fecundetur
2362 5099 2485 5156 fons
2511 5100 2630 5155 iste.
2657 5099 2852 5152 Amen.
2885 5092 3002 5146 Hoc
3032 5097 3211 5141 autem
3235 5083 3358 5147 lini-

1755 5206 1810 5253 to
1834 5204 2214 5269 prtesententur
2253 5191 2481 5262 infantes
2521 5188 2805 5243 secundum
2832 5181 3066 5245 ordinem
3102 5168 3235 5229 ante
3266 5189 3359 5227 sa-

1756 5265 2018 5334 ηιξιιηιρηι
2039 5329 2052 5334 -
2085 5288 2165 5334 his
2195 5298 2419 5334 namaue
2448 5283 2502 5334 in
2532 5277 2757 5334 brachiis
2783 5269 3096 5332 tenentibus,
3137 5265 3229 5334 qui
3265 5277 3356 5318 eos
