3902 5334
572 381 678 436 955

1369 373 1655 430 APPEND.
1695 371 1784 424 AD
1824 369 1996 426 SEC.
2040 371 2107 426 Χ.
2141 401 2210 410 -—
2251 370 2682 427 MONUMENTA
2717 370 2996 426 LITURG.
3701 374 3784 429 936

562 500 809 562 inroget,
843 492 917 544 sic
944 489 1160 559 firmiter
1189 487 1476 558 symbolum
1527 488 1578 539 in
1621 486 1783 539 Deum
1819 487 2040 540 habeant
2063 489 2143 540 his
2178 509 2215 563 Α
2247 487 2438 540 Amen.
2469 485 2611 539 Tunc
2646 487 2853 538 demum
2904 486 3213 538 extrahatur
3258 482 3433 551 infans
3478 484 3617 552 foras
3643 489 3788 540 cubat-

566 586 730 638 verbis
753 583 816 634 de
846 579 1171 634 credulitate.
1223 576 1306 631 Ita
1340 592 1357 629 :
1398 577 1585 632 Credis
1643 577 1692 630 in
1725 578 1888 631 Deum
1933 577 2144 631 Patrem

565 651 988 741 munipoteulem
1015 660 1318 723 creatorem
1349 666 1469 721 coeli
1503 677 1555 721 et
1588 668 1784 722 terrae?
1814 667 1882 721 Et
1938 685 2147 738 compa-

571 775 650 815 ter
677 761 818 830 infra
845 761 919 813 sic.
950 759 1241 828 respondet.
1275 757 1467 813 Credo.
1496 757 1629 812 Item
1655 759 1921 812 sacerdos.
1960 759 2149 814 Credis

569 859 623 904 et
653 851 705 902 in
738 847 921 902 Jesum
948 847 1222 903 Christum
1254 847 1449 901 Filium
1472 846 1588 916 ejus
1616 848 1830 902 unicum
1863 847 2147 903 Dominum

572 953 849 1005 nostrum,
902 948 1085 993 natum
1133 948 1187 994 et
1227 954 1465 1008 passum.
1517 938 1572 1008 ἡ).
1623 938 1814 994 Credo.
1867 939 2146 994 Sacerdos.

565 1031 754 1085 Credis
779 1039 832 1084 et
861 1030 912 1083 in
946 1029 1206 1100 Spiritum
1255 1039 1523 1090 sanctum.
1557 1039 1804 1084 sanctam
1851 1029 2149 1085 Ecclesium

575 1121 927 1195 catholicam,
945 1119 1269 1175 Sanctorum
1290 1121 1748 1185 communionem,
1772 1121 2150 1178 remissionem

567 1220 936 1280 peccatorum,
963 1211 1146 1266 carnis
1167 1211 1642 1277 resurrectionem,
1670 1213 1835 1267 vitam
1866 1220 2147 1267 mteruam.

568 1303 620 1367 ἡ.
649 1300 842 1354 Credo.
873 1299 1190 1356 Postualem
1231 1318 1349 1356 vero
1391 1302 1728 1372 parvulorum
1769 1304 2151 1374 responsionem

569 1393 834 1464 presbyter
883 1393 1082 1463 faciens
1131 1410 1338 1451 crucem
1400 1412 1517 1449 cum
1580 1397 1876 1450 exorcizato
1943 1397 2056 1452 oleo
2098 1398 2153 1451 in

567 1495 794 1554 pectore,
834 1495 884 1540 et
918 1487 1056 1540 inter
1091 1486 1334 1556 scapulas
1359 1487 1640 1557 infantum,
1679 1503 1764 1542 eos
1812 1489 2152 1554 nominando,

568 1575 644 1628 ita
667 1577 808 1630 dicat
832 1593 848 1630 :
873 1577 937 1630 Et
956 1591 1056 1648 ego
1088 1587 1139 1633 te
1185 1578 1314 1634 linio
1342 1577 1462 1633 oleo
1490 1578 1678 1634 salutis
1705 1578 1757 1632 in
1781 1579 1902 1649 Χρο
1921 1579 2015 1632 lhu
2039 1578 2153 1634 Dno

570 1683 671 1720 nro
701 1667 752 1721 in
783 1667 944 1722 vitam
991 1675 1270 1722 aeternam.
1307 1668 1501 1722 Amen.
1545 1667 1625 1722 Eo
1650 1677 1824 1723 autem
1863 1670 2046 1723 ordine
2079 1669 2154 1722 sic

567 1765 780 1826 peracto
847 1756 1114 1826 presbyter
1184 1757 1444 1827 accipiens
1513 1757 1795 1826 infantesa
1852 1758 2153 1828 parentibus

2250 577 2355 630 lam
2381 586 2427 630 et
2447 572 2623 630 statim
2651 579 2702 630 in
2729 577 2823 630 illa
2862 576 2947 629 die
2989 592 3150 645 usque
3173 575 3298 627 dum
3333 576 3491 628 missa
3512 575 3785 644 pert-clebre-

2251 683 2336 724 tur
2357 673 2539 742 quanti
2567 672 2666 725 sint
2695 672 2750 724 in
2774 671 2989 724 ecclesia
3035 681 3299 724 maneant.
3335 668 3462 722 Post
3499 687 3695 724 missam
3713 689 3785 725 alt-

2251 771 2350 814 tem
2376 771 2655 829 antequam
2691 770 2898 814 sumant
2954 777 3140 828 corpus
3181 770 3229 812 et
3265 761 3572 829 sanguinem
3621 759 3790 816 Domini

2251 852 2332 905 hw
2361 850 2620 904 orationes
2651 851 2897 904 dicantur
2917 866 3071 919 super
3099 850 3323 918 infantes
3354 851 3557 903 nouiter
3589 851 3792 903 christia-

2254 958 2370 995 nos.
2399 939 2648 996 Oremus.
2685 938 3038 1011 Omnipotens
3069 939 3398 1008 sempiterne
3429 937 3593 1002 Deus,
3625 941 3704 1008 qui
3727 957 3790 995 re-

2252 1034 2521 1105 generasti
2547 1033 2806 1086 famulum
2848 1043 2994 1086 tuum
3023 1047 3088 1085 ex
3115 1047 3251 1100 aqua
3282 1039 3338 1085 et
3378 1029 3585 1101 Spiritu
3615 1043 3788 1097 macto,

2253 1124 2429 1178 tribue
2460 1122 2508 1177 ei
2531 1121 2844 1176 continuam
2868 1122 3180 1185 sanitatem,
3207 1121 3272 1175 ad
3291 1121 3677 1190 agnuscendam
3697 1122 3790 1176 uni-

2256 1215 2385 1270 tatis
2424 1222 2527 1268 tua:
2555 1213 2858 1268 veritatem.
2891 1211 3014 1267 Per.

2975 1303 3116 1356 Alia.

2328 1392 2684 1464 Omnipotens
2736 1394 3064 1464 sempiterne
3099 1392 3258 1457 Deus,
3291 1391 3630 1461 maiestatem
3680 1398 3791 1446 tuam

2253 1489 2521 1559 supplices
2551 1488 2929 1558 deprecamur,
2963 1497 3022 1542 ut
3068 1487 3213 1542 hunc
3260 1485 3524 1540 famulum
3571 1494 3704 1538 tuum
3735 1485 3794 1539 di-

2254 1585 2436 1657 gneris
2469 1584 2677 1639 serenis
2703 1583 3010 1653 aspectibus
3041 1591 3397 1651 praesentare,
3423 1591 3481 1636 et
3507 1579 3590 1634 cui
3620 1579 3792 1633 donasti

2254 1676 2509 1746 baptismi
2540 1683 2943 1730 sacramentum
2973 1672 3267 1744 longaevam
3296 1671 3509 1726 tribuas
3531 1670 3792 1725 sanitatem.

2258 1767 2383 1822 Post
2412 1768 2508 1822 has
2535 1778 2710 1822 autem
2744 1768 3005 1820 orationes
3028 1766 3182 1819 detur
3215 1766 3289 1819 eis
3312 1765 3633 1818 eucharistia
3657 1765 3717 1817 ita
3733 1765 3794 1816 di-

557 1861 748 1899 earum
793 1847 928 1900 sicut
970 1846 1174 1914 justum
1201 1856 1298 1910 est,
1353 1855 1403 1901 et
1443 1847 1508 1901 ab
1543 1848 1618 1902 eis
1646 1858 1858 1918 rogatus
1893 1849 1987 1901 sub
2013 1849 2153 1901 trina

2262 1861 2439 1916 cendo.
2470 1860 2678 1930 Corpus
2707 1867 2762 1912 et
2805 1859 3026 1928 sanguis
3069 1858 3169 1913 Dni
3201 1857 3283 1911 nri
3312 1856 3408 1911 lhu
3449 1855 3554 1926 Xpi
3577 1856 3797 1910 custodiat

575 1935 834 1988 mersione
868 1935 1094 2004 primum
1120 1936 1380 1991 masculos
1399 1947 1447 1991 et
1467 1938 1793 2007 postmodum
1818 1938 2038 2006 feminas
2063 1955 2154 1991 no-

568 2025 818 2079 minando
847 2026 1068 2096 baptiset
1087 2029 1169 2081 his
1197 2029 1384 2083 verbis.
1403 2027 1464 2083 Ν.
1489 2030 1579 2084 Vis
1607 2030 1892 2099 baptizari.
1917 2031 1970 2098 si}.
1998 2029 2154 2088 γοιο.

570 2116 794 2186 Baptizo
832 2129 886 2173 te
917 2118 969 2172 in
1011 2119 1229 2175 nomine
1274 2119 1471 2176 Patris.
1499 2120 1564 2174 Et
1594 2122 1838 2192 intinqait
1888 2121 2063 2176 semel.
2090 2123 2156 2176 Et

576 2206 726 2274 Filii,
755 2207 824 2262 Et
854 2210 1046 2274 inferat
1068 2211 1316 2264 secundo.
1350 2211 1417 2266 Et
1441 2212 1665 2282 spiritus
1693 2213 1892 2268 sancti.
1926 2212 1994 2267 Et
2020 2229 2156 2267 mer-

573 2314 662 2375 gat
693 2304 864 2359 tertio.
908 2303 1010 2358 Sed
1035 2315 1082 2358 et
1130 2305 1228 2360 hoc
1249 2306 1303 2360 in
1341 2307 1554 2360 modum
1609 2308 1780 2362 crucis
1834 2307 2008 2376 facere
2049 2322 2158 2360 me-

571 2404 767 2448 mento.
805 2393 1045 2448 Primum
1075 2410 1193 2449 vero
1223 2394 1276 2449 in
1297 2395 1598 2450 orientalem
1629 2395 1839 2467 plagam
1877 2395 1958 2464 fer
1981 2394 2158 2464 infan—

573 2497 675 2541 tem
696 2487 914 2556 pedibus
935 2487 1159 2541 extensis
1181 2487 1238 2540 in
1266 2487 1637 2542 occidentalem
1658 2487 1889 2557 plagam.
1914 2485 2156 2542 Secundo

571 2578 629 2629 in
650 2578 941 2643 dexteram,
993 2578 1132 2647 quod
1154 2587 1231 2631 est
1282 2577 1338 2631 in
1372 2577 1659 2631 australem
1705 2576 1937 2648 plagam.
1982 2574 2157 2630 Tertio

572 2671 627 2723 iii
666 2670 955 2733 sinistram,
1004 2669 1101 2723 hoc
1134 2679 1208 2724 est
1251 2670 1304 2723 in
1355 2668 1718 2740 aquilonarem
1751 2676 1972 2739 partem.
2022 2665 2157 2721 Cum

569 2771 747 2814 autem
775 2759 1003 2828 infantes
1022 2759 1204 2814 elevati
1243 2760 1440 2830 fuerint
1477 2777 1511 2814 a
1552 2760 1716 2830 fonte,
1765 2767 2032 2830 compater
2050 2758 2161 2813 sin-

570 2852 813 2923 gulorum
840 2852 1096 2922 accipiens
1143 2869 1230 2906 eos
1266 2852 1455 2906 habeat
1495 2853 1637 2906 intra
1692 2850 1900 2917 cubum,
1940 2849 2157 2920 pedibus

575 2943 794 3012 infantis
818 2941 990 2996 adhuc
1018 2942 1071 2996 in
1100 2959 1238 3014 aqua
1265 2940 1662 2996 consistentibus
1702 2940 1866 2994 donec
1893 2939 2161 3011 presbyter

575 3037 819 3105 chrysma
866 3036 1135 3105 requirens
1173 3034 1442 3104 prteferat,
1482 3032 1693 3087 interim
1722 3048 1926 3102 quoque
1951 3031 2051 3084 ista
2079 3031 2160 3083 di-

573 3137 720 3179 cente
750 3144 767 3183 :
801 3125 944 3180 Deus
966 3125 1308 3195 omnipotens
1333 3123 1495 3178 Pater
1523 3123 1622 3178 Dni
1671 3121 1754 3176 nri
1784 3122 1880 3176 lhu
1907 3121 2035 3192 Xpi,
2065 3120 2157 3190 qui

2260 1963 2311 2008 te
2339 1953 2392 2008 in
2419 1953 2584 2006 vitam
2614 1961 2896 2006 aeternam.
2925 1950 3117 2004 Amen.
3150 1948 3263 2002 Iloc
3304 1958 3484 2002 autem
3512 1946 3715 2014 expleto,
3740 1963 3797 1998 re-

2257 2052 2526 2098 vertantur
2576 2042 2629 2095 in
2673 2058 2799 2112 pace
2825 2041 3143 2104 domum,'et
3181 2038 3391 2091 cottidie
3445 2035 3510 2089 ab
3561 2035 3797 2090 eodemdie

2257 2133 2421 2187 donec
2436 2131 2743 2200 expleantur
2758 2140 2946 2199 septem
2971 2129 3080 2182 dies
3103 2137 3328 2196 tempore
3348 2127 3512 2180 etiam
3537 2123 3797 2194 speratam

2243 2213 2431 2274 ‘missa:
2458 2218 2672 2273 revisent
2699 2217 2994 2272 ecclesiam.

2569 2308 2802 2378 Explicit
2829 2309 2970 2363 sacri
3005 2306 3140 2362 ordo
3175 2306 3543 2376 baptismatis.

2332 2400 2393 2455 Si
2426 2408 2599 2454 autem
2632 2398 2872 2468 inﬁrmus
2908 2397 3084 2467 infans
3112 2397 3302 2451 venerit
3336 2396 3406 2449 ad
3452 2396 3794 2466 baptizandus,

2261 2494 2424 2563 faciat
2454 2508 2608 2561 super
2637 2490 2886 2561 scriptum
2910 2489 3143 2543 ordinem
3174 2497 3229 2542 et
3279 2495 3544 2542 aeternam
3577 2501 3635 2540 ac
3653 2483 3795 2553 justis-

2260 2585 2453 2640 simam
2483 2583 2630 2636 addit
2653 2583 2960 2636 orationem.
2989 2579 3248 2635 Meaelam
3274 2589 3421 2634 tuam
3450 2578 3710 2648 deprecor,
3729 2575 3797 2629 Do

2260 2674 2404 2728 mine
2417 2682 2602 2728 sancte
2613 2669 2792 2730 Pater.
2810 2679 2914 2725 etc.
2931 2668 3068 2723 Dicit
3086 2667 3373 2739 symbolum
3387 2676 3439 2722 et
3454 2668 3716 2721 orationem
3729 2663 3798 2718 Do-

2259 2763 2504 2817 minicam
2528 2772 2575 2816 et
2599 2762 2886 2816 catechisat
2909 2776 3046 2814 eum.
3062 2757 3173 2814 Nec
3197 2769 3247 2814 te
3269 2759 3462 2825 lateat,
3481 2757 3712 2819 Satanas,
3731 2755 3799 2808 im-

2262 2853 2467 2909 minere
2484 2851 2575 2907 tibi
2592 2866 2802 2921 poenas,
2819 2850 3103 2904 imminere
3117 2849 3210 2904 tibi
3225 2848 3554 2920 gehennam,
3572 2845 3798 2900 imminere

2263 2946 2357 3002 tibi
2377 2945 2518 2999 diem
2542 2942 2753 3014 iudicii,
2771 2943 2912 2999 diem
2927 2941 3201 3012 supplicii,
3216 2942 3359 2996 diem
3373 2940 3470 3011 qui
3489 2947 3723 2993 venturus
3739 2944 3798 2989 est

2262 3038 2405 3093 velut
2423 3038 2668 3092 clibanus
2687 3036 2855 3108 ignis:
2882 3035 2934 3090 in
2951 3049 3058 3105 quo
3072 3034 3165 3089 tibi
3183 3042 3342 3104 atque
3356 3032 3624 3086 universis
3643 3028 3797 3099 angelis

2263 3130 2372 3185 tuis
2407 3130 2584 3185 veniet
2608 3137 2845 3183 mternus
2875 3125 3126 3181 interitus
3160 3143 3173 3179 :
3219 3133 3579 3195 quapropter,
3608 3117 3790 3178 diabole.

573 3224 626 3270 te
655 3215 996 3299 regeneravit
1017 3230 1082 3269 ex
1115 3229 1253 3285 aqua
1284 3222 1338 3270 et
1367 3213 1572 3284 Spiritu
1604 3221 1816 3278 sancto,
1841 3213 2042 3282 quique
2063 3211 2159 3266 (ιθ-
2187 3216 2231 3277 C
2263 3221 2328 3274 da
2358 3221 2618 3276 honorem
2668 3218 2778 3273 Deo
2808 3217 2931 3272 vivo
2958 3223 3013 3271 et
3042 3229 3170 3270 vero
3218 3224 3273 3269 et
3299 3211 3426 3268 Jesu
3473 3211 3676 3269 Christo
3697 3205 3796 3262 Filio

573 3306 653 3359 dit
681 3307 778 3361 tibi
807 3305 1181 3361 remissionem
1204 3304 1446 3360 omnium
1489 3314 1857 3374 peccatorum.
1896 3302 1997 3357 Hic
2041 3318 2159 3371 pre-

573 3397 747 3466 sbyter
772 3395 972 3463 faciens
1001 3397 1206 3466 signum
1235 3396 1404 3449 crucis
1429 3412 1543 3449 cum
1569 3395 1866 3464 chrysmate
1893 3393 1948 3446 in
1975 3392 2160 3446 uertice

573 3487 824 3556 infantis,
865 3495 913 3540 et
960 3503 1076 3541 eum
1122 3488 1398 3542 nominans
1449 3487 1524 3540 ita
1576 3486 1718 3540 dicat
1755 3483 1914 3554 :lpse
1952 3492 2005 3537 te
2042 3483 2162 3537 linit

575 3575 876 3632 chrismate
907 3578 1099 3633 salutis
1154 3578 1208 3632 in
1238 3577 1360 3647 Xpo
1391 3577 1482 3632 Ihu
1516 3577 1631 3633 Dno
1686 3587 1873 3632 nostro
1907 3577 1961 3631 in
1993 3577 2158 3630 vitam

573 3680 851 3727 teternam.
873 3673 1064 3728 Amen.
1085 3673 1210 3727 Post
1234 3674 1344 3728 hate
1365 3690 1560 3740 ponens
1584 3689 1802 3744 cappam
1824 3687 1978 3742 super
2002 3680 2163 3741 caput

575 3764 690 3834 ejus
729 3774 777 3818 et
839 3781 958 3819 eum
1015 3765 1291 3818 nominans
1341 3765 1418 3817 sic
1474 3765 1636 3818 dicat.
1695 3765 1894 3834 Accipe
1954 3771 2161 3817 vestem

579 3855 866 3910 candidam
891 3864 1131 3911 sanctam
1163 3863 1216 3910 et
1257 3855 1659 3909 immaculatam
1703 3871 1866 3925 quam
1909 3853 2164 3924 praeferas

575 3957 703 4003 ante
730 3949 968 4004 tribunal
1014 3949 1214 4004 Christi
1252 3949 1306 4003 in
1353 3949 1572 4004 nomine
1617 3957 1818 4003 sancta:
1857 3947 2160 4002 Trinitatis.

575 4099 697 4155 ﬁdei
727 4099 996 4171 professio
1026 4115 1158 4171 suae.
1179 4115 1276 4154 vm
1298 4140 1312 4163 ,
1347 4100 1540 4171 lingua
1589 4099 1888 4171 Theotisca
1923 4099 2162 4154 adhibita

615 4168 807 4223 rimum
856 4185 886 4223 a
934 4169 1080 4224 Luca
1118 4169 1393 4226 Holstcnio
1438 4168 1503 4223 ἐκ
1551 4169 1672 4224 cod.
1713 4168 1961 4223 Palatino
2000 4179 2080 4223 est
2112 4172 2162 4224 iu

615 4186 807 4223 rnnum
856 4186 886 4223 a
934 4186 1080 4224 Luca
1119 4186 1393 4226 notatemo
1438 4186 1503 4223 ex
1551 4186 1672 4224 eoa.
1713 4186 1961 4223 ratatmo
2000 4186 2080 4223 ess
2112 4188 2162 4224 ιιι

572 4186 748 4294 hicem
773 4246 1068 4308 protracta,
1095 4249 1380 4308 exstatque
1404 4247 1440 4294 t.
1463 4238 1516 4301 l,
1541 4255 1697 4295 conc.
1722 4239 1970 4293 German.
1995 4256 2046 4308 p.
2072 4239 2131 4292 5i
2148 4281 2162 4304 ,

573 4310 630 4385 i_n
655 4309 770 4385 lucc
793 4309 994 4385 verba:
1025 4328 1043 4385 ε
1075 4308 1421 4385 Forsachistu
1446 4309 2166 4385 Dioholm_?_et‘resp4nsLl£e

574 4379 826 4450 forsacho
852 4377 1110 4450 Diobolm.
1139 4380 1215 4450 En
1239 4378 1400 4450 alium
1427 4379 1604 4450 diobol
1633 4380 1830 4450 gelde?
1867 4377 2025 4450 Resp.
2050 4380 2166 4450 End

575 4463 640 4502 ec
670 4447 920 4520 forsacho
955 4448 1117 4503 allum
1148 4449 1324 4520 diohol
1359 4448 1531 4520 galde.
1561 4447 1676 4504 End
1707 4450 1868 4503 allum
1913 4449 2166 4505 Dioboles

576 4533 816 4572 wercum
836 4519 859 4571 ἲ
880 4517 1034 4589 Resp.
1061 4519 1174 4574 End
1201 4535 1265 4575 ec
1294 4517 1542 4575 l'orsaeho
1565 4521 1725 4575 allum
1755 4520 2003 4575 Dioboles
2029 4537 2166 4574 wer-

574 4604 721 4647 cum.
752 4589 859 4642 und
896 4570 1136 4645 wo'rdum
1171 4592 1336 4646 thuna
1371 4605 1499 4644 eren
1526 4591 1592 4646 de
1618 4591 1808 4645 woden
1838 4591 1976 4644 ende
2025 4589 2156 4645 Sax‘
2199 4570 2241 4627 ί)

575 4669 720 4722 note,
753 4659 888 4730 ende
922 4661 1098 4715 albam
1130 4662 1274 4716 them
1317 4661 1629 4720 unholdum.
1665 4662 1756 4715 the
1787 4661 1905 4715 hira
1940 4669 2166 4730 genotas

574 4731 702 4784 sint.
740 4729 1014 4800 Gelobistu
1045 4732 1097 4785 in
1129 4731 1234 4786 (Ιοι
1263 4731 1591 4800 almehtigan
1629 4731 1857 4785 Fadaer.
1903 4729 2055 4800 Resp.
2092 4731 2165 4784 Ec

575 4799 765 4873 gelobo
779 4800 836 4873 in
860 4799 963 4855 Got
988 4802 1317 4873 almahtigan
1349 4799 1577 4873 Fadaer.
1604 4802 1880 4873 Gelobistu
1909 4801 1960 4854 in
1983 4799 2166 4873 Christ

575 4868 750 4940 Gades
775 4867 966 4926 Suno?
995 4871 1145 4940 Resp.
1187 4867 1258 4926 ΕΞ
1296 4872 1486 4940 gelobo
1515 4873 1567 4926 in
1596 4872 1784 4927 Christ
1805 4871 1969 4926 Gotes
1993 4871 2161 4924 Suno.

573 4938 850 4994 Ceiubistu
884 4944 938 4995 in
969 4938 1193 4996 haloaan
1231 4938 1408 4995 Gast?
1449 4941 1598 4996 Resv.
1641 4943 1714 4996 Ec
1747 4941 1937 4996 uelobo
1968 4941 2019 4995 in
2070 4943 2168 4992 ha-

2261 3309 2378 3379 ejns
2398 3309 2488 3379 qui
2528 3318 2789 3363 venturus
2833 3316 2918 3362 est
2957 3305 3204 3376 judicare
3232 3305 3384 3359 vivos
3437 3313 3498 3359 ct
3527 3311 3738 3358 mortuos
3758 3307 3797 3349 et

2266 3398 2520 3454 smcnlum
2544 3412 2640 3467 per
2667 3397 2866 3466 ignem.
2910 3395 2966 3450 In
2998 3393 3154 3462 cuius
3192 3393 3409 3448 nomine
3437 3403 3501 3448 ct
3526 3393 3704 3446 virtute
3725 3387 3793 3441 ad-

2256 3487 2384 3558 juro
2415 3499 2488 3549 te.
2527 3487 2852 3557 quicumque
2881 3499 2940 3540 es
2971 3484 3261 3538 innmndus
3307 3482 3535 3552 spiritus
3564 3482 3612 3536 in
3637 3483 3720 3534 hoc
3738 3475 3795 3544 jac

2263 3578 2437 3633 centis
2463 3592 2688 3647 corpore
2738 3577 3087 3639 constitutus,
3119 3582 3178 3628 ut
3224 3587 3391 3629 exeas
3417 3583 3477 3628 et
3520 3571 3717 3628 recedas
3744 3569 3790 3620 ab

2263 3685 2329 3724 eo
2358 3668 2556 3738 ﬁatque
2589 3684 2684 3724 vas
2707 3668 2963 3722 mundum
2992 3667 3058 3720 ad
3083 3665 3457 3720 advenientem
3481 3666 3589 3736 jam
3626 3659 3793 3718 nuncin

2264 3775 2323 3814 se
2347 3760 2621 3830 spiritum,
2674 3759 2851 3827 sitque
2880 3757 3042 3811 etiam
3078 3756 3331 3827 templum
3374 3756 3473 3811 Dei
3521 3755 3636 3817 vivi,
3677 3764 3793 3820 quem

2266 3855 2406 3908 Deus
2427 3863 2481 3906 et
2519 3852 2777 3907 Dominus
2830 3860 3016 3905 noster
3041 3849 3108 3904 ad
3155 3863 3306 3902 suam
3342 3858 3586 3902 sanctam
3613 3842 3792 3916 gratiam

2265 3961 2461 4000 vocare
2481 3944 2733 4014 dignatus
2753 3952 2857 3999 est.
2885 3943 3009 3998 Per.
3040 3939 3105 3994 Et
3131 3941 3328 4012 reliqua
3346 3941 3510 4011 faciat
3529 3942 3647 3995 sicut
3666 3939 3708 3990 in
3724 3937 3793 3987 isto

2267 4099 2335 4152 ad
2365 4113 2626 4168 vesperam
2683 4112 2802 4168 cum
2838 4095 3194 4168 benedictione
3230 4093 3444 4168 dimitti.
3491 4093 3688 4168 Integra
3715 4087 3794 4167 hac

2269 4160 2602 4224 hebdoinada
2631 4166 2870 4236 paschali
2902 4165 3265 4232 vespertinam
3298 4160 3624 4236 celebratam
3666 4160 3793 4235 fuisse

2269 4238 2496 4310 synaxin
2521 4252 2587 4310 ett
2610 4233 2769 4310 conc.
2792 4235 3174 4310 _Mutiscone_nsi
3190 4250 3291 4310 _an_.
3315 4233 3428 4310 _585
3470 4233 3720 4310 discimus,
3737 4233 3791 4310 lin

2269 4296 2376 4378 qho
2406 4323 2529 4361 ean.
2563 4307 2620 4359 11
2657 4307 2922 4378 sancitum
2953 4313 3036 4358 est
3064 4303 3143 4378 de
3190 4303 3522 4378 hebdomada
3560 4296 3788 4378 paschali:

2273 4370 2340 4433 Ut
2393 4378 2500 4432 illis
2520 4375 2867 4430 sanctissimis
2910 4390 3001 4427 sea:
3040 4373 3219 4427 diebus
3259 4373 3434 4426 nullus
3486 4370 3656 4428 servile
3693 4380 3790 4442 opst

2269 4449 2460 4502 audeat
2495 4447 2690 4515 facere,
2744 4444 2834 4515 sed
2884 4459 3060 4497 omnes
3105 4444 3262 4496 simul
3313 4443 3590 4515 coadunati
3634 4442 3791 4507 hymnis

2268 4513 2600 4588 paschalibus
2621 4514 2996 4588 indulgentes,
3016 4513 3450 4588 perseverationis
3495 4523 3674 4588 nostrai.
3690 4520 3789 4588 prit-

2268 4579 2446 4642 sertim
2489 4579 2807 4658 quotidianis
2857 4579 3130 4651 sacrificiis
3166 4586 3522 4646 ostendamus,
3563 4579 3786 4633 laudantes

2268 4668 2574 4719 creatorem,
2608 4664 3094 4727 etpregcneratorem
3149 4663 3621 4727 nostrum-vespere.
3651 4659 3786 4727 illa“.

2267 4741 2313 4782 et
2347 4728 2580 4781 meridie.
2611 4723 2761 4780 Alias
2784 4738 3015 4795 synaxes
3042 4738 3138 4795 seu
3163 4723 3717 4795 sacriticiaeespertinf
3740 4726 3788 4765 εἰ

2267 4799 2453 4853 eodem
2477 4795 2708 4850 concilio
2734 4785 2938 4846 notavit
2963 4792 3304 4847 Mabillonius
3320 4792 3393 4846 De
3417 4792 3495 4845 lit.
3519 4785 3646 4844 Call.
3671 4785 3744 4838 lib.
3759 4797 3786 4844 ιο

2267 4885 2314 4921 c.
2346 4869 2398 4931 5,
2432 4883 2550 4948 qum
2574 4882 2696 4920 can.
2725 4864 2779 4928 9,
2804 4863 3263 4948 dicuntur’ordine
3281 4857 3696 4948 quadrfgesimali

2268 4921 2488 4996 lehrari,
2518 4945 2680 4996 atque
2720 4921 2777 4988 in
2824 4948 2979 4987 conc.
3039 4931 3254 4986 Vasensi
3293 4921 3388 4984 'an.
3437 4921 3557 4991 515.9.
3597 4942 3697 4982 can.
3737 4921 3785 4981 3.
