3902 5334
109 129 215 186 957

1322 129 1510 187 0RDO
1555 126 2158 185 CONFIRMATIONIS.

3266 134 3372 189 938

106 247 378 317 superiore
409 248 590 302 ordine
616 249 866 301 insertum
894 257 969 301 est
994 246 1242 316 usquead
1283 246 1688 300 benedictionem
1722 266 1760 321 Α
1793 245 1965 312 parati
1984 245 2072 314 qui
2095 261 2180 299 eos
2211 244 2503 313 suscepturi
2523 255 2662 309 sunt,
2692 260 2807 298 cum
2839 244 3012 298 linteis
3050 245 3102 298 in
3131 245 3370 300 manibus

108 338 296 407 fontis,
327 348 375 390 et
405 353 506 390 non
523 337 648 390 dicit
678 337 820 390 illam
860 336 1263 390 benedictionem
1303 335 1574 404 majorem,
1599 336 1688 398 sed

106 429 263 480 istam
280 426 348 480 ad
360 415 786 480 succurrendum.
805 425 1008 480 Exaudi
1027 440 1144 490 nos,
1165 425 1502 493 omnipotens
1527 424 1686 493 Deus,

107 529 166 573 et
197 519 250 572 in
273 518 434 586 hujus
462 533 616 587 aqua:
644 517 1000 572 substantiam
1041 525 1187 570 tuam
1236 517 1480 571 immisce
1521 516 1690 570 virtu-

108 619 239 672 tem,
269 617 328 662 ut
355 607 606 664 abluendi
628 623 727 677 per
745 622 863 662 eam
891 616 945 663 et
970 608 1255 664 sanitatem
1278 606 1504 662 simulet
1523 607 1686 663 vitam

109 707 426 752 mereantur
454 708 734 753 aeternam.
760 697 882 752 Per.

841 789 964 843 Alia

175 881 447 936 Exorzizo
478 889 549 946 te,
578 890 827 936 creatura
858 897 1032 952 aquae,
1066 882 1119 936 in
1144 881 1362 935 nomine
1385 881 1476 935 Dei
1508 879 1688 935 Patris

104 971 518 1042 omnipotentis,
546 980 602 1026 et
628 972 681 1024 in
708 972 979 1026 charitate
1005 970 1128 1026 Jesu
1163 970 1362 1027 Christi
1410 970 1528 1024 Filii
1571 969 1687 1039 ejus

103 1075 156 1116 et
182 1064 417 1132 Spiritus
448 1064 643 1117 sancti.
691 1063 955 1118 Exorzizo
987 1073 1060 1128 te,
1093 1064 1270 1118 omnis
1297 1063 1468 1117 virtus
1495 1063 1687 1118 adver-

103 1153 256 1215 sarii,
277 1153 456 1206 omnis
481 1152 717 1208 incursio
741 1151 956 1207 Satanae
986 1165 1040 1208 ct
1065 1168 1223 1208 omne
1248 1152 1535 1218 fantasma,
1565 1169 1686 1210 era-

105 1241 287 1295 dicare
310 1251 364 1296 et
383 1241 623 1312 eﬂ'ugare
645 1243 713 1296 ab
742 1241 844 1298 hac
870 1252 1117 1298 creatura
1152 1260 1327 1313 aqum,
1357 1255 1414 1300 ut
1443 1245 1538 1300 ﬂat
1567 1245 1686 1301 fons

105 1348 258 1402 aquae
307 1333 554 1388 salientis
603 1334 654 1388 in
702 1335 870 1389 vitam
922 1344 1204 1390 reternam.
1253 1335 1318 1390 Et
1370 1338 1460 1406 qui
1509 1353 1571 1392 ex
1620 1353 1684 1392 ea

103 1423 406 1492 baptizatus
443 1425 630 1490 fuerit,
675 1425 768 1480 fiat
799 1426 1055 1496 templum
1087 1427 1181 1482 Dei
1212 1428 1337 1492 vivi,
1370 1438 1422 1484 et
1451 1427 1685 1498 Spiritus

103 1525 323 1569 sanctus
349 1517 558 1572 habitet
588 1517 642 1571 in
663 1532 728 1573 eo
757 1517 809 1572 in
835 1518 1209 1575 remissionem
1231 1521 1470 1576 omnium
1492 1537 1685 1592 pecca-

103 1615 303 1660 torum.
337 1606 460 1662 Per.

445 1697 680 1770 Explicit
709 1698 844 1753 liber
877 1698 1235 1769 baptismatis.
1268 1700 1367 1772 (5).

167 1785 235 1838 In
282 1787 472 1841 celebri
536 1790 947 1845 sacramentauio
1009 1790 1285 1860 Augiensis
1356 1790 1677 1854 monasterii,

100 1878 234 1946 quod
257 1879 592 1931 serratumin
623 1878 746 1932 bibl.
802 1876 939 1934 Cres.
994 1877 1213 1934 Vindob.
1259 1880 1563 1935 Lambecius
1604 1899 1682 1935 re-

101 1977 286 2031 censet,
316 1979 612 2037 sequentem
658 1970 710 2022 in
748 1970 958 2023 modum
1005 1969 1194 2042 legitur
1219 1974 1387 2026 oratio
1411 1973 1479 2027 ad
1510 1974 1678 2044 bapti-

102 2058 324 2110 sandum
349 2057 638 2126 infirmum.
673 2057 932 2114 Medelam
963 2069 1109 2115 tuam
1139 2063 1420 2131 deprecor,
1454 2063 1681 2118 Domine

102 2160 285 2206 sancte
315 2149 478 2205 Pater
501 2153 843 2222 omnipotens
869 2161 1073 2208 aeterne
1102 2153 1268 2219 Deus,
1303 2155 1392 2225 qui
1425 2155 1680 2210 subvenis

101 2242 147 2294 in
176 2241 460 2311 periculis,
490 2242 579 2310 qui
631 2252 898 2314 temperas
950 2241 1179 2313 flagella,
1221 2243 1347 2298 dum
1386 2246 1675 2313 verberas;

103 2343 147 2385 te
167 2348 296 2402 ergo
312 2333 582 2402 supplices
599 2333 977 2403 deprecantur,
995 2344 1052 2388 ut
1073 2335 1218 2388 hunc
1243 2335 1500 2388 famulum
1527 2343 1676 2388 tuum

101 2438 256 2477 eruas
280 2424 350 2477 ab
385 2425 484 2478 hac
514 2424 824 2488 valitudine,
858 2435 914 2477 ut
954 2441 1058 2479 non
1094 2424 1385 2494 prtevaleat
1426 2424 1678 2480 inimicus

101 2533 264 2587 usque
285 2518 354 2572 ad
387 2519 580 2572 anima:
632 2519 1037 2588 temptationem
1065 2537 1076 2569 :
1103 2520 1245 2574 sicut
1273 2519 1326 2573 itt
1363 2518 1462 2573 Job
1487 2519 1673 2572 termi-

101 2624 221 2662 num
251 2608 301 2662 ei
338 2623 512 2678 pone,
561 2622 626 2662 ne
679 2609 932 2662 inimicus
963 2608 1028 2662 de
1074 2609 1252 2662 anima
1300 2607 1398 2662 ista
1427 2607 1544 2662 sine
1593 2623 1677 2662 re-

99 2699 400 2769 demptione
447 2699 786 2769 baptismatis
832 2700 1056 2769 incipiat
1083 2699 1438 2770 triumphare.
1485 2699 1672 2767 DilIer,

99 2791 349 2857 Domine,
377 2794 580 2847 exitum
606 2794 818 2858 mortis,
839 2802 893 2847 et
916 2793 1148 2862 spatium
1178 2792 1301 2846 Viue
1325 2793 1573 2855 extende,
1593 2810 1677 2849 re-

100 2881 207 2935 leva
229 2897 390 2950 quem
435 2883 698 2952 perducas
729 2883 797 2938 ad
834 2884 1068 2953 gratiam
1109 2883 1362 2952 baptismi
1409 2883 1505 2936 tui.
1549 2884 1668 2938 Per.

1709 1645 1757 1704 B

1793 350 1967 387 eorum
2018 343 2066 387 et
2111 335 2367 403 accipiunt
2398 337 2535 405 ipsos
2563 351 2594 386 a
2642 334 2904 404 pontifice,
2953 345 3000 388 et
3056 335 3369 405 presbyteris

1798 426 1873 481 rel
1902 427 2229 493 diaconibus,
2272 430 2361 498 qui
2410 444 2496 482 eos
2530 427 2816 496 baptizant.
2851 425 3097 497 Pontifex
3127 445 3242 482 vero
3291 446 3371 482 re-

1795 519 2066 588 grediatur
2092 535 2123 572 a
2160 517 2300 586 fonte
2327 519 2380 572 in
2409 519 2721 581 sacrarium,
2765 519 2957 572 habens
2987 518 3057 572 ibi
3107 521 3370 587 composi-

1792 617 1899 661 tam
1924 608 2118 674 sedem,
2145 607 2221 662 rel
2244 608 2296 662 in
2317 607 2532 662 ecclesia
2566 608 2655 661 ubi
2680 607 2894 661 voluerit
2932 618 2979 661 et
3004 608 3178 662 sedeat
3206 609 3256 660 in
3285 624 3371 670 ea,

1790 711 1844 753 ut
1869 717 1986 753 cum
2016 701 2183 754 vestiti
2224 699 2418 769 fuerint
2452 698 2700 768 infantes,
2735 699 3004 767 confirmet
3040 716 3144 753 eos.
3186 697 3373 752 luduti

1789 808 1906 845 vero
1975 791 2283 845 ordinentur
2353 808 2446 861 per
2507 791 2742 844 ordinent
2801 791 2934 844 sicut
2993 791 3172 859 scripti
3249 801 3372 844 sunt

1788 882 1843 935 in
1889 883 2130 935 circuitu.
2192 880 2432 950 Infantes
2495 881 2702 952 quidem
2769 882 2823 935 in
2895 881 3120 935 brachiis
3171 881 3371 934 dextris

1789 983 2087 1036 teneantur,
2119 971 2344 1040 majores
2372 988 2488 1026 vero
2535 972 2715 1040 pedem
2744 982 2938 1040 ponant
2993 989 3149 1039 super
3188 971 3370 1042 pedem

1787 1062 2027 1117 dextrum
2049 1062 2242 1131 patrini
2267 1063 2369 1116 sui.
2405 1059 2657 1131 Pontifex
2687 1079 2802 1116 vero
2849 1063 3052 1118 veniens
3088 1063 3156 1116 ad
3184 1063 3368 1132 infan-

1788 1163 1860 1207 tes
1892 1152 1999 1222 (6),
2033 1162 2236 1208 tenente
2283 1153 2654 1207 archidiacono
2697 1153 2924 1208 chrisma
2971 1154 3214 1208 involutis
3257 1172 3370 1210 sca-

1784 1243 1920 1314 pulis
1950 1254 1996 1298 et
2026 1245 2251 1299 brachiis
2293 1262 2356 1300 ea:
2380 1263 2554 1316 panno
2590 1245 2727 1300 lineo
2755 1245 2954 1300 elevata
2981 1256 3030 1300 et
3078 1248 3368 1316 composita

1785 1349 1943 1386 manu
1974 1350 2128 1402 super
2169 1335 2344 1403 capita
2375 1335 2603 1389 omnium
2636 1336 2719 1390 det
2761 1337 3048 1390 orationent
3082 1352 3238 1405 super
3278 1353 3366 1390 eos

1785 1439 1902 1476 cum
1950 1424 2279 1478 invocatione
2321 1425 2638 1495 septiforntis
2677 1427 2866 1496 gratia:
2903 1424 3136 1496 Spiritus
3175 1427 3364 1480 sancti.

1785 1514 2020 1585 Spiritus
2049 1526 2270 1572 sanctus
2298 1519 2647 1586 superveniat
2674 1518 2726 1572 in
2762 1533 2860 1573 vos
2894 1526 2948 1573 et
2984 1518 3161 1575 virtus
3189 1518 3363 1572 Altis-

1785 1606 1907 1661 sitni
1936 1607 2054 1662 sine
2078 1617 2300 1677 peccato
2330 1609 2599 1664 custodiat
2626 1625 2739 1664 vos.
2775 1609 3130 1681 Omnipotens
3164 1611 3367 1681 scrupi-

1787 1705 1943 1752 terne
1985 1697 2126 1754 Deus
2161 1699 2252 1768 qui
2285 1714 2608 1769 regenerare
2636 1700 2887 1770 dignatus
2920 1716 2979 1756 es
3009 1703 3108 1757 hos
3137 1700 3367 1757 famulos

1783 1796 1839 1842 et
1883 1786 2116 1843 famulas
2159 1796 2280 1844 tuas
2313 1802 2379 1842 ex
2419 1804 2556 1858 aqua
2587 1799 2643 1844 et
2675 1789 2879 1859 Spiritu
2919 1800 3126 1856 sancto,
3167 1792 3367 1861 quique

1785 1877 1978 1932 dedisti
2006 1878 2086 1933 eis
2111 1878 2486 1934 remissionem
2514 1881 2758 1934 omnium
2785 1889 3152 1950 peccatorum,
3177 1882 3367 1937 emitte

1784 1966 1838 2020 in
1877 1982 1971 2021 eos
2011 1966 2378 2036 septiformem
2413 1965 2674 2038 Spiritum
2716 1978 2863 2025 tuum
2914 1971 3250 2043 paraclytum
3299 1973 3368 2027 de

1784 2058 1959 2113 caelis.
1985 2059 2181 2114 Amen.
2219 2057 2482 2129 Spiritum
2509 2060 2791 2129 sapientia:
2816 2070 2870 2116 et
2901 2062 3140 2132 pietatis.
3165 2063 3358 2118 Amen.

1785 2149 2048 2219 Spiritum
2082 2149 2365 2220 sapientia:
2407 2157 2462 2204 et
2491 2150 2732 2219 pietatis.
2762 2152 2955 2206 Amen.
2990 2151 3237 2221 Adimple
3268 2167 3369 2207 eos

1783 2239 1985 2309 Spiritu
2034 2239 2243 2295 timoris
2288 2241 2384 2306 tui,
2432 2248 2489 2295 et
2533 2241 2792 2312 eonsigna
2845 2257 2938 2297 eos
2984 2242 3138 2314 signo
3178 2244 3362 2298 crucis

1781 2327 1981 2383 Christi
2037 2329 2088 2383 in
2144 2330 2308 2383 vitam
2355 2331 2679 2400 propitiatus
2723 2340 3003 2385 aeternam.
3053 2331 3247 2386 Amen.
3295 2331 3358 2386 P.

1784 2418 2035 2474 Oratione
2063 2420 2268 2490 expleta
2312 2422 2755 2492 interrogantibus
2799 2422 3111 2478 diaconibus
3153 2425 3363 2478 nomine

1780 2508 2105 2578 singulorum
2128 2510 2364 2580 pontifex
2399 2521 2554 2564 uncto
2580 2511 2766 2580 pollice
2797 2512 2852 2566 in
2892 2513 3174 2566 chrismate
3196 2512 3360 2582 faciat

1780 2615 1984 2653 crucem
2011 2599 2065 2653 in
2095 2600 2423 2670 singulorum
2454 2602 2714 2670 frontibus
2757 2603 2831 2656 ita
2875 2603 3094 2657 dicendo
3146 2619 3164 2658 :
3213 2604 3358 2659 Con-

1781 2688 1938 2744 firmo
1978 2697 2031 2746 te
2067 2702 2122 2746 et
2150 2692 2304 2763 signo
2329 2692 2382 2746 in
2425 2694 2646 2748 nomine
2677 2694 2853 2749 Patris
2876 2704 2931 2750 et
2955 2693 3076 2750 Filii
3106 2707 3161 2751 et
3191 2695 3362 2766 Spiri-

1781 2789 1869 2833 tus
1910 2782 2108 2836 saneli.
2156 2783 2351 2838 Amen.
2399 2784 2512 2838 Pax
2562 2785 2677 2840 tibi.
2715 2785 2782 2840 Et
2823 2801 2944 2840 cum
2989 2785 3194 2857 Spiritu
3245 2797 3356 2842 tuo.

1779 2867 1982 2924 Iterum
2027 2872 2352 2941 conﬁrmatis
2394 2874 2635 2927 omnibus
2670 2874 2812 2927 dicat
2853 2876 2947 2928 hos
2986 2891 3184 2930 versus.
3217 2875 3361 2931 Ecce

103 2972 278 3027 Oratio
329 2991 477 3044 aqum
517 2975 590 3035 ad,
621 2975 994 3044 baptizandum
1049 2974 1336 3042 inﬁrmant.
1385 2970 1672 3043 Postquam

1779 2959 1857 3014 sic
1886 2962 2234 3017 benedicetur
2280 2964 2442 3018 homo
2477 2964 2567 3033 qui
2611 2963 2762 3019 timet
2789 2965 3097 3019 Dominum.
3131 2967 3361 3022 Benedi-

99 3081 206 3118 eum
229 3066 664 3120 cathechizaveris
682 3067 940 3120 benedicis
976 3083 1166 3137 aquam
1196 3067 1277 3120 his
1298 3067 1482 3120 verbis.
1502 3066 1672 3121 Exor-

100 3157 207 3212 cizo
237 3166 312 3222 te,
346 3168 595 3214 creatura
621 3175 794 3231 aqua),
827 3160 880 3214 in
907 3161 1124 3215 nomine
1171 3161 1270 3216 Dui
1309 3163 1391 3216 uri
1437 3161 1528 3217 lhu
1566 3163 1671 3232 Xpi

101 3245 209 3301 Filii
237 3248 336 3302 Dei
360 3258 414 3303 et
435 3249 668 3320 Spiritus
717 3252 913 3318 sancti,
945 3251 989 3306 si
1038 3266 1144 3322 qua
1177 3250 1463 3316 fautasma,
1489 3253 1533 3308 si
1565 3268 1668 3322 qua

100 3337 261 3392 virtus
290 3338 516 3406 inimici,
541 3340 582 3395 si
613 3356 720 3411 qua
765 3341 1004 3397 incursio
1036 3341 1258 3406 diaboli,
1304 3343 1584 3397 eradicare
1616 3353 1670 3398 et

102 3427 333 3499 eﬂ'ugare
353 3429 421 3484 ab
449 3431 551 3486 hac
574 3440 822 3486 creatura
853 3447 1008 3502 aqua:
1036 3441 1094 3486 ut
1115 3431 1208 3485 fiat
1231 3431 1354 3488 fons
1390 3433 1589 3489 saliens
1615 3433 1667 3487 in

102 3518 254 3572 vitam
287 3530 568 3576 aeternam.
599 3521 806 3576 Etcum
853 3523 1160 3592 baptizatus
1191 3522 1354 3578 fuerit
1384 3525 1473 3579 hic
1499 3524 1671 3579 famu-

102 3609 176 3666 lus
207 3611 442 3677 Domini,
475 3612 564 3668 fiat
603 3615 858 3685 templum
891 3615 984 3670 Dei
1033 3616 1140 3676 vivi
1186 3616 1240 3670 in
1295 3616 1667 3672 remissionem

103 3704 336 3757 omnium
361 3713 725 3774 peccatorum,
751 3706 804 3760 in
832 3708 1051 3760 nomine
1079 3706 1177 3760 Dui
1200 3707 1283 3760 uri
1305 3707 1400 3762 lhu
1429 3705 1552 3775 Xpi,
1577 3707 1668 3776 qui

103 3804 354 3850 venturus
385 3804 465 3850 est
486 3796 729 3867 judicare
754 3797 908 3852 vivos
933 3804 988 3851 et
1026 3807 1289 3862 morIuOs,
1315 3807 1370 3852 et
1411 3797 1666 3853 sarculum

103 3901 186 3953 per
207 3887 410 3958 ignem.
463 3889 656 3943 Amen.
689 3888 940 3959 Baptizas
965 3899 1011 3942 et
1054 3889 1177 3943 linis
1217 3907 1332 3944 eum
1357 3891 1410 3944 in
1437 3891 1663 3944 cerebro.

105 3975 164 4028 Et
191 3978 322 4031 dicis
349 3993 368 4033 :
399 3978 476 4033 lll.
507 3979 626 4034 talis
648 3979 867 4049 Baptizo
893 3988 944 4035 te
981 3980 1034 4034 iu
1087 3981 1303 4035 nomine
1353 3980 1561 4045 Patris,
1615 3991 1669 4034 et

105 4064 212 4120 Filii
259 4077 313 4122 et
359 4067 587 4139 Spiritus
631 4069 824 4124 sancti.
877 4068 1066 4123 Postea
1095 4070 1264 4140 tangis
1292 4086 1411 4124 eum
1437 4070 1500 4123 de
1531 4070 1666 4123 chri-

105 4165 252 4210 smate
291 4158 344 4209 in
375 4167 546 4225 caput,
576 4166 621 4210 et
659 4158 789 4212 dicis
815 4157 1104 4211 orationem
1126 4158 1305 4222 istam,
1327 4157 1470 4213 Deus
1493 4157 1666 4213 omni-

105 4256 300 4314 potens,
335 4258 440 4302 etc.
470 4248 834 4303 Communicas
871 4259 918 4303 et
955 4250 1235 4318 confirmas
1265 4267 1403 4305 eum.

475 4339 655 4395 0RDO
695 4339 1292 4396 CONFIBMATIONIS.

166 4426 290 4482 Cum
321 4440 493 4483 autem
524 4431 749 4499 infantes
779 4429 1030 4484 sublevati
1077 4431 1318 4500 fuerinta
1374 4431 1516 4501 fonte
1557 4432 1659 4486 sint

275 4561 502 4644 VAlci'cubi
571 4563 891 4644 simpliciter
935 4561 1332 4644 baptisterium
1379 4580 1472 4644 seu
1505 4566 1660 4644 __ordo

106 4629 390 4704 baptisterii
413 4645 651 4704 Vocatur.
677 4629 912 4689 Carolus
935 4633 1001 4686 Μ.
1022 4629 1075 4688 in
1104 4634 1364 4704 capitulis
1391 4636 1455 4690 de
1485 4637 1662 4690 diver-

109 4701 174 4775 sis
193 4701 347 4775 rebus
367 4720 455 4757 an.
483 4703 604 4773 789,
621 4721 668 4758 e.
687 4704 717 4756 7
741 4705 820 4757 sic
842 4705 1028 4758 statuit
1056 4722 1069 4757 :
1095 4702 1162 4757 Ut
1180 4701 1408 4775 ’audiant
1432 4707 1660 4775 episcopi

113 4769 445 4845 baptisterium
467 4769 900 4845 presbyterorum,
938 4783 992 4827 ut
1027 4775 1312 4828 secundum
1361 4769 1658 4830 Romanum

114 4854 286 4912 morem
317 4844 655 4912 baptizarent.

175 4910 243 4977 (6)
281 4913 336 4967 ln
382 4910 570 4968 Ordine
617 4913 945 4969 sacramenti
999 4914 1427 4970 confirmationis
1473 4915 1562 4970 hic
1604 4925 1663 4972 ut

119 4974 546 5054 alibi—promiscue
572 4985 808 5054 infantes
833 4984 1203 5048 nominantur,
1227 4986 1328 5038 etsi
1362 4987 1516 5054 paulo
1537 4997 1662 5043 ante

118 5046 172 5100 lle
196 5046 477 5124 majoribus
505 5069 716 5124 quoque
765 5053 835 5106 sit
864 5069 1060 5124 sermo.
1104 5046 1256 5121 Quod
1286 5046 1451 5108 etiam
1483 5056 1549 5109 de
1578 5072 1661 5110 re-

118 5120 242 5193 natis
259 5120 399 5177 foute
422 5120 755 5191 baptismatis
792 5123 948 5184 valet,
977 5134 1034 5178 ut
1055 5120 1337 5193 sintjuxta
1367 5125 1404 5177 ll
1429 5124 1571 5177 Petr.
1598 5142 1656 5190 tt,

115 5191 242 5251 quasi
271 5193 416 5264 modo
438 5195 591 5262 geniti
617 5194 870 5264 iufqntes.
898 5194 1069 5248 Veluti
1102 5193 1157 5248 S.
1185 5191 1338 5264 'Zeno
1363 5195 1661 5263 neophytos

117 5262 306 5334 serunt
337 5261 613 5332 compellat
647 5261 813 5334 {Qui
833 5266 989 5318 eratis
1038 5274 1191 5318 a'tate
1225 5261 1432 5327 diversi,
1467 5261 1658 5318 diuersi

1776 3061 1863 3105 cat
1895 3053 2045 3108 vobis
2073 3053 2329 3108 Dominus
2358 3070 2422 3109 ex
2455 3054 2606 3118 Sion,
2641 3065 2701 3110 ut
2730 3057 2960 3112 videatis
2992 3057 3128 3112 bona
3163 3058 3386 3114 llieru-’

1775 3142 1964 3208 salem,
1998 3145 2250 3201 omnibus
2287 3146 2475 3203 diebus
2505 3149 2631 3203 vita:
2661 3157 2878 3204 vestrae.
2922 3149 3212 3206 Custodiat
3262 3167 3360 3206 vos

1776 3233 2033 3289 Dominus
2048 3235 2100 3288 in
2118 3236 2312 3291 timore
2329 3251 2426 3292 suo
2449 3239 2810 3306 sanctissimo,
2829 3239 2922 3310 qui
2941 3240 3076 3294 vivit
3092 3249 3146 3294 et
3172 3249 3361 3311 regnat

1776 3324 1914 3378 Deus
1948 3325 2001 3378 in
2051 3325 2249 3379 saacula
2293 3326 2636 3381 saeculorum.
2669 3327 2864 3382 Amen.
2907 3327 3016 3382 Pax
3051 3325 3355 3383 vobiscum.

1771 3413 1834 3468 Et
1865 3429 1984 3468 cum
2018 3414 2220 3483 Spiritu
2255 3424 2366 3470 tuo.
2415 3415 2622 3470 Oratio.
2653 3416 2795 3472 Deus
2821 3418 2911 3488 qui
2945 3418 3202 3488 apostolis
3251 3418 3358 3472 luis

1771 3513 2016 3560 Sanctum
2039 3505 2230 3560 dedisti
2272 3505 2555 3575 Spiritum,
2587 3516 2640 3560 et
2665 3521 2762 3575 per
2791 3522 2886 3562 eos
2907 3521 3203 3576 eorumque
3231 3522 3356 3561 suc-

1771 3610 2014 3652 cessorcs
2055 3595 2254 3650 ceteris
2304 3595 2550 3650 fidelibus
2584 3596 2902 3650 tradendum
2949 3611 3068 3651 esse
3114 3597 3362 3664 voluisti,

1771 3687 1981 3757 respice
2011 3687 2279 3756 propitius
2308 3674 2375 3741 a—d
2416 3687 2737 3742 humilitatis
2785 3696 2984 3742 nostrae
3027 3687 3357 3743 fatnulatum.

1770 3786 1824 3832 et
1853 3788 2068 3848 prmsta,
2105 3786 2164 3832 ut
2206 3793 2395 3831 eorum
2443 3778 2607 3832 corda
2661 3794 2888 3847 quorum
2940 3777 3146 3834 frontes
3188 3795 3357 3834 sacro.

1771 3869 2062 3926 chrismate
2108 3869 2451 3925 deliuivimus
2497 3870 2635 3925 idem
2669 3869 2905 3940 Spiritus
2933 3880 3156 3926 sanctus
3184 3871 3349 3926 adve-

1769 3966 1926 4016 niens
1974 3961 2228 4031 templum
2279 3961 2464 4032 gloriae
2513 3969 2615 4015 tum
2661 3961 2948 4031 dignanter
2995 3960 3359 4016 inhabitando

1768 4043 2032 4125 perficiat.
2075 4053 2174 4122 Qui
2219 4063 2416 4109 tecum.
2461 4052 2728 4107 Diaconus
2757 4055 2921 4107 dicat.
2957 4052 3247 4109 llumiliate
3282 4055 3360 4109 ad

1766 4147 2218 4202 benedictionem.
2249 4147 2359 4202 Deo
2387 4147 2609 4217 gratias.
2660 4145 2951 4201 Beucdieat
2980 4160 3076 4201 vos
3101 4147 3351 4216 omnipo-

1769 4249 1886 4294 tens
1930 4240 2090 4301 Deus,
2133 4241 2224 4309 qui
2273 4250 2467 4295 cuncta
2514 4254 2582 4294 ex
2631 4239 2795 4292 nihilo
2833 4239 3062 4303 creavit,
3111 4248 3166 4294 et
3197 4240 3357 4295 vobis

1691 4342 1742 4402 ι)
1772 4329 1821 4382 itt
1870 4329 2194 4398 baptismate
2240 4345 2336 4397 per
2368 4327 2629 4396 Spiritum
2674 4335 2922 4382 sanctum
2971 4327 3352 4382 remissionem

1770 4419 2008 4475 omnium
2044 4418 2234 4474 tribuit
2265 4428 2630 4488 peccatorum.
2665 4421 2876 4492 Quique
2902 4423 3130 4478 eundem
3168 4421 3342 4493 Spiri-

1767 4554 2050 4626 infantium
2068 4554 2182 4623 jam
2205 4553 2374 4626 dulcis
2400 4557 2602 4624 vagitus
2645 4556 2882 4619 auditur,
2929 4573 3045 4626 ecce
3093 4559 3360 4626 parientis

1767 4641 1872 4697 uno
1889 4625 1984 4697 die
2000 4624 2488 4697 ventreclarissima
2518 4626 2670 4697 turba
2714 4626 2964 4697 procedit.
2998 4624 3128 4693 Quae
3179 4631 3358 4682 verba

1775 4693 1928 4748 Paul.
1959 4694 2210 4748 Paciaudi
2239 4693 2396 4748 affert
2424 4693 2489 4748 de
2515 4695 2686 4750 sacris
2714 4693 3170 4751 Christianorum
3229 4697 3350 4752 bal-

1767 4765 1885 4820 neis
1924 4780 2040 4834 cap.
2069 4765 2157 4829 12,
2195 4765 2262 4819 ad
2291 4765 2565 4834 vulgarem
2605 4767 2950 4823 eximendum
2985 4781 3231 4820 errorem
3285 4768 3360 4819 de

1770 4835 1888 4908 loco
1916 4837 2145 4908 quodam
2175 4835 2231 4888 S.
2252 4905 2261 4908 _
2282 4833 2473 4908 lsidgri
2503 4835 2710 4908 Hispal.
2737 4838 2803 4891 de
2834 4835 3167 4908 capitilavio,
3200 4852 3264 4908 ac
3305 4835 3361 4888 si.

1766 4906 1896 4960 solis
1925 4903 2223 4960 infantibus
2249 4905 2300 4960 id
2335 4903 2570 4959 ollieium
2603 4903 2820 4962 'f'uisset
2856 4903 3160 4974 impensum
3211 4905 3302 4959 lib.
3338 4918 3351 4954 ι

1767 4975 1845 5051 De
1869 4975 2080 5051 officiis,
2113 4977 2418 5051 citaturque
2438 4991 2465 5028 a
2497 4974 2758 5051 liftabano
2775 4977 2962 5030 Mauro
2989 4983 3050 5051 et_
3071 4985 3359 5051 anonymo

1765 5047 1866 5102 sub
1895 5042 2112 5100 nomine
2162 5042 2376 5101 Alcuiui
2429 5045 2664 5114 vulgato.
2717 5048 2814 5102 Est
2863 5059 2990 5099 vero
3035 5042 3127 5095 hic
3177 5042 3354 5114 locus.

1772 5115 1972 5187 Vulgus
2013 5128 2182 5170 autem
2207 5117 2345 5191 hunc
2366 5116 2502 5191 diem
2524 5111 2888 5191 capitilaciunt
2921 5121 3087 5191 vocat,
3121 5113 3266 5179 quod
3295 5111 3356 5191 in

1762 5203 1823 5239 eo
1849 5179 1971 5240 tunc
1996 5197 2071 5240 est
2110 5203 2220 5239 mos
2256 5186 2468 5240 lavandi
2495 5179 2666 5254 capita
2687 5184 2968 5252 infantium
2994 5180 3086 5254 qui
3113 5179 3356 5254 augendi

1762 5267 1907 5320 sunt,
1923 5272 1985 5310 ne
1999 5257 2353 5334 obserpatione
2372 5250 2722 5334 quadraginta
2736 5250 2936 5308 dierum
2954 5250 3023 5334 (id
3047 5251 3360 5334 unctionem
