  <div class='ocr_page' id='page_1' title='image "/cluster/home/n/w/nwhite01/storage/ocr_20150623/138/hvd.32044015471774/485.png"; bbox 0 0 3902 5334; ppageno 0'>
   <div class='ocr_carea' id='block_1_1' title="bbox 584 336 2178 437">
    <p class='ocr_par' dir='ltr' id='par_1_1' title="bbox 584 336 2161 437">
     <span class='ocr_line' id='line_1_1' title="bbox 584 336 2161 437; baseline -0.003 -2"><span class='ocrx_word' id='word_1_1' title='bbox 584 353 690 436; x_wconf 70' lang='lat' dir='ltr'><strong>bss</strong></span> <span class='ocrx_word' id='word_1_2' title='bbox 1422 336 1712 437; x_wconf 75' lang='lat' dir='ltr'><strong>APPEND.</strong></span> <span class='ocrx_word' id='word_1_3' title='bbox 1755 378 1845 433; x_wconf 68' lang='lat' dir='ltr'><strong>an</strong></span> <span class='ocrx_word' id='word_1_4' title='bbox 1886 375 2058 433; x_wconf 69' lang='lat' dir='ltr'><strong>suc.</strong></span> <span class='ocrx_word' id='word_1_5' title='bbox 2093 375 2161 431; x_wconf 77' lang='grc' dir='ltr'><strong>χ.</strong></span> 
     </span>
    </p>
   </div>
   <div class='ocr_carea' id='block_1_2' title="bbox 2261 336 3873 437">
    <p class='ocr_par' dir='ltr' id='par_1_2' title="bbox 2261 363 3873 435">
     <span class='ocr_line' id='line_1_2' title="bbox 2261 363 3873 435; baseline -0.025 -5"><span class='ocrx_word' id='word_1_6' title='bbox 2261 367 2726 430; x_wconf 75' lang='lat' dir='ltr'><strong>MONUMENTA</strong></span> <span class='ocrx_word' id='word_1_7' title='bbox 2768 363 3047 423; x_wconf 78' lang='lat' dir='ltr'><strong>muns.</strong></span> <span class='ocrx_word' id='word_1_8' title='bbox 3344 404 3347 407; x_wconf 34' lang='grc' dir='ltr'><strong><em>λ</em></strong></span> <span class='ocrx_word' id='word_1_9' title='bbox 3508 396 3513 401; x_wconf 83' lang='grc'><strong><em>.</em></strong></span> <span class='ocrx_word' id='word_1_10' title='bbox 3697 366 3777 422; x_wconf 60' lang='grc' dir='ltr'><strong>,ω</strong></span> <span class='ocrx_word' id='word_1_11' title='bbox 3872 384 3873 435; x_wconf 13' lang='grc' dir='ltr'>ζ</span> 
     </span>
    </p>
   </div>
   <div class='ocr_carea' id='block_1_3' title="bbox 584 468 3777 567">
    <p class='ocr_par' dir='ltr' id='par_1_3' title="bbox 584 468 3777 567">
     <span class='ocr_line' id='line_1_3' title="bbox 584 468 3777 567; baseline -0.003 -18"><span class='ocrx_word' id='word_1_12' title='bbox 584 503 700 551; x_wconf 86' lang='lat' dir='ltr'><strong>tum</strong></span> <span class='ocrx_word' id='word_1_13' title='bbox 731 469 977 553; x_wconf 85' lang='lat' dir='ltr'><strong>sanctum</strong></span> <span class='ocrx_word' id='word_1_14' title='bbox 1000 494 1053 550; x_wconf 94' lang='lat' dir='ltr'><strong>iu</strong></span> <span class='ocrx_word' id='word_1_15' title='bbox 1082 495 1253 566; x_wconf 80' lang='lat' dir='ltr'><strong>igneis</strong></span> <span class='ocrx_word' id='word_1_16' title='bbox 1276 468 1476 567; x_wconf 65' lang='lat' dir='ltr'><strong>linguas</strong></span> <span class='ocrx_word' id='word_1_17' title='bbox 1499 496 1645 551; x_wconf 87' lang='lat' dir='ltr'><strong>dedit</strong></span> <span class='ocrx_word' id='word_1_18' title='bbox 1668 477 1965 564; x_wconf 78' lang='lat' dir='ltr'><strong>ilise&#39;pnlis,</strong></span> <span class='ocrx_word' id='word_1_19' title='bbox 1991 468 2159 562; x_wconf 79' lang='lat' dir='ltr'><strong>ipsius</strong></span> <span class='ocrx_word' id='word_1_20' title='bbox 2190 498 2233 555; x_wconf 72' lang='grc' dir='ltr'><strong>Α</strong></span> <span class='ocrx_word' id='word_1_21' title='bbox 2268 474 2522 559; x_wconf 88' lang='lat' dir='ltr'><strong>templum</strong></span> <span class='ocrx_word' id='word_1_22' title='bbox 2555 472 2724 557; x_wconf 80' lang='lat' dir='ltr'><strong>glorie</strong></span> <span class='ocrx_word' id='word_1_23' title='bbox 2762 498 2858 539; x_wconf 88' lang='lat' dir='ltr'><strong>sue</strong></span> <span class='ocrx_word' id='word_1_24' title='bbox 2884 483 3168 551; x_wconf 70' lang='lat' dir='ltr'><strong>dignanter</strong></span> <span class='ocrx_word' id='word_1_25' title='bbox 3199 478 3542 534; x_wconf 82' lang='lat' dir='ltr'><strong>inhaliitandn</strong></span> <span class='ocrx_word' id='word_1_26' title='bbox 3567 481 3777 549; x_wconf 76' lang='lat' dir='ltr'><strong>perficiat.</strong></span> 
     </span>
    </p>
   </div>
   <div class='ocr_carea' id='block_1_4' title="bbox 585 568 3873 658">
    <p class='ocr_par' dir='ltr' id='par_1_4' title="bbox 585 568 3873 658">
     <span class='ocr_line' id='line_1_4' title="bbox 585 568 3873 658; baseline -0.005 -16"><span class='ocrx_word' id='word_1_27' title='bbox 585 588 946 643; x_wconf 89' lang='lat' dir='ltr'><strong>illustratioue</strong></span> <span class='ocrx_word' id='word_1_28' title='bbox 970 586 1141 641; x_wconf 83' lang='lat' dir='ltr'><strong>corda‘</strong></span> <span class='ocrx_word' id='word_1_29' title='bbox 1162 568 1341 641; x_wconf 81' lang='lat' dir='ltr'><strong>vestra</strong></span> <span class='ocrx_word' id='word_1_30' title='bbox 1383 586 1694 658; x_wconf 84' lang='lat' dir='ltr'><strong>perlustret,</strong></span> <span class='ocrx_word' id='word_1_31' title='bbox 1732 584 1973 656; x_wconf 84' lang='lat' dir='ltr'><strong>atquein</strong></span> <span class='ocrx_word' id='word_1_32' title='bbox 2002 598 2157 638; x_wconf 88' lang='lat' dir='ltr'><strong>suum</strong></span> <span class='ocrx_word' id='word_1_33' title='bbox 2265 579 2370 634; x_wconf 91' lang='lat' dir='ltr'><strong>Per</strong></span> <span class='ocrx_word' id='word_1_34' title='bbox 2416 577 2549 631; x_wconf 83' lang='lat' dir='ltr'><strong>Dnni</strong></span> <span class='ocrx_word' id='word_1_35' title='bbox 2596 583 2863 631; x_wconf 87' lang='lat' dir='ltr'><strong>nostrum.</strong></span> <span class='ocrx_word' id='word_1_36' title='bbox 2903 569 3058 626; x_wconf 80' lang='lat' dir='ltr'><strong>Circa</strong></span> <span class='ocrx_word' id='word_1_37' title='bbox 3103 570 3244 625; x_wconf 85' lang='lat' dir='ltr'><strong>istud</strong></span> <span class='ocrx_word' id='word_1_38' title='bbox 3286 570 3507 645; x_wconf 64' lang='lat' dir='ltr'><strong>ofﬁcium</strong></span> <span class='ocrx_word' id='word_1_39' title='bbox 3548 573 3780 624; x_wconf 69' lang='lat' dir='ltr'><strong>notandum</strong></span> <span class='ocrx_word' id='word_1_40' title='bbox 3872 636 3873 653; x_wconf 14' lang='grc' dir='ltr'>χ</span> 
     </span>
    </p>
   </div>
   <div class='ocr_carea' id='block_1_5' title="bbox 582 665 2158 748">
    <p class='ocr_par' dir='ltr' id='par_1_5' title="bbox 582 665 2158 748">
     <span class='ocr_line' id='line_1_5' title="bbox 582 665 2158 748; baseline -0.003 -16"><span class='ocrx_word' id='word_1_41' title='bbox 582 694 821 734; x_wconf 89' lang='lat' dir='ltr'><strong>amorem</strong></span> <span class='ocrx_word' id='word_1_42' title='bbox 881 665 1080 748; x_wconf 76' lang='lat' dir='ltr'><strong>iugiter</strong></span> <span class='ocrx_word' id='word_1_43' title='bbox 1132 678 1415 733; x_wconf 85' lang='lat' dir='ltr'><strong>accendat.</strong></span> <span class='ocrx_word' id='word_1_44' title='bbox 1476 668 1673 731; x_wconf 72' lang='lat' dir='ltr'><strong>Amen.</strong></span> <span class='ocrx_word' id='word_1_45' title='bbox 1727 676 1991 743; x_wconf 88' lang='lat' dir='ltr'><strong>Quatinus</strong></span> <span class='ocrx_word' id='word_1_46' title='bbox 2044 672 2158 743; x_wconf 73' lang='lat' dir='ltr'><strong>ejus</strong></span> 
     </span>
    </p>
   </div>
   <div class='ocr_carea' id='block_1_6' title="bbox 580 758 2157 839">
    <p class='ocr_par' dir='ltr' id='par_1_6' title="bbox 580 758 2157 839">
     <span class='ocr_line' id='line_1_6' title="bbox 580 758 2157 839; baseline -0.003 -16"><span class='ocrx_word' id='word_1_47' title='bbox 580 771 722 824; x_wconf 89' lang='lat' dir='ltr'><strong>dono</strong></span> <span class='ocrx_word' id='word_1_48' title='bbox 758 785 787 823; x_wconf 87' lang='lat' dir='ltr'><strong>a</strong></span> <span class='ocrx_word' id='word_1_49' title='bbox 822 769 1033 823; x_wconf 92' lang='lat' dir='ltr'><strong>cunctis</strong></span> <span class='ocrx_word' id='word_1_50' title='bbox 1078 767 1223 823; x_wconf 88' lang='lat' dir='ltr'><strong>vitiis</strong></span> <span class='ocrx_word' id='word_1_51' title='bbox 1265 758 1562 839; x_wconf 76' lang='lat' dir='ltr'><strong>emundti,</strong></span> <span class='ocrx_word' id='word_1_52' title='bbox 1607 768 1884 837; x_wconf 85' lang='lat' dir='ltr'><strong>ipsiusque</strong></span> <span class='ocrx_word' id='word_1_53' title='bbox 1924 765 2157 837; x_wconf 84' lang='lat' dir='ltr'><strong>opitula-</strong></span> 
     </span>
    </p>
   </div>
   <div class='ocr_carea' id='block_1_7' title="bbox 580 845 2157 923">
    <p class='ocr_par' dir='ltr' id='par_1_7' title="bbox 580 845 2157 923">
     <span class='ocr_line' id='line_1_7' title="bbox 580 845 2157 923; baseline -0.001 -10"><span class='ocrx_word' id='word_1_54' title='bbox 580 863 727 915; x_wconf 87' lang='lat' dir='ltr'><strong>tione</strong></span> <span class='ocrx_word' id='word_1_55' title='bbox 788 860 856 914; x_wconf 86' lang='lat' dir='ltr'><strong>ab</strong></span> <span class='ocrx_word' id='word_1_56' title='bbox 913 860 1164 914; x_wconf 84' lang='lat' dir='ltr'><strong>omnibus</strong></span> <span class='ocrx_word' id='word_1_57' title='bbox 1231 845 1648 915; x_wconf 86' lang='lat' dir='ltr'><strong>adversitatibus</strong></span> <span class='ocrx_word' id='word_1_58' title='bbox 1708 857 1960 923; x_wconf 82' lang='lat' dir='ltr'><strong>defensi,</strong></span> <span class='ocrx_word' id='word_1_59' title='bbox 2019 867 2157 911; x_wconf 88' lang='lat' dir='ltr'><strong>tem-</strong></span> 
     </span>
    </p>
   </div>
   <div class='ocr_carea' id='block_1_8' title="bbox 576 936 2157 1018">
    <p class='ocr_par' dir='ltr' id='par_1_8' title="bbox 576 936 2157 1018">
     <span class='ocr_line' id='line_1_8' title="bbox 576 936 2157 1018; baseline 0 -18"><span class='ocrx_word' id='word_1_60' title='bbox 576 950 722 1017; x_wconf 83' lang='lat' dir='ltr'><strong>plum</strong></span> <span class='ocrx_word' id='word_1_61' title='bbox 753 947 870 1018; x_wconf 85' lang='lat' dir='ltr'><strong>ejus</strong></span> <span class='ocrx_word' id='word_1_62' title='bbox 906 947 1043 1004; x_wconf 82' lang='lat' dir='ltr'><strong>cllici</strong></span> <span class='ocrx_word' id='word_1_63' title='bbox 1088 963 1418 1004; x_wconf 88' lang='lat' dir='ltr'><strong>mereamur.</strong></span> <span class='ocrx_word' id='word_1_64' title='bbox 1450 947 1602 1015; x_wconf 82' lang='lat' dir='ltr'><strong>Quod</strong></span> <span class='ocrx_word' id='word_1_65' title='bbox 1637 947 1751 1018; x_wconf 88' lang='lat' dir='ltr'><strong>ipse</strong></span> <span class='ocrx_word' id='word_1_66' title='bbox 1779 942 2042 1017; x_wconf 79' lang='lat' dir='ltr'><strong>praestare</strong></span> <span class='ocrx_word' id='word_1_67' title='bbox 2070 936 2157 1001; x_wconf 69' lang='grc' dir='ltr'><strong>’όί-</strong></span> 
     </span>
    </p>
   </div>
   <div class='ocr_carea' id='block_1_9' title="bbox 576 1048 1789 1110">
    <p class='ocr_par' dir='ltr' id='par_1_9' title="bbox 576 1048 1789 1110">
     <span class='ocr_line' id='line_1_9' title="bbox 576 1048 1789 1110; baseline 0.001 -20"><span class='ocrx_word' id='word_1_68' title='bbox 576 1048 790 1110; x_wconf 69' lang='lat' dir='ltr'><strong>guetnr.</strong></span> <span class='ocrx_word' id='word_1_69' title='bbox 1784 1106 1789 1109; x_wconf 18' lang='grc' dir='ltr'><strong><em>τ</em></strong></span> 
     </span>
    </p>
   </div>
   <div class='ocr_carea' id='block_1_10' title="bbox 930 1124 1795 1204">
    <p class='ocr_par' dir='ltr' id='par_1_10' title="bbox 930 1124 1795 1204">
     <span class='ocr_line' id='line_1_10' title="bbox 930 1124 1795 1204; baseline 0 -21"><span class='ocrx_word' id='word_1_70' title='bbox 930 1127 1014 1183; x_wconf 70' lang='lat' dir='ltr'><em>Ex</em></span> <span class='ocrx_word' id='word_1_71' title='bbox 1042 1128 1172 1204; x_wconf 78' lang='lat' dir='ltr'><strong>Cod.</strong></span> <span class='ocrx_word' id='word_1_72' title='bbox 1207 1126 1493 1197; x_wconf 39' lang='lat' dir='ltr'><strong>Saitflilas.</strong></span> <span class='ocrx_word' id='word_1_73' title='bbox 1524 1145 1647 1182; x_wconf 73' lang='lat' dir='ltr'><strong>scrc.</strong></span> <span class='ocrx_word' id='word_1_74' title='bbox 1696 1124 1795 1183; x_wconf 80' lang='lat' dir='ltr'><strong>IX.</strong></span> 
     </span>
    </p>
   </div>
   <div class='ocr_carea' id='block_1_11' title="bbox 646 1204 2159 1290">
    <p class='ocr_par' dir='ltr' id='par_1_11' title="bbox 646 1204 2159 1290">
     <span class='ocr_line' id='line_1_11' title="bbox 646 1204 2159 1290; baseline 0.001 -18"><span class='ocrx_word' id='word_1_75' title='bbox 646 1219 728 1273; x_wconf 80' lang='lat' dir='ltr'><strong>Ad</strong></span> <span class='ocrx_word' id='word_1_76' title='bbox 777 1204 1201 1288; x_wconf 83' lang='lat' dir='ltr'><strong>conﬁrmandum</strong></span> <span class='ocrx_word' id='word_1_77' title='bbox 1236 1210 1460 1289; x_wconf 80' lang='lat' dir='ltr'><strong>pueros;</strong></span> <span class='ocrx_word' id='word_1_78' title='bbox 1510 1219 1800 1290; x_wconf 75' lang='lat' dir='ltr'><strong>Episcopus</strong></span> <span class='ocrx_word' id='word_1_79' title='bbox 1846 1219 1986 1273; x_wconf 82' lang='lat' dir='ltr'><strong>dicat</strong></span> <span class='ocrx_word' id='word_1_80' title='bbox 2019 1235 2036 1273; x_wconf 93' lang='lat'><strong><em>:</em></strong></span> <span class='ocrx_word' id='word_1_81' title='bbox 2073 1217 2159 1274; x_wconf 86' lang='lat' dir='ltr'><strong>Sit</strong></span> 
     </span>
    </p>
   </div>
   <div class='ocr_carea' id='block_1_12' title="bbox 575 1307 2159 1364">
    <p class='ocr_par' dir='ltr' id='par_1_12' title="bbox 575 1307 2159 1364">
     <span class='ocr_line' id='line_1_12' title="bbox 575 1307 2159 1364; baseline 0 -1"><span class='ocrx_word' id='word_1_82' title='bbox 575 1322 773 1363; x_wconf 73' lang='lat' dir='ltr'><strong>mmen</strong></span> <span class='ocrx_word' id='word_1_83' title='bbox 822 1308 922 1362; x_wconf 91' lang='lat' dir='ltr'><strong>Dni</strong></span> <span class='ocrx_word' id='word_1_84' title='bbox 969 1309 1329 1364; x_wconf 85' lang='lat' dir='ltr'><strong>benedictum.</strong></span> <span class='ocrx_word' id='word_1_85' title='bbox 1364 1307 1675 1364; x_wconf 79' lang='lat' dir='ltr'><strong>Assistentes</strong></span> <span class='ocrx_word' id='word_1_86' title='bbox 1710 1325 1727 1364; x_wconf 92' lang='lat'><strong><em>:</em></strong></span> <span class='ocrx_word' id='word_1_87' title='bbox 1760 1309 1838 1364; x_wconf 80' lang='lat' dir='ltr'><strong>Ex</strong></span> <span class='ocrx_word' id='word_1_88' title='bbox 1868 1310 1972 1364; x_wconf 88' lang='lat' dir='ltr'><strong>hoc</strong></span> <span class='ocrx_word' id='word_1_89' title='bbox 2017 1324 2159 1363; x_wconf 92' lang='lat' dir='ltr'><strong>nunc</strong></span> 
     </span>
    </p>
   </div>
   <div class='ocr_carea' id='block_1_13' title="bbox 573 1395 2154 1473">
    <p class='ocr_par' dir='ltr' id='par_1_13' title="bbox 573 1395 2154 1473">
     <span class='ocr_line' id='line_1_13' title="bbox 573 1395 2154 1473; baseline -0.001 -23"><span class='ocrx_word' id='word_1_90' title='bbox 573 1403 631 1450; x_wconf 86' lang='lat' dir='ltr'><strong>et</strong></span> <span class='ocrx_word' id='word_1_91' title='bbox 672 1410 843 1465; x_wconf 88' lang='lat' dir='ltr'><strong>usque</strong></span> <span class='ocrx_word' id='word_1_92' title='bbox 884 1396 936 1449; x_wconf 94' lang='lat' dir='ltr'><strong>in</strong></span> <span class='ocrx_word' id='word_1_93' title='bbox 984 1395 1259 1450; x_wconf 64' lang='lat' dir='ltr'><strong>saeculum.</strong></span> <span class='ocrx_word' id='word_1_94' title='bbox 1313 1396 1492 1473; x_wconf 74' lang='lat' dir='ltr'><strong>Episc.</strong></span> <span class='ocrx_word' id='word_1_95' title='bbox 1538 1396 1877 1473; x_wconf 77' lang='lat' dir='ltr'><strong>Ailjntorium</strong></span> <span class='ocrx_word' id='word_1_96' title='bbox 1911 1407 2154 1452; x_wconf 90' lang='lat' dir='ltr'><strong>nostrum</strong></span> 
     </span>
    </p>
   </div>
   <div class='ocr_carea' id='block_1_14' title="bbox 576 1470 2158 1557">
    <p class='ocr_par' dir='ltr' id='par_1_14' title="bbox 576 1470 2158 1557">
     <span class='ocr_line' id='line_1_14' title="bbox 576 1470 2158 1557; baseline 0.001 -17"><span class='ocrx_word' id='word_1_97' title='bbox 576 1485 634 1540; x_wconf 90' lang='lat' dir='ltr'><strong>in</strong></span> <span class='ocrx_word' id='word_1_98' title='bbox 682 1486 900 1541; x_wconf 82' lang='lat' dir='ltr'><strong>nomine</strong></span> <span class='ocrx_word' id='word_1_99' title='bbox 939 1485 1060 1540; x_wconf 90' lang='lat' dir='ltr'><strong>Dui.</strong></span> <span class='ocrx_word' id='word_1_100' title='bbox 1109 1470 1424 1540; x_wconf 57' lang='lat' dir='ltr'><strong>‘Assistentes</strong></span> <span class='ocrx_word' id='word_1_101' title='bbox 1471 1503 1489 1540; x_wconf 89' lang='lat'><strong><em>:</em></strong></span> <span class='ocrx_word' id='word_1_102' title='bbox 1541 1484 1632 1557; x_wconf 79' lang='lat' dir='ltr'><strong>qui</strong></span> <span class='ocrx_word' id='word_1_103' title='bbox 1678 1470 1807 1543; x_wconf 80' lang='lat' dir='ltr'><strong>fecit</strong></span> <span class='ocrx_word' id='word_1_104' title='bbox 1857 1488 2052 1542; x_wconf 76' lang='lat' dir='ltr'><strong>ccelum</strong></span> <span class='ocrx_word' id='word_1_105' title='bbox 2103 1497 2158 1542; x_wconf 91' lang='lat' dir='ltr'><strong>et</strong></span> 
     </span>
    </p>
   </div>
   <div class='ocr_carea' id='block_1_15' title="bbox 577 1573 2153 1647">
    <p class='ocr_par' dir='ltr' id='par_1_15' title="bbox 577 1573 2153 1647">
     <span class='ocr_line' id='line_1_15' title="bbox 577 1573 2153 1647; baseline 0.002 -20"><span class='ocrx_word' id='word_1_106' title='bbox 577 1581 799 1628; x_wconf 89' lang='lat' dir='ltr'><strong>terram.</strong></span> <span class='ocrx_word' id='word_1_107' title='bbox 832 1573 1080 1629; x_wconf 91' lang='lat' dir='ltr'><strong>Oremus.</strong></span> <span class='ocrx_word' id='word_1_108' title='bbox 1112 1573 1465 1641; x_wconf 86' lang='lat' dir='ltr'><strong>Omnipotens</strong></span> <span class='ocrx_word' id='word_1_109' title='bbox 1493 1576 1822 1645; x_wconf 81' lang='lat' dir='ltr'><strong>sempiterno</strong></span> <span class='ocrx_word' id='word_1_110' title='bbox 1869 1576 2026 1638; x_wconf 88' lang='lat' dir='ltr'><strong>Deus,</strong></span> <span class='ocrx_word' id='word_1_111' title='bbox 2062 1577 2153 1647; x_wconf 89' lang='lat' dir='ltr'><strong>qui</strong></span> 
     </span>
    </p>
   </div>
   <div class='ocr_carea' id='block_1_16' title="bbox 575 1650 2154 1734">
    <p class='ocr_par' dir='ltr' id='par_1_16' title="bbox 575 1650 2154 1734">
     <span class='ocr_line' id='line_1_16' title="bbox 575 1650 2154 1734; baseline 0.002 -17"><span class='ocrx_word' id='word_1_112' title='bbox 575 1650 899 1734; x_wconf 77' lang='lat' dir='ltr'><strong>regenerare</strong></span> <span class='ocrx_word' id='word_1_113' title='bbox 941 1663 1193 1734; x_wconf 81' lang='lat' dir='ltr'><strong>dignatus</strong></span> <span class='ocrx_word' id='word_1_114' title='bbox 1221 1678 1280 1718; x_wconf 89' lang='lat' dir='ltr'><strong>es</strong></span> <span class='ocrx_word' id='word_1_115' title='bbox 1313 1666 1454 1719; x_wconf 86' lang='lat' dir='ltr'><strong>liuuc</strong></span> <span class='ocrx_word' id='word_1_116' title='bbox 1507 1663 1768 1720; x_wconf 89' lang='lat' dir='ltr'><strong>famulum</strong></span> <span class='ocrx_word' id='word_1_117' title='bbox 1800 1675 1854 1720; x_wconf 92' lang='lat' dir='ltr'><strong>et</strong></span> <span class='ocrx_word' id='word_1_118' title='bbox 1897 1665 2154 1721; x_wconf 88' lang='lat' dir='ltr'><strong>famulam</strong></span> 
     </span>
    </p>
   </div>
   <div class='ocr_carea' id='block_1_17' title="bbox 575 1752 2151 1824">
    <p class='ocr_par' dir='ltr' id='par_1_17' title="bbox 575 1752 2151 1824">
     <span class='ocr_line' id='line_1_17' title="bbox 575 1752 2151 1824; baseline 0.001 -18"><span class='ocrx_word' id='word_1_119' title='bbox 575 1759 724 1806; x_wconf 89' lang='lat' dir='ltr'><strong>tuam</strong></span> <span class='ocrx_word' id='word_1_120' title='bbox 754 1766 820 1805; x_wconf 78' lang='lat' dir='ltr'><strong>ex</strong></span> <span class='ocrx_word' id='word_1_121' title='bbox 855 1768 991 1822; x_wconf 82' lang='lat' dir='ltr'><strong>aqua</strong></span> <span class='ocrx_word' id='word_1_122' title='bbox 1021 1762 1072 1806; x_wconf 89' lang='lat' dir='ltr'><strong>et</strong></span> <span class='ocrx_word' id='word_1_123' title='bbox 1097 1752 1314 1822; x_wconf 79' lang='lat' dir='ltr'><strong>Spiritu</strong></span> <span class='ocrx_word' id='word_1_124' title='bbox 1345 1765 1534 1808; x_wconf 87' lang='lat' dir='ltr'><strong>sancto</strong></span> <span class='ocrx_word' id='word_1_125' title='bbox 1569 1773 1581 1807; x_wconf 91' lang='lat'>:</span> <span class='ocrx_word' id='word_1_126' title='bbox 1615 1754 1823 1824; x_wconf 82' lang='lat' dir='ltr'><strong>Quique</strong></span> <span class='ocrx_word' id='word_1_127' title='bbox 1863 1754 2058 1810; x_wconf 87' lang='lat' dir='ltr'><strong>dedisti</strong></span> <span class='ocrx_word' id='word_1_128' title='bbox 2104 1754 2151 1808; x_wconf 90' lang='lat' dir='ltr'><strong>ei</strong></span> 
     </span>
    </p>
   </div>
   <div class='ocr_carea' id='block_1_18' title="bbox 2259 665 3873 743">
    <p class='ocr_par' dir='ltr' id='par_1_18' title="bbox 2259 665 3873 743">
     <span class='ocr_line' id='line_1_18' title="bbox 2259 665 3873 743; baseline -0.006 -16"><span class='ocrx_word' id='word_1_129' title='bbox 2259 683 2354 739; x_wconf 88' lang='lat' dir='ltr'><strong>est,</strong></span> <span class='ocrx_word' id='word_1_130' title='bbox 2401 671 2539 743; x_wconf 80' lang='lat' dir='ltr'><strong>quod</strong></span> <span class='ocrx_word' id='word_1_131' title='bbox 2581 671 2627 725; x_wconf 87' lang='lat' dir='ltr'><strong>si</strong></span> <span class='ocrx_word' id='word_1_132' title='bbox 2673 670 2941 739; x_wconf 83' lang='lat' dir='ltr'><strong>episcopus</strong></span> <span class='ocrx_word' id='word_1_133' title='bbox 2987 677 3197 737; x_wconf 79' lang='lat' dir='ltr'><strong>propter</strong></span> <span class='ocrx_word' id='word_1_134' title='bbox 3239 665 3432 736; x_wconf 78' lang='lat' dir='ltr'><strong>passim</strong></span> <span class='ocrx_word' id='word_1_135' title='bbox 3470 673 3515 717; x_wconf 89' lang='lat' dir='ltr'><strong>et</strong></span> <span class='ocrx_word' id='word_1_136' title='bbox 3553 668 3782 718; x_wconf 77' lang='lat' dir='ltr'><strong>surtmirs</strong></span> <span class='ocrx_word' id='word_1_137' title='bbox 3872 670 3873 709; x_wconf 82' lang='lat'>1</span> 
     </span>
    </p>
   </div>
   <div class='ocr_carea' id='block_1_19' title="bbox 2259 755 3781 828">
    <p class='ocr_par' dir='ltr' id='par_1_19' title="bbox 2259 755 3781 828">
     <span class='ocr_line' id='line_1_19' title="bbox 2259 755 3781 828; baseline -0.006 -10"><span class='ocrx_word' id='word_1_138' title='bbox 2259 763 2532 827; x_wconf 84' lang='lat' dir='ltr'><strong>venientes,</strong></span> <span class='ocrx_word' id='word_1_139' title='bbox 2597 759 2842 815; x_wconf 85' lang='lat' dir='ltr'><strong>collectas</strong></span> <span class='ocrx_word' id='word_1_140' title='bbox 2902 758 3181 828; x_wconf 73' lang='lat' dir='ltr'><strong>priedictas</strong></span> <span class='ocrx_word' id='word_1_141' title='bbox 3244 755 3440 809; x_wconf 85' lang='lat' dir='ltr'><strong>tocieus</strong></span> <span class='ocrx_word' id='word_1_142' title='bbox 3508 770 3606 807; x_wconf 83' lang='lat' dir='ltr'><strong>non</strong></span> <span class='ocrx_word' id='word_1_143' title='bbox 3658 756 3781 822; x_wconf 77' lang='lat' dir='ltr'><strong>possit</strong></span> 
     </span>
    </p>
   </div>
   <div class='ocr_carea' id='block_1_20' title="bbox 2259 834 3873 929">
    <p class='ocr_par' dir='ltr' id='par_1_20' title="bbox 2259 834 3873 929">
     <span class='ocr_line' id='line_1_20' title="bbox 2259 834 3873 929; baseline -0.005 -22"><span class='ocrx_word' id='word_1_144' title='bbox 2259 855 2470 919; x_wconf 73' lang='lat' dir='ltr'><strong>dicere;</strong></span> <span class='ocrx_word' id='word_1_145' title='bbox 2548 853 2794 922; x_wconf 73' lang='lat' dir='ltr'><strong>quociens</strong></span> <span class='ocrx_word' id='word_1_146' title='bbox 2863 849 3113 919; x_wconf 79' lang='lat' dir='ltr'><strong>contingit</strong></span> <span class='ocrx_word' id='word_1_147' title='bbox 3189 848 3423 901; x_wconf 80' lang='lat' dir='ltr'><strong>homines</strong></span> <span class='ocrx_word' id='word_1_148' title='bbox 3497 846 3784 914; x_wconf 76' lang='lat' dir='ltr'><strong>singulariter</strong></span> 
     </span>
    </p>
   </div>
   <div class='ocr_carea' id='block_1_21' title="bbox 2259 932 3873 1015">
    <p class='ocr_par' dir='ltr' id='par_1_21' title="bbox 2259 932 3873 1015">
     <span class='ocr_line' id='line_1_21' title="bbox 2259 932 3873 1015; baseline -0.005 -17"><span class='ocrx_word' id='word_1_149' title='bbox 2259 944 2719 1013; x_wconf 79' lang='lat' dir='ltr'><strong>conﬁrmacionem</strong></span> <span class='ocrx_word' id='word_1_150' title='bbox 2782 940 3042 1011; x_wconf 82' lang='lat' dir='ltr'><strong>requirere</strong></span> <span class='ocrx_word' id='word_1_151' title='bbox 3073 979 3088 1003; x_wconf 93' lang='lat'><strong>,</strong></span> <span class='ocrx_word' id='word_1_152' title='bbox 3156 937 3339 993; x_wconf 85' lang='lat' dir='ltr'><strong>saltem</strong></span> <span class='ocrx_word' id='word_1_153' title='bbox 3404 938 3461 990; x_wconf 89' lang='lat' dir='ltr'><strong>in</strong></span> <span class='ocrx_word' id='word_1_154' title='bbox 3526 935 3621 1005; x_wconf 79' lang='lat' dir='ltr'><strong>ﬁne</strong></span> <span class='ocrx_word' id='word_1_155' title='bbox 3675 936 3784 1002; x_wconf 75' lang='lat' dir='ltr'><strong>diei,</strong></span> 
     </span>
    </p>
   </div>
   <div class='ocr_carea' id='block_1_22' title="bbox 2256 1020 3873 1107">
    <p class='ocr_par' dir='ltr' id='par_1_22' title="bbox 2256 1020 3873 1107">
     <span class='ocr_line' id='line_1_22' title="bbox 2256 1020 3873 1107; baseline -0.005 -17"><span class='ocrx_word' id='word_1_156' title='bbox 2256 1036 2313 1090; x_wconf 97' lang='lat' dir='ltr'><strong>id</strong></span> <span class='ocrx_word' id='word_1_157' title='bbox 2380 1045 2455 1090; x_wconf 84' lang='lat' dir='ltr'><strong>est</strong></span> <span class='ocrx_word' id='word_1_158' title='bbox 2521 1044 2634 1106; x_wconf 82' lang='lat' dir='ltr'><strong>post</strong></span> <span class='ocrx_word' id='word_1_159' title='bbox 2711 1032 3108 1102; x_wconf 71' lang='lat' dir='ltr'><strong>completor‘ium</strong></span> <span class='ocrx_word' id='word_1_160' title='bbox 3163 1047 3252 1085; x_wconf 88' lang='lat' dir='ltr'><strong>eas</strong></span> <span class='ocrx_word' id='word_1_161' title='bbox 3329 1028 3504 1082; x_wconf 84' lang='lat' dir='ltr'><strong>dicere</strong></span> <span class='ocrx_word' id='word_1_162' title='bbox 3569 1043 3661 1080; x_wconf 87' lang='lat' dir='ltr'><strong>non</strong></span> <span class='ocrx_word' id='word_1_163' title='bbox 3716 1027 3785 1083; x_wconf 70' lang='lat' dir='ltr'><strong>ob-</strong></span> 
     </span>
    </p>
   </div>
   <div class='ocr_carea' id='block_1_23' title="bbox 2259 1126 2457 1180">
    <p class='ocr_par' dir='ltr' id='par_1_23' title="bbox 2259 1126 2457 1180">
     <span class='ocr_line' id='line_1_23' title="bbox 2259 1126 2457 1180; baseline -0.01 0"><span class='ocrx_word' id='word_1_164' title='bbox 2259 1126 2457 1180; x_wconf 90' lang='lat' dir='ltr'><strong>mittat.</strong></span> 
     </span>
    </p>
   </div>
   <div class='ocr_carea' id='block_1_24' title="bbox 2402 1212 3682 1292">
    <p class='ocr_par' dir='ltr' id='par_1_24' title="bbox 2402 1212 3682 1292">
     <span class='ocr_line' id='line_1_24' title="bbox 2402 1212 3682 1292; baseline -0.009 -17"><span class='ocrx_word' id='word_1_165' title='bbox 2402 1219 2501 1292; x_wconf 82' lang='lat' dir='ltr'><strong>(Ex</strong></span> <span class='ocrx_word' id='word_1_166' title='bbox 2526 1214 2650 1274; x_wconf 77' lang='lat' dir='ltr'><strong>end.</strong></span> <span class='ocrx_word' id='word_1_167' title='bbox 2680 1219 2836 1273; x_wconf 82' lang='lat' dir='ltr'><strong>Vind.</strong></span> <span class='ocrx_word' id='word_1_168' title='bbox 2869 1218 2969 1273; x_wconf 85' lang='lat' dir='ltr'><strong>Th.</strong></span> <span class='ocrx_word' id='word_1_169' title='bbox 2999 1217 3128 1280; x_wconf 69' lang='lat'><strong>277,</strong></span> <span class='ocrx_word' id='word_1_170' title='bbox 3157 1230 3281 1271; x_wconf 69' lang='lat' dir='ltr'><strong>sme.</strong></span> <span class='ocrx_word' id='word_1_171' title='bbox 3315 1230 3411 1269; x_wconf 69' lang='lat' dir='ltr'><strong>sit.</strong></span> <span class='ocrx_word' id='word_1_172' title='bbox 3439 1213 3520 1265; x_wconf 76' lang='lat' dir='ltr'><strong>vel</strong></span> <span class='ocrx_word' id='word_1_173' title='bbox 3555 1212 3682 1284; x_wconf 73' lang='lat' dir='ltr'><strong>sui.)</strong></span> 
     </span>
    </p>
   </div>
   <div class='ocr_carea' id='block_1_25' title="bbox 2511 1306 3582 1378">
    <p class='ocr_par' dir='ltr' id='par_1_25' title="bbox 2511 1306 3582 1378">
     <span class='ocr_line' id='line_1_25' title="bbox 2511 1306 3582 1378; baseline -0.006 -14"><span class='ocrx_word' id='word_1_174' title='bbox 2511 1309 2905 1364; x_wconf 74' lang='lat' dir='ltr'><strong>Benedictiones</strong></span> <span class='ocrx_word' id='word_1_175' title='bbox 2929 1325 3083 1378; x_wconf 81' lang='lat' dir='ltr'><strong>super</strong></span> <span class='ocrx_word' id='word_1_176' title='bbox 3107 1307 3449 1376; x_wconf 78' lang='lat' dir='ltr'><strong>conﬁrmatos</strong></span> <span class='ocrx_word' id='word_1_177' title='bbox 3483 1306 3582 1376; x_wconf 83' lang='lat'><strong>(7).</strong></span> 
     </span>
    </p>
   </div>
   <div class='ocr_carea' id='block_1_26' title="bbox 2330 1395 3786 1471">
    <p class='ocr_par' dir='ltr' id='par_1_26' title="bbox 2330 1395 3786 1471">
     <span class='ocr_line' id='line_1_26' title="bbox 2330 1395 3786 1471; baseline -0.006 -14"><span class='ocrx_word' id='word_1_178' title='bbox 2330 1402 2565 1471; x_wconf 87' lang='lat' dir='ltr'><strong>Spiritus</strong></span> <span class='ocrx_word' id='word_1_179' title='bbox 2589 1410 2811 1457; x_wconf 87' lang='lat' dir='ltr'><strong>sanctus</strong></span> <span class='ocrx_word' id='word_1_180' title='bbox 2840 1400 3185 1471; x_wconf 87' lang='lat' dir='ltr'><strong>superveniat</strong></span> <span class='ocrx_word' id='word_1_181' title='bbox 3223 1399 3274 1452; x_wconf 92' lang='lat' dir='ltr'><strong>in</strong></span> <span class='ocrx_word' id='word_1_182' title='bbox 3306 1412 3424 1463; x_wconf 85' lang='lat' dir='ltr'><strong>vos,</strong></span> <span class='ocrx_word' id='word_1_183' title='bbox 3457 1406 3511 1451; x_wconf 88' lang='lat' dir='ltr'><strong>et</strong></span> <span class='ocrx_word' id='word_1_184' title='bbox 3550 1395 3701 1449; x_wconf 84' lang='lat' dir='ltr'><strong>virtus</strong></span> <span class='ocrx_word' id='word_1_185' title='bbox 3718 1395 3786 1449; x_wconf 75' lang='lat' dir='ltr'><strong>Al-</strong></span> 
     </span>
    </p>
   </div>
   <div class='ocr_carea' id='block_1_27' title="bbox 2260 1486 3787 1561">
    <p class='ocr_par' dir='ltr' id='par_1_27' title="bbox 2260 1486 3787 1561">
     <span class='ocr_line' id='line_1_27' title="bbox 2260 1486 3787 1561; baseline -0.004 -14"><span class='ocrx_word' id='word_1_186' title='bbox 2260 1493 2457 1547; x_wconf 87' lang='lat' dir='ltr'><strong>tissimi</strong></span> <span class='ocrx_word' id='word_1_187' title='bbox 2512 1493 2639 1547; x_wconf 85' lang='lat' dir='ltr'><strong>sine</strong></span> <span class='ocrx_word' id='word_1_188' title='bbox 2689 1501 2916 1561; x_wconf 89' lang='lat' dir='ltr'><strong>peccato</strong></span> <span class='ocrx_word' id='word_1_189' title='bbox 2960 1487 3230 1545; x_wconf 87' lang='lat' dir='ltr'><strong>custodiat</strong></span> <span class='ocrx_word' id='word_1_190' title='bbox 3286 1503 3404 1542; x_wconf 77' lang='lat' dir='ltr'><strong>vos.</strong></span> <span class='ocrx_word' id='word_1_191' title='bbox 3457 1486 3639 1540; x_wconf 82' lang='lat' dir='ltr'><strong>Amen.</strong></span> <span class='ocrx_word' id='word_1_192' title='bbox 3680 1487 3787 1541; x_wconf 76' lang='lat' dir='ltr'><strong>Alia.</strong></span> 
     </span>
    </p>
   </div>
   <div class='ocr_carea' id='block_1_28' title="bbox 2260 1575 3787 1653">
    <p class='ocr_par' dir='ltr' id='par_1_28' title="bbox 2260 1575 3787 1653">
     <span class='ocr_line' id='line_1_28' title="bbox 2260 1575 3787 1653; baseline -0.008 -12"><span class='ocrx_word' id='word_1_193' title='bbox 2260 1583 2614 1653; x_wconf 88' lang='lat' dir='ltr'><strong>Omnipotens</strong></span> <span class='ocrx_word' id='word_1_194' title='bbox 2657 1582 2985 1651; x_wconf 88' lang='lat' dir='ltr'><strong>sempiterne</strong></span> <span class='ocrx_word' id='word_1_195' title='bbox 3013 1580 3177 1643; x_wconf 89' lang='lat' dir='ltr'><strong>Deus,</strong></span> <span class='ocrx_word' id='word_1_196' title='bbox 3207 1578 3298 1647; x_wconf 87' lang='lat' dir='ltr'><strong>qui</strong></span> <span class='ocrx_word' id='word_1_197' title='bbox 3332 1592 3565 1648; x_wconf 81' lang='lat' dir='ltr'><strong>regnare</strong></span> <span class='ocrx_word' id='word_1_198' title='bbox 3606 1588 3697 1630; x_wconf 86' lang='lat' dir='ltr'><strong>etc.</strong></span> <span class='ocrx_word' id='word_1_199' title='bbox 3736 1575 3787 1629; x_wconf 78' lang='lat' dir='ltr'><strong>Et</strong></span> 
     </span>
    </p>
   </div>
   <div class='ocr_carea' id='block_1_29' title="bbox 2258 1666 3873 1745">
    <p class='ocr_par' dir='ltr' id='par_1_29' title="bbox 2258 1666 3873 1745">
     <span class='ocr_line' id='line_1_29' title="bbox 2258 1666 3873 1745; baseline -0.005 -16"><span class='ocrx_word' id='word_1_200' title='bbox 2258 1676 2385 1729; x_wconf 85' lang='lat' dir='ltr'><strong>dicit</strong></span> <span class='ocrx_word' id='word_1_201' title='bbox 2413 1675 2685 1745; x_wconf 87' lang='lat' dir='ltr'><strong>episcopus</strong></span> <span class='ocrx_word' id='word_1_202' title='bbox 2708 1671 2983 1728; x_wconf 84' lang='lat' dir='ltr'><strong>Confirmo</strong></span> <span class='ocrx_word' id='word_1_203' title='bbox 3018 1681 3071 1725; x_wconf 90' lang='lat' dir='ltr'><strong>te</strong></span> <span class='ocrx_word' id='word_1_204' title='bbox 3098 1670 3150 1724; x_wconf 91' lang='lat' dir='ltr'><strong>in</strong></span> <span class='ocrx_word' id='word_1_205' title='bbox 3180 1669 3401 1723; x_wconf 88' lang='lat' dir='ltr'><strong>nomine</strong></span> <span class='ocrx_word' id='word_1_206' title='bbox 3437 1668 3609 1722; x_wconf 83' lang='lat' dir='ltr'><strong>Patris</strong></span> <span class='ocrx_word' id='word_1_207' title='bbox 3626 1676 3672 1721; x_wconf 90' lang='lat' dir='ltr'><strong>et</strong></span> <span class='ocrx_word' id='word_1_208' title='bbox 3694 1666 3783 1722; x_wconf 72' lang='lat' dir='ltr'><strong>Filii</strong></span> <span class='ocrx_word' id='word_1_209' title='bbox 3872 1732 3873 1737; x_wconf 21' lang='grc' dir='ltr'><strong>η</strong></span> 
     </span>
    </p>
   </div>
   <div class='ocr_carea' id='block_1_30' title="bbox 2259 1756 3788 1835">
    <p class='ocr_par' dir='ltr' id='par_1_30' title="bbox 2259 1756 3788 1835">
     <span class='ocr_line' id='line_1_30' title="bbox 2259 1756 3788 1835; baseline -0.006 -15"><span class='ocrx_word' id='word_1_210' title='bbox 2259 1775 2314 1820; x_wconf 93' lang='lat' dir='ltr'><strong>et</strong></span> <span class='ocrx_word' id='word_1_211' title='bbox 2341 1764 2577 1835; x_wconf 90' lang='lat' dir='ltr'><strong>Spiritus</strong></span> <span class='ocrx_word' id='word_1_212' title='bbox 2607 1761 2802 1818; x_wconf 89' lang='lat' dir='ltr'><strong>sancti.</strong></span> <span class='ocrx_word' id='word_1_213' title='bbox 2832 1761 3029 1815; x_wconf 84' lang='lat' dir='ltr'><strong>Amen.</strong></span> <span class='ocrx_word' id='word_1_214' title='bbox 3057 1759 3168 1814; x_wconf 76' lang='lat' dir='ltr'><strong>Pax</strong></span> <span class='ocrx_word' id='word_1_215' title='bbox 3197 1767 3372 1813; x_wconf 89' lang='lat' dir='ltr'><strong>tecum</strong></span> <span class='ocrx_word' id='word_1_216' title='bbox 3407 1766 3604 1812; x_wconf 88' lang='lat' dir='ltr'><strong>etcum</strong></span> <span class='ocrx_word' id='word_1_217' title='bbox 3629 1756 3788 1825; x_wconf 85' lang='lat' dir='ltr'><strong>Spiritu</strong></span> 
     </span>
    </p>
   </div>
   <div class='ocr_carea' id='block_1_31' title="bbox 574 1828 3873 1933">
    <p class='ocr_par' dir='ltr' id='par_1_31' title="bbox 574 1828 3873 1933">
     <span class='ocr_line' id='line_1_31' title="bbox 574 1828 3873 1933; baseline 0.001 -38"><span class='ocrx_word' id='word_1_218' title='bbox 574 1841 950 1897; x_wconf 72' lang='lat' dir='ltr'><strong>remissionem</strong></span> <span class='ocrx_word' id='word_1_219' title='bbox 1000 1844 1240 1897; x_wconf 90' lang='lat' dir='ltr'><strong>omnium</strong></span> <span class='ocrx_word' id='word_1_220' title='bbox 1289 1855 1656 1915; x_wconf 87' lang='lat' dir='ltr'><strong>peccatorum,</strong></span> <span class='ocrx_word' id='word_1_221' title='bbox 1711 1848 1944 1902; x_wconf 86' lang='lat' dir='ltr'><strong>immitte</strong></span> <span class='ocrx_word' id='word_1_222' title='bbox 1986 1847 2038 1901; x_wconf 91' lang='lat' dir='ltr'><strong>in</strong></span> <span class='ocrx_word' id='word_1_223' title='bbox 2075 1847 2153 1902; x_wconf 87' lang='lat' dir='ltr'><strong>eis</strong></span> <span class='ocrx_word' id='word_1_224' title='bbox 2187 1848 2228 1906; x_wconf 80' lang='grc' dir='ltr'><strong>Β</strong></span> <span class='ocrx_word' id='word_1_225' title='bbox 2261 1828 2640 1923; x_wconf 41' lang='lat' dir='ltr'><strong>tum-Signum</strong></span> <span class='ocrx_word' id='word_1_226' title='bbox 2687 1850 2792 1921; x_wconf 84' lang='lat' dir='ltr'><strong>Xpi</strong></span> <span class='ocrx_word' id='word_1_227' title='bbox 2841 1851 2894 1904; x_wconf 91' lang='lat' dir='ltr'><strong>iu</strong></span> <span class='ocrx_word' id='word_1_228' title='bbox 2940 1849 3103 1904; x_wconf 87' lang='lat' dir='ltr'><strong>vitam</strong></span> <span class='ocrx_word' id='word_1_229' title='bbox 3151 1858 3438 1903; x_wconf 65' lang='lat' dir='ltr'><strong>aeternam.</strong></span> <span class='ocrx_word' id='word_1_230' title='bbox 3485 1846 3664 1900; x_wconf 80' lang='lat' dir='ltr'><strong>Amen.</strong></span> <span class='ocrx_word' id='word_1_231' title='bbox 3705 1845 3787 1899; x_wconf 78' lang='lat' dir='ltr'><strong>Pax</strong></span> 
     </span>
    </p>
   </div>
   <div class='ocr_carea' id='block_1_32' title="bbox 574 1932 2153 2003">
    <p class='ocr_par' dir='ltr' id='par_1_32' title="bbox 574 1932 2153 2003">
     <span class='ocr_line' id='line_1_32' title="bbox 574 1932 2153 2003; baseline 0.006 -17"><span class='ocrx_word' id='word_1_232' title='bbox 574 1932 941 2002; x_wconf 66' lang='lat' dir='ltr'><strong>nptiformem</strong></span> <span class='ocrx_word' id='word_1_233' title='bbox 970 1934 1231 2003; x_wconf 91' lang='lat' dir='ltr'><strong>Spiritum</strong></span> <span class='ocrx_word' id='word_1_234' title='bbox 1260 1945 1408 1990; x_wconf 90' lang='lat' dir='ltr'><strong>tuum</strong></span> <span class='ocrx_word' id='word_1_235' title='bbox 1440 1946 1687 1991; x_wconf 87' lang='lat' dir='ltr'><strong>sanctum</strong></span> <span class='ocrx_word' id='word_1_236' title='bbox 1732 1938 2057 1992; x_wconf 87' lang='lat' dir='ltr'><strong>Paraclitum</strong></span> <span class='ocrx_word' id='word_1_237' title='bbox 2086 1940 2153 1995; x_wconf 86' lang='lat' dir='ltr'><strong>de</strong></span> 
     </span>
    </p>
   </div>
   <div class='ocr_carea' id='block_1_33' title="bbox 576 2022 2149 2103">
    <p class='ocr_par' dir='ltr' id='par_1_33' title="bbox 576 2022 2149 2103">
     <span class='ocr_line' id='line_1_33' title="bbox 576 2022 2149 2103; baseline 0.006 -28"><span class='ocrx_word' id='word_1_238' title='bbox 576 2022 729 2076; x_wconf 84' lang='lat' dir='ltr'><strong>ceiis.</strong></span> <span class='ocrx_word' id='word_1_239' title='bbox 749 2022 946 2078; x_wconf 74' lang='lat' dir='ltr'><strong>Amen.</strong></span> <span class='ocrx_word' id='word_1_240' title='bbox 973 2024 1531 2095; x_wconf 80' lang='lat' dir='ltr'><strong>Spirit-umsapiencie</strong></span> <span class='ocrx_word' id='word_1_241' title='bbox 1552 2034 1605 2083; x_wconf 88' lang='lat' dir='ltr'><strong>ct</strong></span> <span class='ocrx_word' id='word_1_242' title='bbox 1622 2028 1943 2103; x_wconf 76' lang='lat' dir='ltr'><strong>intellectus.</strong></span> <span class='ocrx_word' id='word_1_243' title='bbox 1958 2030 2149 2103; x_wconf 79' lang='lat' dir='ltr'><strong>Anien.</strong></span> 
     </span>
    </p>
   </div>
   <div class='ocr_carea' id='block_1_34' title="bbox 578 2101 2151 2191">
    <p class='ocr_par' dir='ltr' id='par_1_34' title="bbox 578 2101 2151 2191">
     <span class='ocr_line' id='line_1_34' title="bbox 578 2101 2151 2191; baseline 0.008 -26"><span class='ocrx_word' id='word_1_244' title='bbox 578 2112 838 2180; x_wconf 87' lang='lat' dir='ltr'><strong>Spiritum</strong></span> <span class='ocrx_word' id='word_1_245' title='bbox 888 2116 1100 2171; x_wconf 90' lang='lat' dir='ltr'><strong>consilii</strong></span> <span class='ocrx_word' id='word_1_246' title='bbox 1149 2126 1203 2171; x_wconf 88' lang='lat' dir='ltr'><strong>et</strong></span> <span class='ocrx_word' id='word_1_247' title='bbox 1250 2117 1603 2174; x_wconf 66' lang='lat' dir='ltr'><strong>fortitudinis.</strong></span> <span class='ocrx_word' id='word_1_248' title='bbox 1638 2101 1840 2175; x_wconf 67' lang='grc' dir='ltr'><strong>Ἀιὶιρη.</strong></span> <span class='ocrx_word' id='word_1_249' title='bbox 1890 2103 2151 2191; x_wconf 81' lang='lat' dir='ltr'><strong>Spiritum</strong></span> 
     </span>
    </p>
   </div>
   <div class='ocr_carea' id='block_1_35' title="bbox 576 2207 2155 2284">
    <p class='ocr_par' dir='ltr' id='par_1_35' title="bbox 576 2207 2155 2284">
     <span class='ocr_line' id='line_1_35' title="bbox 576 2207 2155 2284; baseline 0.006 -22"><span class='ocrx_word' id='word_1_250' title='bbox 576 2207 812 2263; x_wconf 87' lang='lat' dir='ltr'><strong>sciencie</strong></span> <span class='ocrx_word' id='word_1_251' title='bbox 854 2218 905 2264; x_wconf 91' lang='lat' dir='ltr'><strong>et</strong></span> <span class='ocrx_word' id='word_1_252' title='bbox 952 2210 1191 2281; x_wconf 85' lang='lat' dir='ltr'><strong>pietatis.</strong></span> <span class='ocrx_word' id='word_1_253' title='bbox 1224 2211 1418 2266; x_wconf 83' lang='lat' dir='ltr'><strong>Amen.</strong></span> <span class='ocrx_word' id='word_1_254' title='bbox 1453 2212 1698 2283; x_wconf 82' lang='lat' dir='ltr'><strong>Adimple</strong></span> <span class='ocrx_word' id='word_1_255' title='bbox 1727 2230 1820 2270; x_wconf 87' lang='lat' dir='ltr'><strong>eos</strong></span> <span class='ocrx_word' id='word_1_256' title='bbox 1851 2215 2055 2284; x_wconf 91' lang='lat' dir='ltr'><strong>Spiritu</strong></span> <span class='ocrx_word' id='word_1_257' title='bbox 2090 2216 2155 2272; x_wconf 85' lang='lat' dir='ltr'><strong>ti-</strong></span> 
     </span>
    </p>
   </div>
   <div class='ocr_carea' id='block_1_36' title="bbox 576 2298 2153 2384">
    <p class='ocr_par' dir='ltr' id='par_1_36' title="bbox 576 2298 2153 2384">
     <span class='ocr_line' id='line_1_36' title="bbox 576 2298 2153 2384; baseline 0.007 -31"><span class='ocrx_word' id='word_1_258' title='bbox 576 2298 746 2354; x_wconf 86' lang='lat' dir='ltr'><strong>moris</strong></span> <span class='ocrx_word' id='word_1_259' title='bbox 794 2301 890 2367; x_wconf 82' lang='lat' dir='ltr'><strong>liti,</strong></span> <span class='ocrx_word' id='word_1_260' title='bbox 936 2313 993 2384; x_wconf 79' lang='lat' dir='ltr'><strong>et</strong></span> <span class='ocrx_word' id='word_1_261' title='bbox 1030 2303 1288 2384; x_wconf 82' lang='lat' dir='ltr'><strong>consigna</strong></span> <span class='ocrx_word' id='word_1_262' title='bbox 1338 2305 1386 2360; x_wconf 91' lang='lat' dir='ltr'><strong>ei</strong></span> <span class='ocrx_word' id='word_1_263' title='bbox 1437 2307 1592 2377; x_wconf 80' lang='lat' dir='ltr'><strong>signo</strong></span> <span class='ocrx_word' id='word_1_264' title='bbox 1636 2308 1814 2362; x_wconf 88' lang='lat' dir='ltr'><strong>crucis</strong></span> <span class='ocrx_word' id='word_1_265' title='bbox 1858 2309 2054 2364; x_wconf 87' lang='lat' dir='ltr'><strong>Christi</strong></span> <span class='ocrx_word' id='word_1_266' title='bbox 2102 2309 2153 2364; x_wconf 91' lang='lat' dir='ltr'><strong>in</strong></span> 
     </span>
    </p>
   </div>
   <div class='ocr_carea' id='block_1_37' title="bbox 575 2382 2152 2471">
    <p class='ocr_par' dir='ltr' id='par_1_37' title="bbox 575 2382 2152 2471">
     <span class='ocr_line' id='line_1_37' title="bbox 575 2382 2152 2471; baseline 0.009 -31"><span class='ocrx_word' id='word_1_267' title='bbox 575 2387 741 2442; x_wconf 86' lang='lat' dir='ltr'><strong>vitam</strong></span> <span class='ocrx_word' id='word_1_268' title='bbox 798 2382 1128 2462; x_wconf 87' lang='lat' dir='ltr'><strong>propiciatus</strong></span> <span class='ocrx_word' id='word_1_269' title='bbox 1162 2382 1444 2450; x_wconf 55' lang='lat' dir='ltr'><strong>&#39;eternam.</strong></span> <span class='ocrx_word' id='word_1_270' title='bbox 1508 2395 1612 2470; x_wconf 84' lang='lat' dir='ltr'><strong>Per</strong></span> <span class='ocrx_word' id='word_1_271' title='bbox 1677 2395 1954 2453; x_wconf 88' lang='lat' dir='ltr'><strong>Christum</strong></span> <span class='ocrx_word' id='word_1_272' title='bbox 2012 2399 2152 2471; x_wconf 86' lang='lat' dir='ltr'><strong>Dum</strong></span> 
     </span>
    </p>
   </div>
   <div class='ocr_carea' id='block_1_38' title="bbox 574 2471 2155 2559">
    <p class='ocr_par' dir='ltr' id='par_1_38' title="bbox 574 2471 2155 2559">
     <span class='ocr_line' id='line_1_38' title="bbox 574 2471 2155 2559; baseline 0.007 -26"><span class='ocrx_word' id='word_1_273' title='bbox 574 2493 720 2535; x_wconf 80' lang='lat' dir='ltr'><strong>nrm.</strong></span> <span class='ocrx_word' id='word_1_274' title='bbox 794 2480 938 2537; x_wconf 86' lang='lat' dir='ltr'><strong>Tunc</strong></span> <span class='ocrx_word' id='word_1_275' title='bbox 1003 2485 1250 2556; x_wconf 83' lang='lat' dir='ltr'><strong>in1uisito</strong></span> <span class='ocrx_word' id='word_1_276' title='bbox 1317 2471 1728 2559; x_wconf 63' lang='lat' dir='ltr'><strong>uniuscujusque</strong></span> <span class='ocrx_word' id='word_1_277' title='bbox 1797 2474 2045 2557; x_wconf 80' lang='lat' dir='ltr'><strong>nomine,</strong></span> <span class='ocrx_word' id='word_1_278' title='bbox 2108 2501 2155 2546; x_wconf 85' lang='lat' dir='ltr'><strong>et</strong></span> 
     </span>
    </p>
   </div>
   <div class='ocr_carea' id='block_1_39' title="bbox 575 2570 2156 2651">
    <p class='ocr_par' dir='ltr' id='par_1_39' title="bbox 575 2570 2156 2651">
     <span class='ocr_line' id='line_1_39' title="bbox 575 2570 2156 2651; baseline 0.008 -28"><span class='ocrx_word' id='word_1_279' title='bbox 575 2570 795 2627; x_wconf 84' lang='lat' dir='ltr'><strong>intincto</strong></span> <span class='ocrx_word' id='word_1_280' title='bbox 823 2573 1010 2644; x_wconf 83' lang='lat' dir='ltr'><strong>pollice</strong></span> <span class='ocrx_word' id='word_1_281' title='bbox 1034 2577 1088 2630; x_wconf 87' lang='lat' dir='ltr'><strong>in</strong></span> <span class='ocrx_word' id='word_1_282' title='bbox 1130 2577 1432 2644; x_wconf 84' lang='lat' dir='ltr'><strong>chrismate,</strong></span> <span class='ocrx_word' id='word_1_283' title='bbox 1463 2578 1621 2649; x_wconf 80' lang='lat' dir='ltr'><strong>faciat</strong></span> <span class='ocrx_word' id='word_1_284' title='bbox 1646 2595 1852 2635; x_wconf 82' lang='lat' dir='ltr'><strong>crucem</strong></span> <span class='ocrx_word' id='word_1_285' title='bbox 1898 2581 1951 2635; x_wconf 86' lang='lat' dir='ltr'><strong>in</strong></span> <span class='ocrx_word' id='word_1_286' title='bbox 1983 2580 2156 2651; x_wconf 78' lang='lat' dir='ltr'><strong>fronte</strong></span> 
     </span>
    </p>
   </div>
   <div class='ocr_carea' id='block_1_40' title="bbox 575 2660 2152 2741">
    <p class='ocr_par' dir='ltr' id='par_1_40' title="bbox 575 2660 2152 2741">
     <span class='ocr_line' id='line_1_40' title="bbox 575 2660 2152 2741; baseline 0.008 -28"><span class='ocrx_word' id='word_1_287' title='bbox 575 2660 850 2739; x_wconf 76' lang='lat' dir='ltr'><strong>cujuslibet</strong></span> <span class='ocrx_word' id='word_1_288' title='bbox 879 2679 1057 2719; x_wconf 85' lang='lat' dir='ltr'><strong>eorum</strong></span> <span class='ocrx_word' id='word_1_289' title='bbox 1088 2666 1265 2724; x_wconf 81' lang='lat' dir='ltr'><strong>dicens</strong></span> <span class='ocrx_word' id='word_1_290' title='bbox 1302 2680 1326 2731; x_wconf 13' lang='lat'><strong>1:</strong></span> <span class='ocrx_word' id='word_1_291' title='bbox 1371 2666 1643 2741; x_wconf 76' lang='lat' dir='ltr'><strong>Consigno</strong></span> <span class='ocrx_word' id='word_1_292' title='bbox 1675 2677 1727 2724; x_wconf 91' lang='lat' dir='ltr'><strong>te</strong></span> <span class='ocrx_word' id='word_1_293' title='bbox 1756 2671 1912 2740; x_wconf 88' lang='lat' dir='ltr'><strong>signo</strong></span> <span class='ocrx_word' id='word_1_294' title='bbox 1951 2670 2152 2735; x_wconf 85' lang='lat' dir='ltr'><strong>crucis,</strong></span> 
     </span>
    </p>
   </div>
   <div class='ocr_carea' id='block_1_41' title="bbox 575 2745 2157 2833">
    <p class='ocr_par' dir='ltr' id='par_1_41' title="bbox 575 2745 2157 2833">
     <span class='ocr_line' id='line_1_41' title="bbox 575 2745 2157 2833; baseline 0.006 -25"><span class='ocrx_word' id='word_1_295' title='bbox 575 2763 630 2808; x_wconf 86' lang='lat' dir='ltr'><strong>et</strong></span> <span class='ocrx_word' id='word_1_296' title='bbox 656 2745 921 2833; x_wconf 82' lang='lat' dir='ltr'><strong>confirmo</strong></span> <span class='ocrx_word' id='word_1_297' title='bbox 947 2768 999 2813; x_wconf 93' lang='lat' dir='ltr'><strong>te</strong></span> <span class='ocrx_word' id='word_1_298' title='bbox 1022 2760 1314 2816; x_wconf 86' lang='lat' dir='ltr'><strong>chrismate</strong></span> <span class='ocrx_word' id='word_1_299' title='bbox 1337 2760 1546 2817; x_wconf 90' lang='lat' dir='ltr'><strong>salutis.</strong></span> <span class='ocrx_word' id='word_1_300' title='bbox 1574 2763 1629 2817; x_wconf 90' lang='lat' dir='ltr'><strong>lu</strong></span> <span class='ocrx_word' id='word_1_301' title='bbox 1654 2763 1870 2818; x_wconf 88' lang='lat' dir='ltr'><strong>nomine</strong></span> <span class='ocrx_word' id='word_1_302' title='bbox 1898 2761 2074 2819; x_wconf 88' lang='lat' dir='ltr'><strong>Patris</strong></span> <span class='ocrx_word' id='word_1_303' title='bbox 2103 2772 2157 2819; x_wconf 86' lang='lat' dir='ltr'><strong>et</strong></span> 
     </span>
    </p>
   </div>
   <div class='ocr_carea' id='block_1_42' title="bbox 577 2843 1768 2923">
    <p class='ocr_par' dir='ltr' id='par_1_42' title="bbox 577 2843 1768 2923">
     <span class='ocr_line' id='line_1_42' title="bbox 577 2843 1768 2923; baseline 0.009 -23"><span class='ocrx_word' id='word_1_304' title='bbox 577 2843 700 2900; x_wconf 86' lang='lat' dir='ltr'><strong>Filii</strong></span> <span class='ocrx_word' id='word_1_305' title='bbox 732 2855 786 2901; x_wconf 89' lang='lat' dir='ltr'><strong>et</strong></span> <span class='ocrx_word' id='word_1_306' title='bbox 814 2846 1052 2919; x_wconf 85' lang='lat' dir='ltr'><strong>Spiritus</strong></span> <span class='ocrx_word' id='word_1_307' title='bbox 1080 2851 1276 2906; x_wconf 79' lang='lat' dir='ltr'><strong>sancti.</strong></span> <span class='ocrx_word' id='word_1_308' title='bbox 1314 2853 1508 2921; x_wconf 86' lang='lat' dir='ltr'><strong>Amen.</strong></span> <span class='ocrx_word' id='word_1_309' title='bbox 1612 2916 1620 2923; x_wconf 28' lang='grc' dir='ltr'><strong><em>ν</em></strong></span> <span class='ocrx_word' id='word_1_310' title='bbox 1708 2867 1715 2873; x_wconf 83' lang='lat'><em>‘</em></span> <span class='ocrx_word' id='word_1_311' title='bbox 1764 2916 1768 2922; x_wconf 49' lang='grc'><em>,</em></span> 
     </span>
    </p>
   </div>
   <div class='ocr_carea' id='block_1_43' title="bbox 650 2939 2155 3019">
    <p class='ocr_par' dir='ltr' id='par_1_43' title="bbox 650 2939 2155 3019">
     <span class='ocr_line' id='line_1_43' title="bbox 650 2939 2155 3019; baseline 0.004 -25"><span class='ocrx_word' id='word_1_312' title='bbox 650 2939 903 2998; x_wconf 80' lang='lat' dir='ltr'><strong>Omnibus</strong></span> <span class='ocrx_word' id='word_1_313' title='bbox 922 2945 1097 3016; x_wconf 87' lang='lat' dir='ltr'><strong>itaque</strong></span> <span class='ocrx_word' id='word_1_314' title='bbox 1110 2962 1227 3000; x_wconf 87' lang='lat' dir='ltr'><strong>cum</strong></span> <span class='ocrx_word' id='word_1_315' title='bbox 1242 2956 1421 3001; x_wconf 85' lang='lat' dir='ltr'><strong>sancto</strong></span> <span class='ocrx_word' id='word_1_316' title='bbox 1435 2947 1714 3002; x_wconf 81' lang='lat' dir='ltr'><strong>chrismate</strong></span> <span class='ocrx_word' id='word_1_317' title='bbox 1733 2947 1952 3019; x_wconf 86' lang='lat' dir='ltr'><strong>signatis</strong></span> <span class='ocrx_word' id='word_1_318' title='bbox 1974 2947 2114 3001; x_wconf 86' lang='lat' dir='ltr'><strong>dicat</strong></span> <span class='ocrx_word' id='word_1_319' title='bbox 2136 2962 2155 3000; x_wconf 90' lang='lat'><strong><em>:</em></strong></span> 
     </span>
    </p>
   </div>
   <div class='ocr_carea' id='block_1_44' title="bbox 575 3029 2158 3107">
    <p class='ocr_par' dir='ltr' id='par_1_44' title="bbox 575 3029 2158 3107">
     <span class='ocr_line' id='line_1_44' title="bbox 575 3029 2158 3107; baseline 0.004 -23"><span class='ocrx_word' id='word_1_320' title='bbox 575 3029 685 3084; x_wconf 84' lang='lat' dir='ltr'><strong>Pax</strong></span> <span class='ocrx_word' id='word_1_321' title='bbox 720 3041 917 3088; x_wconf 90' lang='lat' dir='ltr'><strong>tecum.</strong></span> <span class='ocrx_word' id='word_1_322' title='bbox 955 3035 1021 3090; x_wconf 87' lang='lat' dir='ltr'><strong>Et</strong></span> <span class='ocrx_word' id='word_1_323' title='bbox 1050 3051 1172 3091; x_wconf 86' lang='lat' dir='ltr'><strong>cum</strong></span> <span class='ocrx_word' id='word_1_324' title='bbox 1202 3038 1394 3107; x_wconf 88' lang='lat' dir='ltr'><strong>spiritu</strong></span> <span class='ocrx_word' id='word_1_325' title='bbox 1433 3048 1544 3093; x_wconf 91' lang='lat' dir='ltr'><strong>tuo.</strong></span> <span class='ocrx_word' id='word_1_326' title='bbox 1576 3037 1716 3094; x_wconf 88' lang='lat' dir='ltr'><strong>Ecce</strong></span> <span class='ocrx_word' id='word_1_327' title='bbox 1744 3039 1824 3093; x_wconf 90' lang='lat' dir='ltr'><strong>sic</strong></span> <span class='ocrx_word' id='word_1_328' title='bbox 1864 3037 2158 3092; x_wconf 89' lang='lat' dir='ltr'><strong>benedice-</strong></span> 
     </span>
    </p>
   </div>
   <div class='ocr_carea' id='block_1_45' title="bbox 576 3116 2153 3195">
    <p class='ocr_par' dir='ltr' id='par_1_45' title="bbox 576 3116 2153 3195">
     <span class='ocr_line' id='line_1_45' title="bbox 576 3116 2153 3195; baseline 0.005 -22"><span class='ocrx_word' id='word_1_329' title='bbox 576 3129 668 3174; x_wconf 87' lang='lat' dir='ltr'><strong>tur</strong></span> <span class='ocrx_word' id='word_1_330' title='bbox 714 3121 896 3190; x_wconf 87' lang='lat' dir='ltr'><strong>homo,</strong></span> <span class='ocrx_word' id='word_1_331' title='bbox 927 3124 1019 3195; x_wconf 90' lang='lat' dir='ltr'><strong>qui</strong></span> <span class='ocrx_word' id='word_1_332' title='bbox 1050 3129 1202 3182; x_wconf 89' lang='lat' dir='ltr'><strong>timet</strong></span> <span class='ocrx_word' id='word_1_333' title='bbox 1230 3128 1533 3183; x_wconf 78' lang='lat' dir='ltr'><strong>Odminum.</strong></span> <span class='ocrx_word' id='word_1_334' title='bbox 1567 3116 1858 3184; x_wconf 84' lang='lat' dir='ltr'><strong>Benedicat</strong></span> <span class='ocrx_word' id='word_1_335' title='bbox 1902 3143 1997 3183; x_wconf 88' lang='lat' dir='ltr'><strong>vos</strong></span> <span class='ocrx_word' id='word_1_336' title='bbox 2046 3126 2153 3181; x_wconf 74' lang='lat' dir='ltr'><strong>Ds-</strong></span> 
     </span>
    </p>
   </div>
   <div class='ocr_carea' id='block_1_46' title="bbox 2259 1937 3873 2019">
    <p class='ocr_par' dir='ltr' id='par_1_46' title="bbox 2259 1937 3873 2019">
     <span class='ocr_line' id='line_1_46' title="bbox 2259 1937 3873 2019; baseline -0.008 -16"><span class='ocrx_word' id='word_1_337' title='bbox 2259 1958 2457 2003; x_wconf 88' lang='lat' dir='ltr'><strong>tecum.</strong></span> <span class='ocrx_word' id='word_1_338' title='bbox 2499 1946 2717 2002; x_wconf 89' lang='lat' dir='ltr'><strong>Etcum</strong></span> <span class='ocrx_word' id='word_1_339' title='bbox 2747 1944 2953 2019; x_wconf 86' lang='lat' dir='ltr'><strong>Spiritu</strong></span> <span class='ocrx_word' id='word_1_340' title='bbox 2994 1952 3106 2019; x_wconf 88' lang='lat' dir='ltr'><strong>tuo.</strong></span> <span class='ocrx_word' id='word_1_341' title='bbox 3136 1942 3280 1996; x_wconf 90' lang='lat' dir='ltr'><strong>Deus</strong></span> <span class='ocrx_word' id='word_1_342' title='bbox 3316 1939 3410 2009; x_wconf 77' lang='lat' dir='ltr'><strong>qui</strong></span> <span class='ocrx_word' id='word_1_343' title='bbox 3452 1937 3689 2008; x_wconf 87' lang='lat' dir='ltr'><strong>apostolis</strong></span> <span class='ocrx_word' id='word_1_344' title='bbox 3710 1937 3787 1991; x_wconf 81' lang='lat' dir='ltr'><strong>tuis</strong></span> <span class='ocrx_word' id='word_1_345' title='bbox 3872 1956 3873 2019; x_wconf 49' lang='grc' dir='ltr'>γ</span> 
     </span>
    </p>
   </div>
   <div class='ocr_carea' id='block_1_47' title="bbox 2256 2012 3873 2106">
    <p class='ocr_par' dir='ltr' id='par_1_47' title="bbox 2256 2012 3873 2106">
     <span class='ocr_line' id='line_1_47' title="bbox 2256 2012 3873 2106; baseline -0.009 -13"><span class='ocrx_word' id='word_1_346' title='bbox 2256 2048 2362 2093; x_wconf 85' lang='lat' dir='ltr'><strong>etc.</strong></span> <span class='ocrx_word' id='word_1_347' title='bbox 2398 2035 2542 2090; x_wconf 86' lang='lat' dir='ltr'><strong>Tunc</strong></span> <span class='ocrx_word' id='word_1_348' title='bbox 2583 2016 3391 2106; x_wconf 23' lang='lat' dir='ltr'><strong>pronunciatidiac.‘llumiliate</strong></span> <span class='ocrx_word' id='word_1_349' title='bbox 3436 2043 3533 2083; x_wconf 84' lang='lat' dir='ltr'><strong>vos</strong></span> <span class='ocrx_word' id='word_1_350' title='bbox 3569 2028 3629 2081; x_wconf 82' lang='lat' dir='ltr'><strong>ad</strong></span> <span class='ocrx_word' id='word_1_351' title='bbox 3664 2028 3787 2081; x_wconf 81' lang='lat' dir='ltr'><strong>bene-</strong></span> 
     </span>
    </p>
   </div>
   <div class='ocr_carea' id='block_1_48' title="bbox 2258 2119 3873 2197">
    <p class='ocr_par' dir='ltr' id='par_1_48' title="bbox 2258 2119 3873 2197">
     <span class='ocr_line' id='line_1_48' title="bbox 2258 2119 3873 2197; baseline -0.009 -15"><span class='ocrx_word' id='word_1_352' title='bbox 2258 2129 2566 2184; x_wconf 83' lang='lat' dir='ltr'><strong>dictionem.</strong></span> <span class='ocrx_word' id='word_1_353' title='bbox 2594 2126 2704 2181; x_wconf 85' lang='lat' dir='ltr'><strong>Deo</strong></span> <span class='ocrx_word' id='word_1_354' title='bbox 2737 2126 2954 2197; x_wconf 80' lang='lat' dir='ltr'><strong>gratias.</strong></span> <span class='ocrx_word' id='word_1_355' title='bbox 2991 2123 3058 2177; x_wconf 83' lang='lat' dir='ltr'><strong>Et</strong></span> <span class='ocrx_word' id='word_1_356' title='bbox 3089 2124 3359 2193; x_wconf 84' lang='lat' dir='ltr'><strong>episcopus</strong></span> <span class='ocrx_word' id='word_1_357' title='bbox 3402 2122 3489 2175; x_wconf 85' lang='lat' dir='ltr'><strong>det</strong></span> <span class='ocrx_word' id='word_1_358' title='bbox 3528 2119 3789 2173; x_wconf 81' lang='lat' dir='ltr'><strong>benedictio-</strong></span> 
     </span>
    </p>
   </div>
   <div class='ocr_carea' id='block_1_49' title="bbox 2259 2208 3873 2293">
    <p class='ocr_par' dir='ltr' id='par_1_49' title="bbox 2259 2208 3873 2293">
     <span class='ocr_line' id='line_1_49' title="bbox 2259 2208 3873 2293; baseline -0.009 -21"><span class='ocrx_word' id='word_1_359' title='bbox 2259 2235 2393 2272; x_wconf 87' lang='lat' dir='ltr'><strong>nem.</strong></span> <span class='ocrx_word' id='word_1_360' title='bbox 2425 2216 2776 2286; x_wconf 86' lang='lat' dir='ltr'><strong>Omnipotens</strong></span> <span class='ocrx_word' id='word_1_361' title='bbox 2804 2215 2965 2278; x_wconf 89' lang='lat' dir='ltr'><strong>Deus,</strong></span> <span class='ocrx_word' id='word_1_362' title='bbox 2991 2212 3079 2284; x_wconf 90' lang='lat' dir='ltr'><strong>qui</strong></span> <span class='ocrx_word' id='word_1_363' title='bbox 3111 2227 3206 2267; x_wconf 85' lang='lat' dir='ltr'><strong>vos</strong></span> <span class='ocrx_word' id='word_1_364' title='bbox 3230 2211 3356 2265; x_wconf 83' lang='lat' dir='ltr'><strong>fecit</strong></span> <span class='ocrx_word' id='word_1_365' title='bbox 3375 2224 3523 2279; x_wconf 88' lang='lat' dir='ltr'><strong>aqua</strong></span> <span class='ocrx_word' id='word_1_366' title='bbox 3549 2208 3791 2277; x_wconf 77' lang='lat' dir='ltr'><strong>baptisma-</strong></span> <span class='ocrx_word' id='word_1_367' title='bbox 3872 2278 3873 2293; x_wconf 13' lang='grc' dir='ltr'>χ</span> 
     </span>
    </p>
   </div>
   <div class='ocr_carea' id='block_1_50' title="bbox 2259 2298 3789 2377">
    <p class='ocr_par' dir='ltr' id='par_1_50' title="bbox 2259 2298 3789 2377">
     <span class='ocr_line' id='line_1_50' title="bbox 2259 2298 3789 2377; baseline -0.009 -13"><span class='ocrx_word' id='word_1_368' title='bbox 2259 2310 2332 2364; x_wconf 89' lang='lat' dir='ltr'><strong>tis</strong></span> <span class='ocrx_word' id='word_1_369' title='bbox 2381 2308 2610 2374; x_wconf 89' lang='lat' dir='ltr'><strong>renasci,</strong></span> <span class='ocrx_word' id='word_1_370' title='bbox 2662 2308 2776 2377; x_wconf 91' lang='lat' dir='ltr'><strong>ipse</strong></span> <span class='ocrx_word' id='word_1_371' title='bbox 2826 2321 2923 2360; x_wconf 89' lang='lat' dir='ltr'><strong>vos</strong></span> <span class='ocrx_word' id='word_1_372' title='bbox 2967 2304 3287 2359; x_wconf 79' lang='lat' dir='ltr'><strong>corroboret</strong></span> <span class='ocrx_word' id='word_1_373' title='bbox 3333 2303 3483 2356; x_wconf 88' lang='lat' dir='ltr'><strong>dono</strong></span> <span class='ocrx_word' id='word_1_374' title='bbox 3537 2298 3789 2370; x_wconf 84' lang='lat' dir='ltr'><strong>septifonai</strong></span> 
     </span>
    </p>
   </div>
   <div class='ocr_carea' id='block_1_51' title="bbox 2260 2388 3873 2470">
    <p class='ocr_par' dir='ltr' id='par_1_51' title="bbox 2260 2388 3873 2470">
     <span class='ocr_line' id='line_1_51' title="bbox 2260 2388 3873 2470; baseline -0.011 -13"><span class='ocrx_word' id='word_1_375' title='bbox 2260 2400 2496 2470; x_wconf 85' lang='lat' dir='ltr'><strong>Spiritus</strong></span> <span class='ocrx_word' id='word_1_376' title='bbox 2517 2396 2775 2469; x_wconf 81' lang='lat' dir='ltr'><strong>paraclyti</strong></span> <span class='ocrx_word' id='word_1_377' title='bbox 2800 2414 2814 2450; x_wconf 88' lang='lat'><strong>:</strong></span> <span class='ocrx_word' id='word_1_378' title='bbox 2839 2395 2964 2467; x_wconf 88' lang='lat' dir='ltr'><strong>quia</strong></span> <span class='ocrx_word' id='word_1_379' title='bbox 2982 2394 3065 2450; x_wconf 87' lang='lat' dir='ltr'><strong>sic</strong></span> <span class='ocrx_word' id='word_1_380' title='bbox 3082 2393 3445 2449; x_wconf 86' lang='lat' dir='ltr'><strong>benedicetur</strong></span> <span class='ocrx_word' id='word_1_381' title='bbox 3462 2389 3634 2446; x_wconf 90' lang='lat' dir='ltr'><strong>omnis</strong></span> <span class='ocrx_word' id='word_1_382' title='bbox 3651 2388 3789 2447; x_wconf 75' lang='lat' dir='ltr'><strong>homo.</strong></span> <span class='ocrx_word' id='word_1_383' title='bbox 3872 2428 3873 2470; x_wconf 25' lang='grc' dir='ltr'>ἢ</span> 
     </span>
    </p>
   </div>
   <div class='ocr_carea' id='block_1_52' title="bbox 2258 2478 3791 2560">
    <p class='ocr_par' dir='ltr' id='par_1_52' title="bbox 2258 2478 3791 2560">
     <span class='ocr_line' id='line_1_52' title="bbox 2258 2478 3791 2560; baseline -0.012 -15"><span class='ocrx_word' id='word_1_384' title='bbox 2258 2491 2348 2560; x_wconf 88' lang='lat' dir='ltr'><strong>qui</strong></span> <span class='ocrx_word' id='word_1_385' title='bbox 2384 2490 2537 2544; x_wconf 88' lang='lat' dir='ltr'><strong>timet</strong></span> <span class='ocrx_word' id='word_1_386' title='bbox 2561 2487 2844 2542; x_wconf 85' lang='lat' dir='ltr'><strong>Dominum</strong></span> <span class='ocrx_word' id='word_1_387' title='bbox 2876 2496 2935 2539; x_wconf 93' lang='lat' dir='ltr'><strong>nt</strong></span> <span class='ocrx_word' id='word_1_388' title='bbox 2958 2484 3157 2539; x_wconf 87' lang='lat' dir='ltr'><strong>habeat</strong></span> <span class='ocrx_word' id='word_1_389' title='bbox 3196 2481 3346 2553; x_wconf 85' lang='lat' dir='ltr'><strong>regni</strong></span> <span class='ocrx_word' id='word_1_390' title='bbox 3379 2480 3623 2536; x_wconf 66' lang='lat' dir='ltr'><strong>caelestis</strong></span> <span class='ocrx_word' id='word_1_391' title='bbox 3662 2478 3791 2531; x_wconf 84' lang='lat' dir='ltr'><strong>intro-</strong></span> 
     </span>
    </p>
   </div>
   <div class='ocr_carea' id='block_1_53' title="bbox 2262 2568 3791 2636">
    <p class='ocr_par' dir='ltr' id='par_1_53' title="bbox 2262 2568 3791 2636">
     <span class='ocr_line' id='line_1_53' title="bbox 2262 2568 3791 2636; baseline -0.009 -1"><span class='ocrx_word' id='word_1_392' title='bbox 2262 2582 2418 2636; x_wconf 88' lang='lat' dir='ltr'><strong>itum.</strong></span> <span class='ocrx_word' id='word_1_393' title='bbox 2467 2581 2662 2634; x_wconf 86' lang='lat' dir='ltr'><strong>Amen.</strong></span> <span class='ocrx_word' id='word_1_394' title='bbox 2697 2576 2841 2631; x_wconf 82' lang='lat' dir='ltr'><strong>Alia.</strong></span> <span class='ocrx_word' id='word_1_395' title='bbox 2876 2575 3167 2631; x_wconf 86' lang='lat' dir='ltr'><strong>Benedicat</strong></span> <span class='ocrx_word' id='word_1_396' title='bbox 3192 2573 3344 2629; x_wconf 79' lang='lat' dir='ltr'><strong>vobis</strong></span> <span class='ocrx_word' id='word_1_397' title='bbox 3372 2587 3443 2629; x_wconf 78' lang='lat' dir='ltr'><strong>ex</strong></span> <span class='ocrx_word' id='word_1_398' title='bbox 3476 2571 3622 2633; x_wconf 89' lang='lat' dir='ltr'><strong>Sion,</strong></span> <span class='ocrx_word' id='word_1_399' title='bbox 3659 2578 3707 2623; x_wconf 92' lang='lat' dir='ltr'><strong>ut</strong></span> <span class='ocrx_word' id='word_1_400' title='bbox 3736 2568 3791 2622; x_wconf 65' lang='grc' dir='ltr'><strong>νὶ-</strong></span> 
     </span>
    </p>
   </div>
   <div class='ocr_carea' id='block_1_54' title="bbox 2262 2663 3788 2727">
    <p class='ocr_par' dir='ltr' id='par_1_54' title="bbox 2262 2663 3788 2727">
     <span class='ocr_line' id='line_1_54' title="bbox 2262 2663 3788 2727; baseline -0.01 -1"><span class='ocrx_word' id='word_1_401' title='bbox 2262 2672 2434 2727; x_wconf 82' lang='lat' dir='ltr'><strong>dentis</strong></span> <span class='ocrx_word' id='word_1_402' title='bbox 2463 2664 2601 2725; x_wconf 84' lang='lat' dir='ltr'><strong>bona</strong></span> <span class='ocrx_word' id='word_1_403' title='bbox 2627 2668 2927 2725; x_wconf 83' lang='lat' dir='ltr'><strong>Jerusalem</strong></span> <span class='ocrx_word' id='word_1_404' title='bbox 2959 2666 3210 2721; x_wconf 91' lang='lat' dir='ltr'><strong>omnibus</strong></span> <span class='ocrx_word' id='word_1_405' title='bbox 3237 2665 3435 2720; x_wconf 86' lang='lat' dir='ltr'><strong>diebus</strong></span> <span class='ocrx_word' id='word_1_406' title='bbox 3473 2663 3593 2716; x_wconf 59' lang='lat' dir='ltr'><strong>vita</strong></span> <span class='ocrx_word' id='word_1_407' title='bbox 3617 2668 3788 2718; x_wconf 67' lang='lat' dir='ltr'><strong>nostra.</strong></span> 
     </span>
    </p>
   </div>
   <div class='ocr_carea' id='block_1_55' title="bbox 2259 2748 3788 2820">
    <p class='ocr_par' dir='ltr' id='par_1_55' title="bbox 2259 2748 3788 2820">
     <span class='ocr_line' id='line_1_55' title="bbox 2259 2748 3788 2820; baseline -0.01 -4"><span class='ocrx_word' id='word_1_408' title='bbox 2259 2770 2314 2817; x_wconf 90' lang='lat' dir='ltr'><strong>et</strong></span> <span class='ocrx_word' id='word_1_409' title='bbox 2345 2762 2397 2816; x_wconf 92' lang='lat' dir='ltr'><strong>in</strong></span> <span class='ocrx_word' id='word_1_410' title='bbox 2442 2760 2694 2815; x_wconf 89' lang='lat' dir='ltr'><strong>omnibus</strong></span> <span class='ocrx_word' id='word_1_411' title='bbox 2722 2757 2953 2814; x_wconf 89' lang='lat' dir='ltr'><strong>sumatis</strong></span> <span class='ocrx_word' id='word_1_412' title='bbox 2980 2765 3192 2812; x_wconf 87' lang='lat' dir='ltr'><strong>scutum</strong></span> <span class='ocrx_word' id='word_1_413' title='bbox 3226 2754 3372 2820; x_wconf 87' lang='lat' dir='ltr'><strong>ﬁdei,</strong></span> <span class='ocrx_word' id='word_1_414' title='bbox 3429 2762 3489 2807; x_wconf 92' lang='lat' dir='ltr'><strong>ut</strong></span> <span class='ocrx_word' id='word_1_415' title='bbox 3533 2748 3788 2806; x_wconf 83' lang='lat' dir='ltr'><strong>mereamini</strong></span> 
     </span>
    </p>
   </div>
   <div class='ocr_carea' id='block_1_56' title="bbox 2262 2841 3873 2923">
    <p class='ocr_par' dir='ltr' id='par_1_56' title="bbox 2262 2841 3873 2923">
     <span class='ocr_line' id='line_1_56' title="bbox 2262 2841 3873 2923; baseline -0.009 -18"><span class='ocrx_word' id='word_1_416' title='bbox 2262 2851 2314 2906; x_wconf 94' lang='lat' dir='ltr'><strong>in</strong></span> <span class='ocrx_word' id='word_1_417' title='bbox 2359 2850 2556 2905; x_wconf 85' lang='lat' dir='ltr'><strong>castris</strong></span> <span class='ocrx_word' id='word_1_418' title='bbox 2605 2850 2792 2905; x_wconf 62' lang='lat' dir='ltr'><strong>aeterni</strong></span> <span class='ocrx_word' id='word_1_419' title='bbox 2838 2848 2982 2918; x_wconf 82' lang='lat' dir='ltr'><strong>regis</strong></span> <span class='ocrx_word' id='word_1_420' title='bbox 3017 2845 3234 2902; x_wconf 88' lang='lat' dir='ltr'><strong>ascribi.</strong></span> <span class='ocrx_word' id='word_1_421' title='bbox 3272 2844 3416 2898; x_wconf 82' lang='lat' dir='ltr'><strong>Alia.</strong></span> <span class='ocrx_word' id='word_1_422' title='bbox 3463 2841 3792 2907; x_wconf 80' lang='lat' dir='ltr'><strong>Custodiatqne</strong></span> <span class='ocrx_word' id='word_1_423' title='bbox 3872 2856 3873 2923; x_wconf 41' lang='lat'>1</span> 
     </span>
    </p>
   </div>
   <div class='ocr_carea' id='block_1_57' title="bbox 2260 2926 3873 3004">
    <p class='ocr_par' dir='ltr' id='par_1_57' title="bbox 2260 2926 3873 3004">
     <span class='ocr_line' id='line_1_57' title="bbox 2260 2926 3873 3004; baseline -0.01 -7"><span class='ocrx_word' id='word_1_424' title='bbox 2260 2926 2357 2997; x_wconf 74' lang='lat' dir='ltr'><strong>vos</strong></span> <span class='ocrx_word' id='word_1_425' title='bbox 2387 2942 2581 2997; x_wconf 89' lang='lat' dir='ltr'><strong>timore</strong></span> <span class='ocrx_word' id='word_1_426' title='bbox 2617 2939 2963 2996; x_wconf 87' lang='lat' dir='ltr'><strong>sanctissimo</strong></span> <span class='ocrx_word' id='word_1_427' title='bbox 3015 2938 3119 3004; x_wconf 89' lang='lat' dir='ltr'><strong>sui,</strong></span> <span class='ocrx_word' id='word_1_428' title='bbox 3161 2944 3217 2992; x_wconf 87' lang='lat' dir='ltr'><strong>et</strong></span> <span class='ocrx_word' id='word_1_429' title='bbox 3255 2935 3468 2991; x_wconf 85' lang='lat' dir='ltr'><strong>tribuat</strong></span> <span class='ocrx_word' id='word_1_430' title='bbox 3506 2933 3648 2989; x_wconf 85' lang='lat' dir='ltr'><strong>vobis</strong></span> <span class='ocrx_word' id='word_1_431' title='bbox 3684 2930 3792 3000; x_wconf 72' lang='lat' dir='ltr'><strong>pacis</strong></span> <span class='ocrx_word' id='word_1_432' title='bbox 3872 2974 3873 2981; x_wconf 48' lang='grc' dir='ltr'><strong>η</strong></span> 
     </span>
    </p>
   </div>
   <div class='ocr_carea' id='block_1_58' title="bbox 2260 3020 3873 3097">
    <p class='ocr_par' dir='ltr' id='par_1_58' title="bbox 2260 3020 3873 3097">
     <span class='ocr_line' id='line_1_58' title="bbox 2260 3020 3873 3097; baseline -0.011 -10"><span class='ocrx_word' id='word_1_433' title='bbox 2260 3033 2549 3097; x_wconf 90' lang='lat' dir='ltr'><strong>unitatem,</strong></span> <span class='ocrx_word' id='word_1_434' title='bbox 2578 3040 2632 3086; x_wconf 93' lang='lat' dir='ltr'><strong>et</strong></span> <span class='ocrx_word' id='word_1_435' title='bbox 2661 3039 2851 3087; x_wconf 88' lang='lat' dir='ltr'><strong>contra</strong></span> <span class='ocrx_word' id='word_1_436' title='bbox 2879 3043 3069 3084; x_wconf 88' lang='lat' dir='ltr'><strong>omnes</strong></span> <span class='ocrx_word' id='word_1_437' title='bbox 3097 3027 3284 3088; x_wconf 88' lang='lat' dir='ltr'><strong>hostes</strong></span> <span class='ocrx_word' id='word_1_438' title='bbox 3328 3023 3613 3079; x_wconf 71' lang='lat' dir='ltr'><strong>victoriam</strong></span> <span class='ocrx_word' id='word_1_439' title='bbox 3648 3020 3792 3074; x_wconf 78' lang='lat' dir='ltr'><strong>triau-</strong></span> <span class='ocrx_word' id='word_1_440' title='bbox 3872 3034 3873 3059; x_wconf 66' lang='lat'>1</span> 
     </span>
    </p>
   </div>
   <div class='ocr_carea' id='block_1_59' title="bbox 2260 3108 3873 3195">
    <p class='ocr_par' dir='ltr' id='par_1_59' title="bbox 2260 3108 3873 3195">
     <span class='ocr_line' id='line_1_59' title="bbox 2260 3108 3873 3195; baseline -0.012 -14"><span class='ocrx_word' id='word_1_441' title='bbox 2260 3125 2586 3195; x_wconf 89' lang='lat' dir='ltr'><strong>phalcm,ut</strong></span> <span class='ocrx_word' id='word_1_442' title='bbox 2626 3108 2960 3194; x_wconf 78' lang='lat' dir='ltr'><strong>signaculum</strong></span> <span class='ocrx_word' id='word_1_443' title='bbox 3015 3119 3159 3184; x_wconf 79' lang='lat' dir='ltr'><strong>ﬁdei,</strong></span> <span class='ocrx_word' id='word_1_444' title='bbox 3214 3117 3358 3189; x_wconf 88' lang='lat' dir='ltr'><strong>quod</strong></span> <span class='ocrx_word' id='word_1_445' title='bbox 3417 3115 3630 3180; x_wconf 86' lang='lat' dir='ltr'><strong>tenetis,</strong></span> <span class='ocrx_word' id='word_1_446' title='bbox 3665 3124 3791 3179; x_wconf 74' lang='lat' dir='ltr'><strong>usque</strong></span> <span class='ocrx_word' id='word_1_447' title='bbox 3872 3152 3873 3157; x_wconf 53' lang='grc' dir='ltr'><strong>η</strong></span> 
     </span>
    </p>
   </div>
   <div class='ocr_carea' id='block_1_60' title="bbox 577 3202 3791 3286">
    <p class='ocr_par' dir='ltr' id='par_1_60' title="bbox 577 3202 3791 3286">
     <span class='ocr_line' id='line_1_60' title="bbox 577 3202 3791 3286; baseline -0.002 -22"><span class='ocrx_word' id='word_1_448' title='bbox 577 3212 759 3269; x_wconf 85' lang='lat' dir='ltr'><strong>minus</strong></span> <span class='ocrx_word' id='word_1_449' title='bbox 806 3229 873 3269; x_wconf 80' lang='lat' dir='ltr'><strong>ex</strong></span> <span class='ocrx_word' id='word_1_450' title='bbox 924 3215 1108 3286; x_wconf 85' lang='lat' dir='ltr'><strong>Syon!</strong></span> <span class='ocrx_word' id='word_1_451' title='bbox 1158 3225 1213 3271; x_wconf 91' lang='lat' dir='ltr'><strong>et</strong></span> <span class='ocrx_word' id='word_1_452' title='bbox 1270 3218 1498 3273; x_wconf 81' lang='lat' dir='ltr'><strong>videatis</strong></span> <span class='ocrx_word' id='word_1_453' title='bbox 1541 3219 1681 3273; x_wconf 89' lang='lat' dir='ltr'><strong>bona</strong></span> <span class='ocrx_word' id='word_1_454' title='bbox 1732 3218 1784 3272; x_wconf 93' lang='lat' dir='ltr'><strong>in</strong></span> <span class='ocrx_word' id='word_1_455' title='bbox 1830 3216 2151 3281; x_wconf 73' lang='lat' dir='ltr'><strong>Jerusalem,</strong></span> <span class='ocrx_word' id='word_1_456' title='bbox 2181 3222 2227 3283; x_wconf 86' lang='lat' dir='ltr'><strong>C</strong></span> <span class='ocrx_word' id='word_1_457' title='bbox 2259 3206 2327 3272; x_wconf 40' lang='lat' dir='ltr'><strong>in‘</strong></span> <span class='ocrx_word' id='word_1_458' title='bbox 2361 3215 2521 3270; x_wconf 84' lang='lat' dir='ltr'><strong>tinem</strong></span> <span class='ocrx_word' id='word_1_459' title='bbox 2564 3214 2901 3284; x_wconf 81' lang='lat' dir='ltr'><strong>impollutam</strong></span> <span class='ocrx_word' id='word_1_460' title='bbox 2934 3209 3268 3266; x_wconf 82' lang='lat' dir='ltr'><strong>custodiatis.</strong></span> <span class='ocrx_word' id='word_1_461' title='bbox 3299 3208 3498 3262; x_wconf 86' lang='lat' dir='ltr'><strong>Amen.</strong></span> <span class='ocrx_word' id='word_1_462' title='bbox 3537 3204 3676 3272; x_wconf 79' lang='lat' dir='ltr'><strong>Quod</strong></span> <span class='ocrx_word' id='word_1_463' title='bbox 3708 3202 3791 3270; x_wconf 73' lang='lat' dir='ltr'><strong>ipse</strong></span> 
     </span>
    </p>
   </div>
   <div class='ocr_carea' id='block_1_61' title="bbox 579 3304 2157 3377">
    <p class='ocr_par' dir='ltr' id='par_1_61' title="bbox 579 3304 2157 3377">
     <span class='ocr_line' id='line_1_61' title="bbox 579 3304 2157 3377; baseline 0.004 -21"><span class='ocrx_word' id='word_1_464' title='bbox 579 3304 835 3360; x_wconf 83' lang='lat' dir='ltr'><strong>omnibus</strong></span> <span class='ocrx_word' id='word_1_465' title='bbox 877 3305 1068 3377; x_wconf 86' lang='lat' dir='ltr'><strong>diebus</strong></span> <span class='ocrx_word' id='word_1_466' title='bbox 1106 3308 1216 3363; x_wconf 86' lang='lat' dir='ltr'><strong>vite</strong></span> <span class='ocrx_word' id='word_1_467' title='bbox 1247 3316 1451 3365; x_wconf 85' lang='lat' dir='ltr'><strong>veslre.‘</strong></span> <span class='ocrx_word' id='word_1_468' title='bbox 1474 3309 1661 3365; x_wconf 80' lang='lat' dir='ltr'><strong>Gloria</strong></span> <span class='ocrx_word' id='word_1_469' title='bbox 1704 3307 1853 3363; x_wconf 80' lang='lat' dir='ltr'><strong>Patri</strong></span> <span class='ocrx_word' id='word_1_470' title='bbox 1896 3317 2005 3362; x_wconf 90' lang='lat' dir='ltr'><strong>etc.</strong></span> <span class='ocrx_word' id='word_1_471' title='bbox 2045 3306 2157 3362; x_wconf 78' lang='lat' dir='ltr'><strong>Pax</strong></span> 
     </span>
    </p>
   </div>
   <div class='ocr_carea' id='block_1_62' title="bbox 580 3397 2161 3477">
    <p class='ocr_par' dir='ltr' id='par_1_62' title="bbox 580 3397 2161 3477">
     <span class='ocr_line' id='line_1_62' title="bbox 580 3397 2161 3477; baseline 0.004 -29"><span class='ocrx_word' id='word_1_472' title='bbox 580 3400 779 3449; x_wconf 72' lang='lat' dir='ltr'><strong>teCum.</strong></span> <span class='ocrx_word' id='word_1_473' title='bbox 802 3397 885 3477; x_wconf 33' lang='lat' dir='ltr'><strong>IEt</strong></span> <span class='ocrx_word' id='word_1_474' title='bbox 919 3413 1041 3453; x_wconf 91' lang='lat' dir='ltr'><strong>cum</strong></span> <span class='ocrx_word' id='word_1_475' title='bbox 1075 3400 1266 3471; x_wconf 91' lang='lat' dir='ltr'><strong>spiritu</strong></span> <span class='ocrx_word' id='word_1_476' title='bbox 1296 3409 1406 3456; x_wconf 89' lang='lat' dir='ltr'><strong>tuo.</strong></span> <span class='ocrx_word' id='word_1_477' title='bbox 1444 3401 1695 3467; x_wconf 90' lang='lat' dir='ltr'><strong>Oremus,</strong></span> <span class='ocrx_word' id='word_1_478' title='bbox 1730 3400 1893 3468; x_wconf 89' lang='lat' dir='ltr'><strong>Deus,</strong></span> <span class='ocrx_word' id='word_1_479' title='bbox 1915 3400 2005 3470; x_wconf 90' lang='lat' dir='ltr'><strong>qui</strong></span> <span class='ocrx_word' id='word_1_480' title='bbox 2030 3414 2161 3470; x_wconf 90' lang='lat' dir='ltr'><strong>app-</strong></span> 
     </span>
    </p>
   </div>
   <div class='ocr_carea' id='block_1_63' title="bbox 581 3483 2159 3563">
    <p class='ocr_par' dir='ltr' id='par_1_63' title="bbox 581 3483 2159 3563">
     <span class='ocr_line' id='line_1_63' title="bbox 581 3483 2159 3563; baseline 0.006 -27"><span class='ocrx_word' id='word_1_481' title='bbox 581 3483 739 3539; x_wconf 83' lang='lat' dir='ltr'><strong>stolis</strong></span> <span class='ocrx_word' id='word_1_482' title='bbox 788 3486 893 3543; x_wconf 90' lang='lat' dir='ltr'><strong>tuis</strong></span> <span class='ocrx_word' id='word_1_483' title='bbox 944 3499 1193 3545; x_wconf 87' lang='lat' dir='ltr'><strong>sanctum</strong></span> <span class='ocrx_word' id='word_1_484' title='bbox 1239 3490 1436 3547; x_wconf 88' lang='lat' dir='ltr'><strong>dedisti</strong></span> <span class='ocrx_word' id='word_1_485' title='bbox 1486 3491 1770 3563; x_wconf 86' lang='lat' dir='ltr'><strong>Spiritum,</strong></span> <span class='ocrx_word' id='word_1_486' title='bbox 1822 3490 1878 3546; x_wconf 85' lang='lat' dir='ltr'><strong>et</strong></span> <span class='ocrx_word' id='word_1_487' title='bbox 1920 3505 2018 3561; x_wconf 91' lang='lat' dir='ltr'><strong>per</strong></span> <span class='ocrx_word' id='word_1_488' title='bbox 2064 3503 2159 3546; x_wconf 90' lang='lat' dir='ltr'><strong>eos</strong></span> 
     </span>
    </p>
   </div>
   <div class='ocr_carea' id='block_1_64' title="bbox 581 3580 2171 3661">
    <p class='ocr_par' dir='ltr' id='par_1_64' title="bbox 581 3580 2171 3661">
     <span class='ocr_line' id='line_1_64' title="bbox 581 3580 2171 3661; baseline 0.004 -33"><span class='ocrx_word' id='word_1_489' title='bbox 581 3588 879 3647; x_wconf 91' lang='lat' dir='ltr'><strong>eorumque</strong></span> <span class='ocrx_word' id='word_1_490' title='bbox 923 3595 1267 3638; x_wconf 85' lang='lat' dir='ltr'><strong>successores</strong></span> <span class='ocrx_word' id='word_1_491' title='bbox 1300 3584 1608 3652; x_wconf 83' lang='lat' dir='ltr'><strong>ceterisque</strong></span> <span class='ocrx_word' id='word_1_492' title='bbox 1654 3581 1904 3638; x_wconf 83' lang='lat' dir='ltr'><strong>liJelibus</strong></span> <span class='ocrx_word' id='word_1_493' title='bbox 1940 3580 2171 3661; x_wconf 28' lang='lat' dir='ltr'><strong>tradent</strong></span> 
     </span>
    </p>
   </div>
   <div class='ocr_carea' id='block_1_65' title="bbox 580 3665 2160 3744">
    <p class='ocr_par' dir='ltr' id='par_1_65' title="bbox 580 3665 2160 3744">
     <span class='ocr_line' id='line_1_65' title="bbox 580 3665 2160 3744; baseline 0.003 -23"><span class='ocrx_word' id='word_1_494' title='bbox 580 3665 709 3721; x_wconf 86' lang='lat' dir='ltr'><strong>dum</strong></span> <span class='ocrx_word' id='word_1_495' title='bbox 757 3681 879 3723; x_wconf 88' lang='lat' dir='ltr'><strong>esse</strong></span> <span class='ocrx_word' id='word_1_496' title='bbox 906 3670 1121 3727; x_wconf 90' lang='lat' dir='ltr'><strong>voluisti</strong></span> <span class='ocrx_word' id='word_1_497' title='bbox 1154 3691 1166 3726; x_wconf 89' lang='lat'><strong>:</strong></span> <span class='ocrx_word' id='word_1_498' title='bbox 1202 3672 1411 3744; x_wconf 84' lang='lat' dir='ltr'><strong>reSpice</strong></span> <span class='ocrx_word' id='word_1_499' title='bbox 1439 3672 1715 3744; x_wconf 90' lang='lat' dir='ltr'><strong>propicius</strong></span> <span class='ocrx_word' id='word_1_500' title='bbox 1738 3671 2160 3739; x_wconf 85' lang='lat' dir='ltr'><strong>adhumilitatis</strong></span> 
     </span>
    </p>
   </div>
   <div class='ocr_carea' id='block_1_66' title="bbox 581 3756 2162 3833">
    <p class='ocr_par' dir='ltr' id='par_1_66' title="bbox 581 3756 2162 3833">
     <span class='ocr_line' id='line_1_66' title="bbox 581 3756 2162 3833; baseline 0.005 -23"><span class='ocrx_word' id='word_1_501' title='bbox 581 3765 770 3812; x_wconf 82' lang='lat' dir='ltr'><strong>nostro</strong></span> <span class='ocrx_word' id='word_1_502' title='bbox 814 3756 1157 3828; x_wconf 87' lang='lat' dir='ltr'><strong>famulatum,</strong></span> <span class='ocrx_word' id='word_1_503' title='bbox 1205 3772 1260 3818; x_wconf 91' lang='lat' dir='ltr'><strong>et</strong></span> <span class='ocrx_word' id='word_1_504' title='bbox 1303 3774 1511 3833; x_wconf 89' lang='lat' dir='ltr'><strong>presta,</strong></span> <span class='ocrx_word' id='word_1_505' title='bbox 1562 3772 1621 3819; x_wconf 91' lang='lat' dir='ltr'><strong>ut</strong></span> <span class='ocrx_word' id='word_1_506' title='bbox 1660 3762 1818 3832; x_wconf 89' lang='lat' dir='ltr'><strong>hujus</strong></span> <span class='ocrx_word' id='word_1_507' title='bbox 1855 3778 1974 3827; x_wconf 89' lang='lat' dir='ltr'><strong>cor,</strong></span> <span class='ocrx_word' id='word_1_508' title='bbox 2005 3764 2162 3833; x_wconf 83' lang='lat' dir='ltr'><strong>cujus</strong></span> 
     </span>
    </p>
   </div>
   <div class='ocr_carea' id='block_1_67' title="bbox 581 3846 2161 3924">
    <p class='ocr_par' dir='ltr' id='par_1_67' title="bbox 581 3846 2161 3924">
     <span class='ocr_line' id='line_1_67' title="bbox 581 3846 2161 3924; baseline 0.005 -24"><span class='ocrx_word' id='word_1_509' title='bbox 581 3846 815 3904; x_wconf 90' lang='lat' dir='ltr'><strong>frontem</strong></span> <span class='ocrx_word' id='word_1_510' title='bbox 848 3865 1005 3907; x_wconf 82' lang='lat' dir='ltr'><strong>sacro</strong></span> <span class='ocrx_word' id='word_1_511' title='bbox 1026 3853 1319 3909; x_wconf 88' lang='lat' dir='ltr'><strong>chrismate</strong></span> <span class='ocrx_word' id='word_1_512' title='bbox 1338 3853 1705 3921; x_wconf 89' lang='lat' dir='ltr'><strong>delinivimus,</strong></span> <span class='ocrx_word' id='word_1_513' title='bbox 1726 3862 1781 3909; x_wconf 85' lang='lat' dir='ltr'><strong>et</strong></span> <span class='ocrx_word' id='word_1_514' title='bbox 1802 3853 1957 3924; x_wconf 88' lang='lat' dir='ltr'><strong>signo</strong></span> <span class='ocrx_word' id='word_1_515' title='bbox 1982 3853 2161 3908; x_wconf 88' lang='lat' dir='ltr'><strong>crucis</strong></span> 
     </span>
    </p>
   </div>
   <div class='ocr_carea' id='block_1_68' title="bbox 583 3934 2160 4017">
    <p class='ocr_par' dir='ltr' id='par_1_68' title="bbox 583 3934 2160 4017">
     <span class='ocr_line' id='line_1_68' title="bbox 583 3934 2160 4017; baseline 0.003 -25"><span class='ocrx_word' id='word_1_516' title='bbox 583 3936 1004 4009; x_wconf 88' lang='lat' dir='ltr'><strong>designavimus.</strong></span> <span class='ocrx_word' id='word_1_517' title='bbox 1059 3942 1193 3998; x_wconf 87' lang='lat' dir='ltr'><strong>Item</strong></span> <span class='ocrx_word' id='word_1_518' title='bbox 1263 3944 1501 4017; x_wconf 89' lang='lat' dir='ltr'><strong>Spiritus</strong></span> <span class='ocrx_word' id='word_1_519' title='bbox 1570 3957 1792 4001; x_wconf 86' lang='lat' dir='ltr'><strong>sanctus</strong></span> <span class='ocrx_word' id='word_1_520' title='bbox 1865 3934 2160 3999; x_wconf 84' lang='lat' dir='ltr'><strong>adveniens</strong></span> 
     </span>
    </p>
   </div>
   <div class='ocr_carea' id='block_1_69' title="bbox 2258 3297 3792 3377">
    <p class='ocr_par' dir='ltr' id='par_1_69' title="bbox 2258 3297 3792 3377">
     <span class='ocr_line' id='line_1_69' title="bbox 2258 3297 3792 3377; baseline -0.011 -16"><span class='ocrx_word' id='word_1_521' title='bbox 2258 3316 2519 3377; x_wconf 65' lang='lat' dir='ltr'><strong>praestare</strong></span> <span class='ocrx_word' id='word_1_522' title='bbox 2550 3304 2822 3374; x_wconf 81' lang='lat' dir='ltr'><strong>dignetur,</strong></span> <span class='ocrx_word' id='word_1_523' title='bbox 2850 3302 2942 3372; x_wconf 85' lang='lat' dir='ltr'><strong>qui</strong></span> <span class='ocrx_word' id='word_1_524' title='bbox 2970 3317 3091 3356; x_wconf 88' lang='lat' dir='ltr'><strong>eum</strong></span> <span class='ocrx_word' id='word_1_525' title='bbox 3116 3299 3278 3354; x_wconf 86' lang='lat' dir='ltr'><strong>Patre</strong></span> <span class='ocrx_word' id='word_1_526' title='bbox 3319 3308 3370 3353; x_wconf 90' lang='lat' dir='ltr'><strong>et</strong></span> <span class='ocrx_word' id='word_1_527' title='bbox 3408 3297 3614 3367; x_wconf 89' lang='lat' dir='ltr'><strong>Spiritu</strong></span> <span class='ocrx_word' id='word_1_528' title='bbox 3650 3300 3792 3347; x_wconf 79' lang='lat' dir='ltr'><strong>sancto</strong></span> 
     </span>
    </p>
   </div>
   <div class='ocr_carea' id='block_1_70' title="bbox 2261 3388 3873 3471">
    <p class='ocr_par' dir='ltr' id='par_1_70' title="bbox 2261 3388 3873 3471">
     <span class='ocr_line' id='line_1_70' title="bbox 2261 3388 3873 3471; baseline -0.009 -14"><span class='ocrx_word' id='word_1_529' title='bbox 2261 3403 2394 3457; x_wconf 88' lang='lat' dir='ltr'><strong>vivit</strong></span> <span class='ocrx_word' id='word_1_530' title='bbox 2415 3411 2472 3456; x_wconf 88' lang='lat' dir='ltr'><strong>et</strong></span> <span class='ocrx_word' id='word_1_531' title='bbox 2501 3400 2763 3471; x_wconf 78' lang='lat' dir='ltr'><strong>gloriatur</strong></span> <span class='ocrx_word' id='word_1_532' title='bbox 2793 3399 2934 3453; x_wconf 82' lang='lat' dir='ltr'><strong>Deus</strong></span> <span class='ocrx_word' id='word_1_533' title='bbox 2954 3410 3052 3466; x_wconf 91' lang='lat' dir='ltr'><strong>per</strong></span> <span class='ocrx_word' id='word_1_534' title='bbox 3070 3395 3251 3450; x_wconf 89' lang='lat' dir='ltr'><strong>omnia</strong></span> <span class='ocrx_word' id='word_1_535' title='bbox 3277 3392 3477 3447; x_wconf 76' lang='lat' dir='ltr'><strong>saecula</strong></span> <span class='ocrx_word' id='word_1_536' title='bbox 3506 3388 3789 3446; x_wconf 65' lang='lat' dir='ltr'><strong>saiculorust.</strong></span> <span class='ocrx_word' id='word_1_537' title='bbox 3872 3400 3873 3443; x_wconf 73' lang='lat'>1</span> 
     </span>
    </p>
   </div>
   <div class='ocr_carea' id='block_1_71' title="bbox 2261 3477 3790 3547">
    <p class='ocr_par' dir='ltr' id='par_1_71' title="bbox 2261 3477 3790 3547">
     <span class='ocr_line' id='line_1_71' title="bbox 2261 3477 3790 3547; baseline -0.014 0"><span class='ocrx_word' id='word_1_538' title='bbox 2261 3491 2457 3547; x_wconf 83' lang='lat' dir='ltr'><strong>Amen.</strong></span> <span class='ocrx_word' id='word_1_539' title='bbox 2518 3489 2832 3545; x_wconf 81' lang='lat' dir='ltr'><strong>Benedictio</strong></span> <span class='ocrx_word' id='word_1_540' title='bbox 2885 3487 2983 3542; x_wconf 85' lang='lat' dir='ltr'><strong>Dei</strong></span> <span class='ocrx_word' id='word_1_541' title='bbox 3031 3486 3309 3540; x_wconf 78' lang='lat' dir='ltr'><strong>Patriset</strong></span> <span class='ocrx_word' id='word_1_542' title='bbox 3348 3481 3476 3536; x_wconf 82' lang='lat' dir='ltr'><strong>Filii</strong></span> <span class='ocrx_word' id='word_1_543' title='bbox 3517 3489 3570 3534; x_wconf 89' lang='lat' dir='ltr'><strong>et</strong></span> <span class='ocrx_word' id='word_1_544' title='bbox 3606 3477 3790 3547; x_wconf 82' lang='lat' dir='ltr'><strong>Spiritus</strong></span> 
     </span>
    </p>
   </div>
   <div class='ocr_carea' id='block_1_72' title="bbox 2264 3562 3787 3645">
    <p class='ocr_par' dir='ltr' id='par_1_72' title="bbox 2264 3562 3787 3645">
     <span class='ocr_line' id='line_1_72' title="bbox 2264 3562 3787 3645; baseline -0.015 -6"><span class='ocrx_word' id='word_1_545' title='bbox 2264 3562 2437 3640; x_wconf 85' lang='lat' dir='ltr'><strong>sancti</strong></span> <span class='ocrx_word' id='word_1_546' title='bbox 2470 3582 2723 3638; x_wconf 84' lang='lat' dir='ltr'><strong>deseend.</strong></span> <span class='ocrx_word' id='word_1_547' title='bbox 2756 3579 3057 3633; x_wconf 72' lang='lat' dir='ltr'><strong>Benedictio</strong></span> <span class='ocrx_word' id='word_1_548' title='bbox 3104 3577 3230 3631; x_wconf 87' lang='lat' dir='ltr'><strong>item</strong></span> <span class='ocrx_word' id='word_1_549' title='bbox 3279 3590 3438 3645; x_wconf 83' lang='lat' dir='ltr'><strong>super</strong></span> <span class='ocrx_word' id='word_1_550' title='bbox 3487 3570 3787 3640; x_wconf 70' lang='lat' dir='ltr'><strong>conﬁrmatos.</strong></span> 
     </span>
    </p>
   </div>
   <div class='ocr_carea' id='block_1_73' title="bbox 2263 3655 3795 3735">
    <p class='ocr_par' dir='ltr' id='par_1_73' title="bbox 2263 3655 3795 3735">
     <span class='ocr_line' id='line_1_73' title="bbox 2263 3655 3795 3735; baseline -0.012 -7"><span class='ocrx_word' id='word_1_551' title='bbox 2263 3659 2556 3728; x_wconf 84' lang='lat' dir='ltr'><strong>Benedicat</strong></span> <span class='ocrx_word' id='word_1_552' title='bbox 2585 3682 2681 3725; x_wconf 87' lang='lat' dir='ltr'><strong>vos</strong></span> <span class='ocrx_word' id='word_1_553' title='bbox 2720 3678 2825 3725; x_wconf 88' lang='lat' dir='ltr'><strong>etc.</strong></span> <span class='ocrx_word' id='word_1_554' title='bbox 2876 3679 2932 3722; x_wconf 82' lang='lat' dir='ltr'><strong>ut</strong></span> <span class='ocrx_word' id='word_1_555' title='bbox 2972 3683 3155 3735; x_wconf 85' lang='lat' dir='ltr'><strong>supra.</strong></span> <span class='ocrx_word' id='word_1_556' title='bbox 3200 3666 3339 3720; x_wconf 79' lang='lat' dir='ltr'><strong>Alia.</strong></span> <span class='ocrx_word' id='word_1_557' title='bbox 3387 3662 3687 3719; x_wconf 85' lang='lat' dir='ltr'><strong>Benedictio</strong></span> <span class='ocrx_word' id='word_1_558' title='bbox 3724 3655 3795 3709; x_wconf 78' lang='lat' dir='ltr'><strong>Dei</strong></span> 
     </span>
    </p>
   </div>
   <div class='ocr_carea' id='block_1_74' title="bbox 2265 3747 3797 3833">
    <p class='ocr_par' dir='ltr' id='par_1_74' title="bbox 2265 3747 3797 3833">
     <span class='ocr_line' id='line_1_74' title="bbox 2265 3747 3797 3833; baseline -0.012 -16"><span class='ocrx_word' id='word_1_559' title='bbox 2265 3763 2447 3818; x_wconf 86' lang='lat' dir='ltr'><strong>Patris</strong></span> <span class='ocrx_word' id='word_1_560' title='bbox 2476 3770 2531 3815; x_wconf 91' lang='lat' dir='ltr'><strong>et</strong></span> <span class='ocrx_word' id='word_1_561' title='bbox 2558 3760 2675 3815; x_wconf 81' lang='lat' dir='ltr'><strong>Filii</strong></span> <span class='ocrx_word' id='word_1_562' title='bbox 2707 3768 2762 3814; x_wconf 92' lang='lat' dir='ltr'><strong>et</strong></span> <span class='ocrx_word' id='word_1_563' title='bbox 2801 3757 3037 3826; x_wconf 88' lang='lat' dir='ltr'><strong>Spiritus</strong></span> <span class='ocrx_word' id='word_1_564' title='bbox 3066 3756 3262 3812; x_wconf 87' lang='lat' dir='ltr'><strong>sancti.</strong></span> <span class='ocrx_word' id='word_1_565' title='bbox 3305 3754 3372 3810; x_wconf 86' lang='lat' dir='ltr'><strong>Et</strong></span> <span class='ocrx_word' id='word_1_566' title='bbox 3396 3769 3505 3824; x_wconf 78' lang='lat' dir='ltr'><strong>pax</strong></span> <span class='ocrx_word' id='word_1_567' title='bbox 3537 3748 3719 3806; x_wconf 83' lang='lat' dir='ltr'><strong>Domini</strong></span> <span class='ocrx_word' id='word_1_568' title='bbox 3739 3747 3797 3833; x_wconf 80' lang='lat' dir='ltr'><strong>sit</strong></span> 
     </span>
    </p>
   </div>
   <div class='ocr_carea' id='block_1_75' title="bbox 2263 3842 3790 3923">
    <p class='ocr_par' dir='ltr' id='par_1_75' title="bbox 2263 3842 3790 3923">
     <span class='ocr_line' id='line_1_75' title="bbox 2263 3842 3790 3923; baseline -0.01 -14"><span class='ocrx_word' id='word_1_569' title='bbox 2263 3866 2477 3923; x_wconf 88' lang='lat' dir='ltr'><strong>semper</strong></span> <span class='ocrx_word' id='word_1_570' title='bbox 2504 3852 2801 3907; x_wconf 85' lang='lat' dir='ltr'><strong>vobiscum.</strong></span> <span class='ocrx_word' id='word_1_571' title='bbox 2849 3849 2917 3904; x_wconf 87' lang='lat' dir='ltr'><strong>Et</strong></span> <span class='ocrx_word' id='word_1_572' title='bbox 2962 3862 3086 3904; x_wconf 87' lang='lat' dir='ltr'><strong>cum</strong></span> <span class='ocrx_word' id='word_1_573' title='bbox 3126 3846 3317 3917; x_wconf 91' lang='lat' dir='ltr'><strong>spiritu</strong></span> <span class='ocrx_word' id='word_1_574' title='bbox 3348 3854 3463 3901; x_wconf 92' lang='lat' dir='ltr'><strong>tuo.</strong></span> <span class='ocrx_word' id='word_1_575' title='bbox 3492 3843 3569 3899; x_wconf 81' lang='lat' dir='ltr'><strong>[te</strong></span> <span class='ocrx_word' id='word_1_576' title='bbox 3597 3842 3643 3897; x_wconf 89' lang='lat' dir='ltr'><strong>in</strong></span> <span class='ocrx_word' id='word_1_577' title='bbox 3677 3850 3790 3909; x_wconf 75' lang='lat' dir='ltr'><strong>pace.</strong></span> 
     </span>
    </p>
   </div>
   <div class='ocr_carea' id='block_1_76' title="bbox 2272 3943 2635 4014">
    <p class='ocr_par' dir='ltr' id='par_1_76' title="bbox 2272 3943 2635 4014">
     <span class='ocr_line' id='line_1_76' title="bbox 2272 3943 2635 4014; baseline -0.006 -15"><span class='ocrx_word' id='word_1_578' title='bbox 2272 3944 2383 3999; x_wconf 88' lang='lat' dir='ltr'><strong>Deo</strong></span> <span class='ocrx_word' id='word_1_579' title='bbox 2407 3943 2635 4014; x_wconf 87' lang='lat' dir='ltr'><strong>gratias.</strong></span> 
     </span>
    </p>
   </div>
   <div class='ocr_carea' id='block_1_77' title="bbox 587 4060 3789 4103">
    <p class='ocr_par' dir='ltr' id='par_1_77' title="bbox 587 4060 3789 4103">
     <span class='ocr_line' id='line_1_77' title="bbox 587 4060 3789 4103; baseline -0.003 -15"><span class='ocrx_word' id='word_1_580' title='bbox 587 4060 3789 4103; x_wconf 55' lang='lat' dir='ltr'><em>W</em></span> 
     </span>
    </p>
   </div>
   <div class='ocr_carea' id='block_1_78' title="bbox 1479 4158 2947 4303">
    <p class='ocr_par' dir='ltr' id='par_1_78' title="bbox 1479 4158 2947 4303">
     <span class='ocr_line' id='line_1_78' title="bbox 1479 4158 2947 4303; baseline -0.003 -5"><span class='ocrx_word' id='word_1_581' title='bbox 1479 4212 2063 4303; x_wconf 78' lang='lat' dir='ltr'><strong>JUDICIU‘M</strong></span> <span class='ocrx_word' id='word_1_582' title='bbox 2096 4158 2947 4298; x_wconf 41' lang='lat' dir='ltr'><strong>&quot;PtENITENTIS.</strong></span> 
     </span>
    </p>
   </div>
   <div class='ocr_carea' id='block_1_79' title="bbox 1153 4369 3207 4454">
    <p class='ocr_par' dir='ltr' id='par_1_79' title="bbox 1153 4369 3207 4454">
     <span class='ocr_line' id='line_1_79' title="bbox 1153 4369 3207 4454; baseline -0.001 -18"><span class='ocrx_word' id='word_1_583' title='bbox 1153 4382 1254 4452; x_wconf 78' lang='lat' dir='ltr'><strong>(Ex</strong></span> <span class='ocrx_word' id='word_1_584' title='bbox 1279 4383 1657 4454; x_wconf 87' lang='lat' dir='ltr'><strong>antiquissimo</strong></span> <span class='ocrx_word' id='word_1_585' title='bbox 1680 4383 2014 4440; x_wconf 64' lang='lat' dir='ltr'><strong>Alcmannim</strong></span> <span class='ocrx_word' id='word_1_586' title='bbox 2040 4369 2472 4438; x_wconf 67' lang='lat' dir='ltr'><strong>sacrameiitario</strong></span> <span class='ocrx_word' id='word_1_587' title='bbox 2495 4382 2779 4451; x_wconf 81' lang='lat' dir='ltr'><strong>Rbenaug.</strong></span> <span class='ocrx_word' id='word_1_588' title='bbox 2803 4394 2932 4435; x_wconf 90' lang='lat' dir='ltr'><strong>anu.</strong></span> <span class='ocrx_word' id='word_1_589' title='bbox 2950 4376 3021 4433; x_wconf 78' lang='grc' dir='ltr'><strong>Μ.</strong></span> <span class='ocrx_word' id='word_1_590' title='bbox 3044 4377 3207 4451; x_wconf 85' lang='lat' dir='ltr'><strong>circ.)</strong></span> 
     </span>
    </p>
   </div>
   <div class='ocr_carea' id='block_1_80' title="bbox 655 4618 3787 4699">
    <p class='ocr_par' dir='ltr' id='par_1_80' title="bbox 655 4618 3787 4699">
     <span class='ocr_line' id='line_1_80' title="bbox 655 4618 3787 4699; baseline -0.003 -19"><span class='ocrx_word' id='word_1_591' title='bbox 655 4625 1003 4682; x_wconf 88' lang='lat' dir='ltr'><strong>Diversarum</strong></span> <span class='ocrx_word' id='word_1_592' title='bbox 1048 4625 1122 4695; x_wconf 92' lang='lat'><strong>(8)</strong></span> <span class='ocrx_word' id='word_1_593' title='bbox 1168 4625 1448 4696; x_wconf 89' lang='lat' dir='ltr'><strong>culparum</strong></span> <span class='ocrx_word' id='word_1_594' title='bbox 1481 4627 1851 4683; x_wconf 85' lang='lat' dir='ltr'><strong>diversitatem</strong></span> <span class='ocrx_word' id='word_1_595' title='bbox 1896 4627 2026 4683; x_wconf 88' lang='lat' dir='ltr'><strong>facit</strong></span> <span class='ocrx_word' id='word_1_596' title='bbox 2074 4642 2164 4697; x_wconf 38' lang='lat' dir='ltr'><strong>pc,</strong></span> <span class='ocrx_word' id='word_1_597' title='bbox 2197 4637 2244 4696; x_wconf 77' lang='grc' dir='ltr'><strong>ι)</strong></span> <span class='ocrx_word' id='word_1_598' title='bbox 2273 4643 2367 4683; x_wconf 88' lang='lat' dir='ltr'><strong>nes</strong></span> <span class='ocrx_word' id='word_1_599' title='bbox 2413 4625 2490 4699; x_wconf 84' lang='lat'><strong>(9)</strong></span> <span class='ocrx_word' id='word_1_600' title='bbox 2535 4634 2749 4683; x_wconf 88' lang='lat' dir='ltr'><strong>curant.</strong></span> <span class='ocrx_word' id='word_1_601' title='bbox 2799 4627 2874 4682; x_wconf 85' lang='lat' dir='ltr'><strong>ita</strong></span> <span class='ocrx_word' id='word_1_602' title='bbox 2941 4627 3107 4699; x_wconf 77' lang='lat' dir='ltr'><strong>igitur</strong></span> <span class='ocrx_word' id='word_1_603' title='bbox 3161 4634 3218 4682; x_wconf 88' lang='lat' dir='ltr'><strong>et</strong></span> <span class='ocrx_word' id='word_1_604' title='bbox 3276 4624 3584 4696; x_wconf 83' lang='lat' dir='ltr'><strong>spirituales</strong></span> <span class='ocrx_word' id='word_1_605' title='bbox 3635 4618 3787 4676; x_wconf 84' lang='lat' dir='ltr'><strong>medici</strong></span> 
     </span>
    </p>
   </div>
   <div class='ocr_carea' id='block_1_81' title="bbox 582 4715 2162 4787">
    <p class='ocr_par' dir='ltr' id='par_1_81' title="bbox 582 4715 2162 4787">
     <span class='ocr_line' id='line_1_81' title="bbox 582 4715 2162 4787; baseline 0.001 -17"><span class='ocrx_word' id='word_1_606' title='bbox 582 4715 965 4783; x_wconf 87' lang='lat' dir='ltr'><strong>nitentiarum;</strong></span> <span class='ocrx_word' id='word_1_607' title='bbox 999 4733 1121 4771; x_wconf 88' lang='lat' dir='ltr'><strong>nam</strong></span> <span class='ocrx_word' id='word_1_608' title='bbox 1153 4727 1209 4772; x_wconf 92' lang='lat' dir='ltr'><strong>et</strong></span> <span class='ocrx_word' id='word_1_609' title='bbox 1254 4732 1542 4787; x_wconf 84' lang='lat' dir='ltr'><strong>corporum</strong></span> <span class='ocrx_word' id='word_1_610' title='bbox 1577 4719 1769 4773; x_wconf 88' lang='lat' dir='ltr'><strong>medici</strong></span> <span class='ocrx_word' id='word_1_611' title='bbox 1800 4718 2014 4773; x_wconf 87' lang='lat' dir='ltr'><strong>diversa</strong></span> <span class='ocrx_word' id='word_1_612' title='bbox 2047 4734 2162 4772; x_wconf 89' lang='lat' dir='ltr'><strong>me-</strong></span> 
     </span>
    </p>
   </div>
   <div class='ocr_carea' id='block_1_82' title="bbox 584 4806 2165 4880">
    <p class='ocr_par' dir='ltr' id='par_1_82' title="bbox 584 4806 2165 4880">
     <span class='ocr_line' id='line_1_82' title="bbox 584 4806 2165 4880; baseline 0.001 -18"><span class='ocrx_word' id='word_1_613' title='bbox 584 4806 888 4863; x_wconf 87' lang='lat' dir='ltr'><strong>dicamenta</strong></span> <span class='ocrx_word' id='word_1_614' title='bbox 925 4810 1215 4880; x_wconf 85' lang='lat' dir='ltr'><strong>generibus</strong></span> <span class='ocrx_word' id='word_1_615' title='bbox 1249 4819 1608 4879; x_wconf 88' lang='lat' dir='ltr'><strong>componunt;</strong></span> <span class='ocrx_word' id='word_1_616' title='bbox 1657 4810 1814 4866; x_wconf 90' lang='lat' dir='ltr'><strong>aliter</strong></span> <span class='ocrx_word' id='word_1_617' title='bbox 1856 4810 2000 4865; x_wconf 90' lang='lat' dir='ltr'><strong>enim</strong></span> <span class='ocrx_word' id='word_1_618' title='bbox 2050 4810 2165 4864; x_wconf 83' lang='lat' dir='ltr'><strong>vul-</strong></span> 
     </span>
    </p>
   </div>
   <div class='ocr_carea' id='block_1_83' title="bbox 585 4899 2165 4970">
    <p class='ocr_par' dir='ltr' id='par_1_83' title="bbox 585 4899 2165 4970">
     <span class='ocr_line' id='line_1_83' title="bbox 585 4899 2165 4970; baseline -0.001 -15"><span class='ocrx_word' id='word_1_619' title='bbox 585 4916 738 4966; x_wconf 86' lang='lat' dir='ltr'><strong>nera,</strong></span> <span class='ocrx_word' id='word_1_620' title='bbox 763 4899 919 4956; x_wconf 89' lang='lat' dir='ltr'><strong>aliter</strong></span> <span class='ocrx_word' id='word_1_621' title='bbox 945 4900 1216 4965; x_wconf 88' lang='lat' dir='ltr'><strong>morbum,</strong></span> <span class='ocrx_word' id='word_1_622' title='bbox 1248 4900 1406 4955; x_wconf 89' lang='lat' dir='ltr'><strong>aliter</strong></span> <span class='ocrx_word' id='word_1_623' title='bbox 1437 4910 1696 4966; x_wconf 85' lang='lat' dir='ltr'><strong>tumores,</strong></span> <span class='ocrx_word' id='word_1_624' title='bbox 1729 4901 1886 4955; x_wconf 88' lang='lat' dir='ltr'><strong>aliter</strong></span> <span class='ocrx_word' id='word_1_625' title='bbox 1923 4900 2165 4970; x_wconf 85' lang='lat' dir='ltr'><strong>putredi-</strong></span> 
     </span>
    </p>
   </div>
   <div class='ocr_carea' id='block_1_84' title="bbox 655 5031 2167 5103">
    <p class='ocr_par' dir='ltr' id='par_1_84' title="bbox 655 5031 2167 5103">
     <span class='ocr_line' id='line_1_84' title="bbox 655 5031 2167 5103; baseline -0.001 -15"><span class='ocrx_word' id='word_1_626' title='bbox 655 5031 732 5103; x_wconf 84' lang='lat'><strong>(7)</strong></span> <span class='ocrx_word' id='word_1_627' title='bbox 771 5032 863 5088; x_wconf 91' lang='lat' dir='ltr'><strong>Sic</strong></span> <span class='ocrx_word' id='word_1_628' title='bbox 907 5032 1224 5090; x_wconf 87' lang='lat' dir='ltr'><strong>inscribitur</strong></span> <span class='ocrx_word' id='word_1_629' title='bbox 1257 5034 1393 5088; x_wconf 86' lang='lat' dir='ltr'><strong>ordo</strong></span> <span class='ocrx_word' id='word_1_630' title='bbox 1435 5033 1868 5089; x_wconf 84' lang='lat' dir='ltr'><strong>confirmationis</strong></span> <span class='ocrx_word' id='word_1_631' title='bbox 1897 5031 2019 5089; x_wconf 86' lang='lat' dir='ltr'><strong>cum</strong></span> <span class='ocrx_word' id='word_1_632' title='bbox 2068 5034 2167 5088; x_wconf 83' lang='lat' dir='ltr'><strong>lio-</strong></span> 
     </span>
    </p>
   </div>
   <div class='ocr_carea' id='block_1_85' title="bbox 585 5104 2164 5167">
    <p class='ocr_par' dir='ltr' id='par_1_85' title="bbox 585 5104 2164 5167">
     <span class='ocr_line' id='line_1_85' title="bbox 585 5104 2164 5167; baseline 0 -10"><span class='ocrx_word' id='word_1_633' title='bbox 585 5104 774 5158; x_wconf 88' lang='lat' dir='ltr'><strong>dierno</strong></span> <span class='ocrx_word' id='word_1_634' title='bbox 804 5104 908 5158; x_wconf 88' lang='lat' dir='ltr'><strong>ritu</strong></span> <span class='ocrx_word' id='word_1_635' title='bbox 954 5104 1067 5160; x_wconf 90' lang='lat' dir='ltr'><strong>fere</strong></span> <span class='ocrx_word' id='word_1_636' title='bbox 1108 5105 1461 5166; x_wconf 86' lang='lat' dir='ltr'><strong>conveniens.</strong></span> <span class='ocrx_word' id='word_1_637' title='bbox 1511 5105 1576 5158; x_wconf 89' lang='lat' dir='ltr'><strong>iis</strong></span> <span class='ocrx_word' id='word_1_638' title='bbox 1619 5105 1997 5167; x_wconf 83' lang='lat' dir='ltr'><strong>contormiter,</strong></span> <span class='ocrx_word' id='word_1_639' title='bbox 2045 5120 2164 5166; x_wconf 72' lang='lat' dir='ltr'><strong>qua:</strong></span> 
     </span>
    </p>
   </div>
   <div class='ocr_carea' id='block_1_86' title="bbox 585 5174 1923 5242">
    <p class='ocr_par' dir='ltr' id='par_1_86' title="bbox 585 5174 1923 5242">
     <span class='ocr_line' id='line_1_86' title="bbox 585 5174 1923 5242; baseline -0.002 -15"><span class='ocrx_word' id='word_1_640' title='bbox 585 5175 1000 5242; x_wconf 88' lang='lat' dir='ltr'><strong>antiquissimus</strong></span> <span class='ocrx_word' id='word_1_641' title='bbox 1043 5190 1110 5230; x_wconf 86' lang='lat' dir='ltr'><strong>ex</strong></span> <span class='ocrx_word' id='word_1_642' title='bbox 1152 5174 1357 5229; x_wconf 52' lang='lat' dir='ltr'><strong>Latinis</strong></span> <span class='ocrx_word' id='word_1_643' title='bbox 1400 5175 1571 5204; x_wconf 55' lang='grc' dir='ltr'><strong>ηυντ·</strong></span> <span class='ocrx_word' id='word_1_644' title='bbox 1702 5174 1743 5186; x_wconf 77' lang='grc'><em>’“</em></span> 
     </span>
    </p>
   </div>
   <div class='ocr_carea' id='block_1_87' title="bbox 2273 4710 3783 4788">
    <p class='ocr_par' dir='ltr' id='par_1_87' title="bbox 2273 4710 3783 4788">
     <span class='ocr_line' id='line_1_87' title="bbox 2273 4710 3783 4788; baseline -0.005 -17"><span class='ocrx_word' id='word_1_645' title='bbox 2273 4718 2503 4772; x_wconf 75' lang='lat' dir='ltr'><strong>diversis</strong></span> <span class='ocrx_word' id='word_1_646' title='bbox 2550 4718 2895 4772; x_wconf 90' lang='lat' dir='ltr'><strong>curationum</strong></span> <span class='ocrx_word' id='word_1_647' title='bbox 2925 4716 3217 4788; x_wconf 82' lang='lat' dir='ltr'><strong>generibus</strong></span> <span class='ocrx_word' id='word_1_648' title='bbox 3255 4716 3552 4769; x_wconf 88' lang='lat' dir='ltr'><strong>animarum</strong></span> <span class='ocrx_word' id='word_1_649' title='bbox 3590 4710 3783 4771; x_wconf 80' lang='lat' dir='ltr'><strong>vulnera.</strong></span> 
     </span>
    </p>
   </div>
   <div class='ocr_carea' id='block_1_88' title="bbox 2273 4796 3785 4879">
    <p class='ocr_par' dir='ltr' id='par_1_88' title="bbox 2273 4796 3785 4879">
     <span class='ocr_line' id='line_1_88' title="bbox 2273 4796 3785 4879; baseline -0.008 -16"><span class='ocrx_word' id='word_1_650' title='bbox 2273 4796 2537 4874; x_wconf 87' lang='lat' dir='ltr'><strong>morbum,</strong></span> <span class='ocrx_word' id='word_1_651' title='bbox 2572 4807 2779 4879; x_wconf 84' lang='lat' dir='ltr'><strong>culpas,</strong></span> <span class='ocrx_word' id='word_1_652' title='bbox 2813 4807 3051 4872; x_wconf 85' lang='lat' dir='ltr'><strong>dolores,</strong></span> <span class='ocrx_word' id='word_1_653' title='bbox 3097 4805 3447 4876; x_wconf 82' lang='lat' dir='ltr'><strong>egritudines,</strong></span> <span class='ocrx_word' id='word_1_654' title='bbox 3496 4801 3785 4858; x_wconf 81' lang='lat' dir='ltr'><strong>inﬁrmitates</strong></span> 
     </span>
    </p>
   </div>
   <div class='ocr_carea' id='block_1_89' title="bbox 2273 4886 3784 4970">
    <p class='ocr_par' dir='ltr' id='par_1_89' title="bbox 2273 4886 3784 4970">
     <span class='ocr_line' id='line_1_89' title="bbox 2273 4886 3784 4970; baseline -0.007 -15"><span class='ocrx_word' id='word_1_655' title='bbox 2273 4916 2464 4955; x_wconf 88' lang='lat' dir='ltr'><strong>sanare</strong></span> <span class='ocrx_word' id='word_1_656' title='bbox 2492 4899 2687 4956; x_wconf 88' lang='lat' dir='ltr'><strong>debent</strong></span> <span class='ocrx_word' id='word_1_657' title='bbox 2709 4898 2844 4970; x_wconf 87' lang='grc' dir='ltr'><strong>(ιο).</strong></span> <span class='ocrx_word' id='word_1_658' title='bbox 2865 4897 2972 4953; x_wconf 86' lang='lat' dir='ltr'><strong>Sed</strong></span> <span class='ocrx_word' id='word_1_659' title='bbox 2993 4897 3119 4968; x_wconf 83' lang='lat' dir='ltr'><strong>quia</strong></span> <span class='ocrx_word' id='word_1_660' title='bbox 3148 4897 3251 4952; x_wconf 88' lang='lat' dir='ltr'><strong>hec</strong></span> <span class='ocrx_word' id='word_1_661' title='bbox 3276 4909 3563 4968; x_wconf 88' lang='lat' dir='ltr'><strong>paucorum</strong></span> <span class='ocrx_word' id='word_1_662' title='bbox 3584 4900 3713 4955; x_wconf 87' lang='lat' dir='ltr'><strong>sunt,</strong></span> <span class='ocrx_word' id='word_1_663' title='bbox 3734 4886 3784 4940; x_wconf 78' lang='lat' dir='ltr'><strong>ad</strong></span> 
     </span>
    </p>
   </div>
   <div class='ocr_carea' id='block_1_90' title="bbox 2341 5022 3782 5105">
    <p class='ocr_par' dir='ltr' id='par_1_90' title="bbox 2341 5022 3782 5105">
     <span class='ocr_line' id='line_1_90' title="bbox 2341 5022 3782 5105; baseline -0.013 -16"><span class='ocrx_word' id='word_1_664' title='bbox 2341 5034 2416 5105; x_wconf 92' lang='lat'><strong>(8)</strong></span> <span class='ocrx_word' id='word_1_665' title='bbox 2458 5032 2711 5089; x_wconf 55' lang='lat' dir='ltr'><strong>Praefatio</strong></span> <span class='ocrx_word' id='word_1_666' title='bbox 2759 5032 2874 5087; x_wconf 70' lang='lat' dir='ltr'><strong>haec</strong></span> <span class='ocrx_word' id='word_1_667' title='bbox 2919 5032 3130 5105; x_wconf 79' lang='lat' dir='ltr'><strong>integra</strong></span> <span class='ocrx_word' id='word_1_668' title='bbox 3170 5029 3403 5105; x_wconf 70' lang='lat' dir='ltr'><strong>habetur</strong></span> <span class='ocrx_word' id='word_1_669' title='bbox 3431 5028 3480 5105; x_wconf 81' lang='lat' dir='ltr'><strong>in</strong></span> <span class='ocrx_word' id='word_1_670' title='bbox 3510 5022 3782 5105; x_wconf 58' lang='lat' dir='ltr'><strong>colluuione</strong></span> 
     </span>
    </p>
   </div>
   <div class='ocr_carea' id='block_1_91' title="bbox 2270 5094 3780 5160">
    <p class='ocr_par' dir='ltr' id='par_1_91' title="bbox 2270 5094 3780 5160">
     <span class='ocr_line' id='line_1_91' title="bbox 2270 5094 3780 5160; baseline -0.005 -1"><span class='ocrx_word' id='word_1_671' title='bbox 2270 5094 2488 5160; x_wconf 76' lang='lat' dir='ltr'><strong>autitina</strong></span> <span class='ocrx_word' id='word_1_672' title='bbox 2516 5117 2785 5158; x_wconf 85' lang='lat' dir='ltr'><strong>canonum</strong></span> <span class='ocrx_word' id='word_1_673' title='bbox 2814 5102 2980 5156; x_wconf 80' lang='lat' dir='ltr'><strong>omni!</strong></span> <span class='ocrx_word' id='word_1_674' title='bbox 3034 5094 3193 5136; x_wconf 46' lang='lat' dir='ltr'><strong>few&quot;</strong></span> <span class='ocrx_word' id='word_1_675' title='bbox 3227 5098 3540 5130; x_wconf 72' lang='lat'><strong>“&quot;&quot;“&quot;&quot;&quot;</strong></span> <span class='ocrx_word' id='word_1_676' title='bbox 3567 5094 3780 5138; x_wconf 56' lang='lat' dir='ltr'><strong>“W9”-</strong></span> 
     </span>
    </p>
   </div>
  </div>
