3924 6318
169 287 262 342 961
1404 299 1714 357 JUDICIUM
1758 299 2227 358 PCENITENTIS.

3323 300 3428 358 962

165 417 358 472 parum
386 403 593 461 scilicet
635 417 829 463 cuncta
859 423 1208 480 cognoscere,
1237 420 1291 468 et
1333 429 1545 477 curare,
1577 424 1739 484 atque
1768 419 1812 474 Α
1846 420 2150 474 adtestante
2183 435 2194 470 :
2227 417 2329 483 Qui
2354 419 2581 474 converti
2609 418 2788 488 fecerit
2819 426 3141 484 pet-calorem
3165 418 3228 471 ab
3250 411 3426 472 errore

164 498 230 552 ad
262 499 375 570 (11)
424 501 689 572 integrum
729 504 918 560 salutis
967 515 1168 562 statum
1200 508 1397 564 debent
1447 523 1739 573 revocare;

166 588 394 660 ideoque
432 593 511 647 vel
542 609 709 664 pauca
744 595 900 664 juxta
942 599 1216 654 seniorum
1248 601 1582 656 traditiones
1606 601 1742 671 (12),

155 678 317 748 juxta
365 693 604 739 nostram
648 702 716 741 ex
766 697 920 758 parte
965 690 1374 762 intelligentiam
1421 711 1433 746 :
1475 708 1542 747 ex
1590 702 1744 763 parte

159 786 400 842 namque
450 777 855 846 prophetamus,
911 790 965 835 et
1012 797 1078 837 ex
1124 792 1276 851 parte
1327 785 1737 854 cognoscimus;

160 861 343 931 aliqua
376 880 759 935 proponamus,
790 872 932 938 quod
965 871 1033 926 ab
1073 873 1370 927 remedium
1416 873 1594 927 anime
1621 889 1744 943 per-

161 953 320 1015 tinet,
356 964 412 1008 et
441 957 504 1011 de
536 960 788 1014 remediis
821 961 1104 1016 vulnerum
1146 965 1443 1018 secundum
1495 966 1740 1034 priorum

157 1041 389 1098 Patrum
418 1046 766 1104 diiIinitiones
793 1051 1020 1118 dicturi;
1056 1053 1200 1107 sacri
1230 1053 1324 1107 tibi
1353 1055 1574 1123 eloquii,
1608 1057 1742 1110 lide-

152 1131 372 1190 lissinte
397 1135 590 1203 frater,
619 1151 778 1196 antea
815 1142 1173 1197 medicamina
1206 1145 1490 1214 conpendii
1531 1146 1742 1201 ratione

151 1223 481 1282 intimetuus
513 1230 645 1300 (15).
869 1299 871 1301 ι

233 1319 415 1376 Prima
458 1333 539 1376 est
573 1325 753 1393 itaque
780 1328 1049 1392 remissio,
1083 1344 1188 1399 qua
1225 1329 1563 1398 bapt’zamus
1605 1330 1739 1401 (16),

145 1406 219 1461 in
249 1425 410 1478 aqua,
436 1414 733 1468 secundum
763 1417 892 1470 illud
929 1435 940 1469 :
972 1416 1091 1470 Nisi
1115 1421 1230 1488 quis
1260 1428 1471 1472 renatus
1497 1419 1653 1486 fuerit
1677 1436 1743 1472 ea:

155 1514 300 1568 aqua
323 1513 368 1554 et
398 1499 596 1571 Spiritu
627 1517 828 1569 sancto,
873 1525 975 1561 non
1001 1520 1161 1578 potest
1196 1510 1367 1564 cidere
1399 1527 1612 1580 regnum
1642 1511 1740 1566 Dei

156 1592 346 1661 (Jocn.
379 1611 462 1660 ιιι,
496 1596 572 1666 5).

234 1689 504 1755 Secunda,
528 1693 727 1748 caritas
760 1693 870 1765 (15)
899 1687 1143 1760 effectus,
1181 1706 1237 1750 ut
1262 1705 1344 1750 est
1384 1697 1512 1751 illud
1545 1716 1556 1751 :
1597 1697 1738 1764 Quo-

158 1782 305 1835 niam
329 1783 508 1837 dilexit
531 1786 783 1840 mundum
812 1786 962 1858 (Luc.
990 1804 1089 1852 vn,
1120 1790 1198 1858 4).

232 1873 439 1939 Tertia,
496 1875 898 1931 elimosinarum
945 1879 1175 1944 fructus,
1228 1881 1527 1936 secundum
1572 1881 1677 1936 hoc
1724 1901 1736 1936 :

143 1963 313 2020 -Sicut
355 1983 492 2037 aqua
533 1968 786 2038 extinguit
819 1970 1007 2041 ignem,
1059 1973 1131 2024 ita
1173 1972 1446 2026 elintosina
1487 1973 1740 2044 extinguit

149 2065 426 2124 peccatum
455 2057 586 2129 (l6).

234 2148 459 2216 Quarta,
516 2149 755 2218 perfusio
799 2152 1169 2220 lacrimarum,
1225 2153 1452 2209 Domino
1478 2155 1738 2211 dicente:

143 2237 303 2302 «Quia
328 2240 468 2308 ﬂevit
495 2243 548 2292 in
571 2253 845 2311 conspectu
868 2260 978 2296 meo
1000 2255 1045 2297 et
1072 2246 1354 2301 ambulavit
1388 2247 1550 2300 tristis
1565 2263 1740 2300 coram

161 2345 266 2394 me,
295 2346 397 2382 non
425 2331 613 2385 ducam
641 2335 840 2389 malum
863 2338 916 2390 in
935 2337 1116 2392 diebus
1155 2339 1265 2406 eius
1288 2339 1418 2406 (17).

227 2419 742 2486 Quinta,crintinum
757 2428 1333 2493 conf‘essio,Psalmista
1352 2431 1742 2486 testante:Dixi

159 2507 459 2577 Confitebor
487 2515 762 2568 aduersum
810 2503 888 2571 me
912 2519 1197 2587 injustitias
1230 2530 1372 2573 meas
1401 2520 1656 2585 Domino,
1693 2532 1742 2575 et

151 2613 214 2653 tu
244 2603 493 2658 remisisti
519 2605 832 2675 impietatem
860 2610 1056 2677 peccati
1083 2613 1183 2663 mei
1207 2610 1378 2680 (Psal.
1411 2626 1559 2676 χχχι,
1593 2612 1669 2683 5).

229 2692 432 2761 Sexta,
472 2695 708 2752 adﬂictio
740 2701 919 2755 cordis
948 2710 1002 2756 et
1027 2703 1296 2772 corporis,
1333 2704 1576 2772 apostolo
1615 2719 1743 2758 con-

147 2784 371 2838 solante
401 2804 413 2839 :
449 2786 580 2840 Dedi
603 2789 862 2858 ejusmodi
906 2792 1163 2845 [continent
1186 2794 1241 2845 in
1280 2795 1541 2847 interitum
1566 2797 1742 2849 carnis

152 2876 384 2942 Salone,
431 2887 486 2931 ut
531 2880 746 2949 spiritus
789 2881 963 2936 salvus
991 2884 1085 2951 ﬁat
1129 2885 1182 2938 in
1228 2886 1311 2938 die
1341 2885 1555 2938 Domini
1579 2888 1742 2940 nostri

147 2967 322 3022 lliesu
345 2969 538 3024 Christi
567 2971 615 3041 (1
646 2971 768 3026 Cor.
796 2989 849 3039 v,
882 2975 961 3042 5).

230 3058 493 3129 Septima,
534 3064 840 3118 emendatio
868 3080 1100 3131 morum,
1132 3066 1235 3120 hoc
1271 3075 1356 3121 est
1379 3067 1739 3123 abrenuncia-

147 3151 234 3205 tio
262 3151 536 3217 vitiormn,
569 3152 903 3224 Evangelista
931 3166 1267 3213 contestante
1294 3176 1306 3212 :
1343 3157 1476 3212 Ecce
1506 3160 1623 3228 jam
1646 3179 1734 3215 sa-

154 3259 260 3295 nus
313 3259 388 3306 es,
431 3244 537 3298 noli
585 3245 722 3300 ultra
767 3265 1004 3318 peccare,
1052 3265 1116 3304 ne
1139 3252 1265 3320 quid
1289 3252 1380 3304 tibi
1400 3252 1624 3306 deterius
1643 3253 1738 3321 ﬁat

143 3332 344 3404 (Joan.
374 3351 429 3401 ν,
463 3335 571 3407 14).

227 3425 455 3494 Octava,
501 3428 817 3486 intercessio
853 3431 1195 3496 Sanctorum,
1228 3435 1301 3488 uti
1336 3435 1459 3490 illud
1495 3454 1507 3489 :
1541 3436 1599 3491 Si
1623 3440 1738 3510 quis

140 3515 482 3583 inﬁrmatur,
518 3519 730 3573 inducat
759 3523 1086 3592 presbyteros
1105 3524 1375 3590 ecclesirc;
1410 3537 1454 3578 et
1481 3538 1624 3580 orent
1644 3545 1738 3597 pro

151 3622 240 3670 eo,
271 3617 317 3660 et
340 3607 558 3661 multant
585 3609 716 3664 calet
746 3613 889 3681 apud
920 3613 1084 3666 Deum
1119 3615 1413 3683 deprecatio
1432 3617 1570 3685 justi
1601 3619 1738 3670 assi-

152 3696 266 3749 dua
307 3695 448 3766 (Jac.
482 3713 532 3762 ν,
563 3697 670 3762 14).

233 3785 408 3850 Nona,
434 3787 805 3842 misericordia
838 3800 891 3843 et
919 3791 1041 3844 ﬁdei
1071 3793 1340 3857 meritum,
1379 3803 1434 3848 ut
1465 3805 1545 3850 est
1593 3797 1695 3852 hoc
1721 3815 1735 3850 :

155 3877 313 3932 Beati
349 3880 726 3941 misericordes,
763 3883 1008 3950 quoniam
1039 3884 1137 3953 ipsi
1171 3886 1585 3940 misericordiam
1617 3903 1740 3942 con—

154 3981 439 4040 sequentur
465 3971 676 4042 (Matth.
699 3989 750 4036 v,
785 3973 860 4043 7).

229 4064 484 4128 Decima,
527 4065 805 4118 conversio
861 4075 914 4119 et
955 4067 1100 4122 salus
1151 4068 1480 4136 alienorum,
1534 4070 1738 4126 Iacobo

155 4235 456 4291 paucorum
487 4221 663 4294 estad
693 4237 883 4291 purum
918 4233 1113 4277 cuncta
1159 4239 1507 4294 cognoscere,
1553 4236 1601 4279 et
1639 4243 1738 4281 cu-

161 4306 306 4354 rare,
348 4300 403 4344 et
443 4291 667 4365 mederi,
691 4302 861 4365 atque
897 4295 965 4365 ad
996 4291 1265 4364 integrum
1313 4295 1504 4365 salutis
1532 4306 1736 4365 stattun

161 4375 451 4424 revocare;
473 4362 595 4435 ideo
624 4361 879 4435 solerter
902 4361 1272 4418 admonemus
1295 4364 1518 4419 doctum
1545 4361 1739 4435 quem-

159 4447 268 4502 que
297 4432 632 4487 sacerdotem
680 4433 902 4496 Christi,
936 4441 992 4487 ut
1027 4449 1130 4488 non
1176 4450 1240 4488 ex
1287 4450 1386 4487 suo
1421 4432 1608 4500 sensu,
1641 4439 1735 4491 sed

157 4478 455 4557 secundum
500 4517 768 4557 canonum
809 4478 1034 4568 statuta,
1068 4514 1119 4558 et
1158 4505 1475 4559 traditiones
1515 4478 1735 4560 Pairitvmu
1769 4478 1815 4536 D

156 4573 411 4627 universa
443 4571 714 4644 disponat.
745 4582 800 4630 et
828 4575 1315 4629 contradictionem
1360 4575 1423 4644 (Ῑ.
1471 4578 1737 4631 conditio-

158 4643 309 4710 nem)
347 4643 625 4712 utriusque
652 4659 833 4722 serus,
875 4653 1109 4722 i_etatem,
1140 4643 1423 4722 personas,
1451 4659 1733 4722 pauperta-

159 4723 294 4788 tem,
327 4727 567 4777 causam,
592 4714 790 4788 statu'm
814 4714 1073 4788 cujusque
1102 4714 1476 4784 pienitcntiam
1505 4714 1732 4788 agentis,

159 4784 592 4855 ipsumqtteﬂcor
643 4785 956 4854 paenitentis
999 4787 1286 4855 inspiciat;
1335 4794 1390 4841 et
1440 4784 1734 4843 secundum

159 4854 298 4927 lucc,
331 4865 390 4908 ut
431 4854 534 4908 sibi
575 4856 749 4927 visum
783 4855 964 4921 fuerit,
998 4866 1058 4910 ut
1087 4854 1313 4927 sapiens
1344 4859 1586 4914 medicus
1617 4862 1734 4914 sin-

157 4924 285 4992 gula
314 4939 538 4994 qttthue
566 4924 841 4994 dijudicet.
881 4943 901 4978 ι

160 4973 349 5117 ᾗ
373 4973 543 5064 [erg—.1
571 4973 1062 5069 adwq—uie'iittegrum
1083 4998 1271 5053 salutis
1292 5007 1487 5052 statum
1519 4973 1738 5056 debeant

207 5106 216 5114 .
301 5082 422 5117 .are.

207 5082 422 5118 evocare.

237 5133 351 5209 ll?)
390 5136 552 5209 Adda
586 5137 652 5192 Et
677 5139 851 5209 juxta.

238 5205 350 5274 (l5)
394 5205 537 5284 Hinc
581 5205 856 5284 emendari
899 5221 1145 5282 possunt,
1191 5227 1311 5284 quae
1356 5213 1739 5269 obscurissima
1821 5251 1828 5253 -

164 5285 295 5330 sunt
323 5278 461 5346 apud
495 5278 831 5333 Martenium.

241 5345 367 5417 (14)
395 5348 432 5402 Ι.
464 5348 810 5417 baptizumur.

392 5417 427 5470 l.
457 5417 760 5474 Cluiritatis.

299 5489 352 5553 b)
393 5489 446 5541 ltt
479 5488 702 5553 Vulgata
736 5495 760 5550 Ε

273 5489 352 5556 16)
393 5489 446 5541 ltt
479 5488 879 5568 VulgataEccli
921 5513 998 5555 ιιι,
1029 5497 1116 5555 55,
1153 5497 1221 5550 ita
1251 5497 1515 5566 legimus:
1558 5497 1738 5568 Ignem

166 5558 435 5642 ardentem
464 5558 740 5632 exstinguit
769 5583 924 5636 aqua,
963 5580 1009 5620 et
1039 5558 1364 5638 eleemosyiia
1401 5558 1737 5638 resistit'pec-

165 5642 318 5683 catis.
1465 5661 1474 5675 .

237 5701 348 5772 (17)
391 5698 712 5773 Respexisse
742 5709 952 5764 videtur
1002 5721 1191 5766 auctor
1223 5726 1520 5781 anonymus
1557 5709 1619 5763 azl
1654 5707 1737 5761 IV

1845 507 1961 576 uite,
2012 510 2172 565 sulcet
2211 512 2442 564 animum
2465 527 2615 564 suout
2660 527 2692 563 a
2715 520 2900 575 morte,
2925 519 2972 563 et
2993 511 3158 580 operit
3183 511 3422 564 multitu-

1844 603 2016 657 dinem
2062 612 2391 673 peccatorum
2441 601 2581 672 (Jac.
2615 619 2666 667 v,
2697 601 2824 671 20);
2869 602 2962 656 sed
3004 600 3196 655 melius
3220 601 3424 656 esttibi

1845 693 1956 765 (18)
1995 693 2239 747 inlirtnns
2292 693 2367 746 sis
2407 702 2462 747 et
2488 692 2652 745 vitam
2682 691 2979 756 solitariam
3008 693 3229 756 ducere,
3259 706 3422 760 quam

1843 784 2021 853 perire
2051 798 2170 836 cum
2202 782 2608 853 plitt'itnis'il9).

1919 874 2236 940 Undecima,
2264 875 2591 943 indulgentia
2613 886 2668 930 et
2694 874 2939 930 remissio
2963 883 3165 937 noslra,
3187 875 3426 946 ‘,’c:i:.°te

1843 967 2193 1034 promittente
2242 974 2296 1018 ct
2348 966 2559 1021 dicente
2589 983 2600 1018 :
2635 965 2846 1018 Dimitte
2879 974 2924 1018 et
2970 964 3262 1018 dimittetur
3287 967 3425 1018 vobis

1845 1057 1998 1127 (Luc.
2035 1075 2108 1122 vr,
2132 1059 2245 1126 '57).

1920 1148 2265 1211 Duodecimn,
2316 1149 2499 1218 passio
2534 1151 2776 1219 martyrii
2819 1165 2912 1220 spe
2943 1152 3098 1205 unica
3126 1151 3314 1206 salutis
3343 1153 3424 1206 in-

1845 1242 2096 1312 dulgente
2151 1251 2207 1296 et
2273 1242 2467 1297 latroni
2522 1243 2782 1298 cruciﬁxo
2837 1243 2946 1297 Deo
3012 1246 3423 1312 respondente:

1844 1335 2007 1388 Amen
2055 1333 2172 1386 dico
2218 1334 2334 1396 tibi,
2386 1333 2506 1404 quia
2543 1333 2699 1387 hodie
2739 1349 2936 1387 mecum
2968 1335 3068 1387 eris
3095 1335 3148 1387 in
3176 1335 3424 1404 paradiso

1845 1425 1998 1496 (Luc.
2047 1441 2240 1489 vxxnt,
2278 1425 2391 1494 45).
2441 1425 2534 1480 llis
2578 1441 2707 1497 ergo
2735 1426 2800 1481 de
2835 1426 3058 1480 canonis
3099 1429 3426 1481 auctoritate

1844 1516 2088 1586 prolatis,
2130 1515 2348 1569 Patrum
2396 1515 2730 1570 diﬂinitionis
2777 1517 2941 1571 etiam
2985 1524 3182 1570 statuta
3213 1517 3420 1571 Domini

1843 1622 1938 1662 ore
1968 1608 2377 1677 subrogalorum
2400 1608 2724 1677 investigare
2747 1615 2799 1660 te
2820 1609 3089 1672 convenit,
3127 1609 3423 1662 secundum

1845 1695 1974 1750 illud
2018 1714 2030 1749 :
2070 1694 2345 1764 Interroga
2389 1707 2590 1764 patrem
2640 1706 2809 1760 tuum,
2838 1705 2884 1748 et
2927 1696 3258 1749 adnuutiubit
3285 1696 3420 1761 tibi;

1767 1765 1813 1826 Β
1841 1787 2166 1857 presbyteros
2190 1797 2326 1849 tuos,
2362 1799 2407 1840 et
2431 1787 2601 1841 dicent
2627 1787 2720 1840 tibi
2751 1787 2930 1856 (Deut.
2961 1802 3134 1852 xxxn,
3171 1787 3244 1855 7).

1912 1879 2044 1935 ltem
2096 1880 2207 1950 (20)
2242 1895 2402 1934 causa
2438 1878 2715 1934 deferatur
2762 1879 2826 1932 ad
2868 1894 2979 1934 eos.
3020 1878 3273 1933 Statuunt
3296 1893 3426 1946 ergo

1845 1978 1903 2025 ut
1926 1979 2050 2024 octo
2082 1970 2399 2040 principalia
2433 1969 2562 2023 vitia
2595 1970 2827 2025 humane
2849 1969 3008 2023 saluti
3039 1970 3311 2022 contraria
3342 1969 3425 2022 his

1841 2073 1967 2119 octo
1995 2063 2283 2118 contrariis
2315 2063 2566 2117 remediis
2593 2071 2875 2116 sanantur.
2907 2060 3006 2126 Qui
3034 2061 3177 2114 enim
3223 2059 3425 2114 inlicita

1843 2155 2068 2210 licenter
2110 2155 2412 2218 commisit,
2456 2171 2483 2208 a
2527 2154 2688 2208 licitis
2737 2154 2865 2208 licet
2906 2153 3016 2224 (2|)
3042 2155 3332 2208 coltercere
3366 2169 3425 2208 se

1842 2245 2023 2300 debet.
2081 2245 2135 2298 In
2188 2244 2294 2299 alio
2337 2244 2492 2300 loco:
2526 2245 2618 2298 sed
2672 2245 2771 2298 hoc
2831 2245 2881 2298 itt
2940 2245 3085 2298 omni
3134 2245 3426 2313 petilentia

1835 2337 2073 2392 solerter
2125 2345 2208 2390 est
2239 2336 2630 2400 inducendum;
2673 2344 2931 2404 quantum
2959 2334 3080 2404 quis
3111 2342 3349 2402 tempore
3374 2335 3425 2387 in

1843 2427 2055 2482 delictis
2120 2435 2419 2491 remaneat,
2468 2441 2574 2495 qua
2625 2426 2930 2480 eruditione
2982 2425 3241 2488 imbutus,
3281 2425 3425 2494 quali

1843 2517 2188 2587 impognatus
2227 2515 2342 2584 (2‘2)
2375 2515 2644 2584 passione,
2673 2514 2818 2584 quali
2847 2514 3044 2568 existat
3089 2512 3424 2578 fortitudine,

1843 2608 1986 2679 quali
2019 2609 2231 2662 videtur
2257 2607 2416 2677 ailligi
2463 2607 2917 2670 lacrimabilitale,
2963 2606 3108 2676 quali
3140 2608 3428 2677 conpulsus

1843 2709 1925 2755 est
1946 2700 2266 2771 gravationc
2319 2715 2578 2770 peccare;
2631 2699 2976 2768 omnipotens
3025 2699 3223 2752 etenim
3261 2699 3426 2766 Dens,

1842 2791 1934 2859 qui
1991 2805 2086 2845 cor
2141 2790 2383 2856 omnium
2438 2790 2608 2855 novit,
2656 2789 2992 2858 diversisque
3052 2788 3261 2843 naturis
3311 2791 3424 2860 (τιὸ)

1844 2882 2058 2948 indidit,
2089 2898 2156 2937 ne
2188 2899 2291 2951 qua
2344 2883 2510 2937 lentie
2561 2881 2890 2952 peuitudiuis
2915 2881 3026 2954 (‘24)
3052 2882 3426 2951 peccaminum

1831 2972 2108 3041 pensavit,
2139 2981 2196 3024 ut
2221 2970 2346 3024 illttd
2369 2971 2776 3040 propheticum:
2805 2968 2926 3024 Non
2959 2972 3094 3024 enim
3125 2972 3253 3026 seris
3289 2970 3424 3042 (Isa.

1843 3078 2033 3124 xxvttt,
2071 3061 2161 3134 27)
2186 3062 2518 3115 triturabitur
2542 3061 2673 3131 g'ht,
2707 3078 2868 3137 neque
2891 3071 3001 3115 rota
3027 3061 3247 3131 plaustri
3271 3076 3430 3130 super

1845 3153 2093 3206 ciminum
2138 3151 2415 3213 circumiit,
2448 3151 2538 3204 sed
2570 3152 2712 3220 virga
2741 3151 3180 3220 excutieturgi/iit
3202 3161 3248 3205 et
3281 3151 3429 3204 cimi-

1845 3260 1966 3296 num
1995 3260 2013 3307 ;
2066 3242 2180 3313 (25)
2231 3242 2282 3295 itt
2306 3241 2497 3295 baculo
2528 3251 2707 3296 autem
2739 3242 2892 3310 panis
2923 3243 3340 3310 comminuetur,
3371 3254 3430 3298 ttt

1843 3345 1925 3387 est
1955 3332 2082 3386 illud
2111 3349 2121 3384 :
2153 3341 2382 3400 potentes
2428 3340 2663 3400 potenter
2701 3341 2958 3384 tormenta
2980 3333 3250 3399 pucientur
3273 3331 3425 3403 (Sap.

1844 3423 2022 3494 vt,7).
2057 3421 2216 3477 Unde
2241 3422 2458 3492 quidam
2489 3422 2707 3492 sapiens
2732 3423 2806 3475 ait
2843 3441 2855 3477 :
2889 3421 2986 3476 Cui
3013 3423 3431 3491 pluscommitti-

1844 3525 1950 3579 tur,
1983 3514 2102 3583 plus
2142 3514 2206 3566 ab
2237 3531 2296 3567 eo
2335 3514 2561 3582 exigitur
2589 3513 2722 3582 (‘26).
2756 3514 2969 3568 Discant
2999 3515 3158 3583 igitur
3179 3517 3429 3571 sacerdo-

1844 3618 1925 3661 tes
1975 3607 2208 3672 Domini,
2257 3607 2347 3674 qui
2400 3606 2646 3660 ecclesiis
2691 3615 2966 3675 prtesnnt,
3019 3607 3142 3676 quia
3193 3623 3320 3676 pars
3350 3609 3429 3663 eis

1842 3701 1964 3753 data
2015 3707 2098 3752 est
2134 3713 2255 3751 cum
2292 3697 2393 3760 his,
2437 3712 2666 3764 quorum
2692 3697 2885 3750 delicta
2924 3697 3424 3766 rcprolticiaverint.

1842 3791 1978 3859 Quid
2031 3799 2112 3846 est
2157 3800 2334 3844 autem
2397 3789 2762 3858 repropiciare
2817 3788 3094 3852 delictum,
3145 3790 3247 3842 ttisi
3303 3803 3426 3842 cum

1842 3883 2174 3939 adsumseris
2228 3891 2591 3952 peccatorem,
2625 3891 2679 3934 et
2703 3881 2990 3942 monendo,
3020 3880 3305 3943 hortando,
3329 3881 3428 3934 do-

1841 3978 2031 4041 cendo,
2082 3975 2376 4030 adduxeris
2424 3990 2545 4029 eum
2597 3975 2664 4027 ad
2710 3973 3083 4044 penitentiam,
3127 3974 3194 4027 ab
3243 3989 3428 4028 errore

1841 4069 2167 4133 correxeris,
2197 4082 2227 4120 a
2261 4066 2404 4120 vitiis
2432 4065 2826 4130 emendaveris,
2851 4065 2968 4119 etsi
3001 4064 3196 4119 ieceris
3223 4080 3345 4120 cum
3375 4065 3425 4118 ei

1841 4225 1965 4292 Reg.
1999 4240 2132 4287 sxn,
2161 4222 2246 4286 19,
2270 4220 2362 4285 ΞΟ,
2389 4221 2474 4275 ιιιιὶ
2503 4221 2568 4274 ad
2593 4219 2794 4274 Josiam
2824 4233 3001 4292 regem
3019 4217 3164 4271 Iuda
3186 4218 3385 4273 dicitur
3412 4238 3423 4272 :

1846 4317 1862 4346 ι
1900 4289 2254 4349 Perterritnm
2285 4301 2366 4346 est
2401 4307 2498 4346 cor
2532 4301 2700 4355 tttnm,
2733 4299 2785 4345 et
2817 4289 3128 4344 humiliatus
3156 4305 3214 4342 es
3241 4305 3426 4343 coram

1842 4366 2232 4420 Domino—et
2273 4362 2466 4416 llevisu
2514 4377 2696 4416 coram
2746 4376 2854 4422 me,
2887 4369 2941 4414 et
2987 4375 3085 4428 ego
3112 4360 3324 4424 audivi,
3352 4361 3429 4414 ait

1845 4437 2102 4491 Dominus
2136 4450 2149 4487 :
2183 4433 2386 4486 Idcirco
2429 4433 2674 4502 colligam
2709 4441 2760 4486 te
2805 4431 2871 4485 ad
2895 4444 3079 4500 patres
3111 4440 3242 4502 tuos
3268 4461 3338 4470 —
3370 4439 3428 4484 ut

1844 4523 1950 4560 non
1996 4507 2212 4558 videant
2267 4502 2406 4556 oculi
2441 4504 2513 4556 ttti
2555 4501 2736 4560 Omnia
2768 4503 2928 4562 mala,
2960 4516 3078 4568 ιιιιιιι
3107 4501 3428 4555 inducturus

1845 4591 1962 4631 sum
1996 4589 2156 4644 Super
2187 4574 2362 4644 locum
2389 4573 2588 4644 istum.
2612 4591 2628 4622 ι
2659 4573 2817 4627 Certe
2853 4569 2980 4626 alibi
3011 4570 3227 4624 laudata
3259 4571 3425 4625 verba

1845 4662 1951 4701 non
1982 4641 2276 4707 occurrunt
2299 4643 2353 4696 in
2383 4641 2440 4697 S.
2475 4641 2778 4712 Scriptura.
3121 4661 3126 4664 ·

1914 4717 2026 4785 (t8)
2065 4717 2200 4768 Atltl.
2229 4722 2364 4785 ut.___
3159 4775 3161 4777 ,

2229 4722 2499 4857 tgldiigere
2540 4800 2768 4857 pronum
2801 4790 2886 4838 est
2913 4775 3232 4857 praesentem
3264 4797 3428 4838 cano-

1845 4853 1973 4912 num
2008 4853 2468 4927 'pmnitentialium
2518 4853 3256 4924 collectioneminscriptam
3305 4868 3427 4909 esse

1845 4929 2129 4982 monacho.

1915 4998 2027 5066 (Ξο)
2069 4996 2292 5052 Collect.
2324 4996 2496 5066 antiq.
2530 4996 2650 5064 cit.,
2677 4998 2888 5052 iterum.

1915 5069 2028 5140 (2|)
2063 5068 2181 5140 licet
2205 5068 2468 5140 deleatur.

1915 5138 2028 5209 (2:2)
2070 5139 2166 5203 ib.,
2199 5138 2553 5207 impugnatur.

1915 5211 2028 5281 (23)
2068 5209 2172 5274 ib.,
2202 5209 2802 5281 diversasquenaturas.

1917 5276 2030 5352 (2i)
2071 5281 2171 5352 ib.,
2220 5295 2323 5333 non
2379 5276 2706 5352 aqualentiw
2748 5279 3110 5352 plenitudinis.
3143 5286 3246 5352 etc.
3283 5276 3318 5352 i_.
3370 5291 3421 5330 e.

1845 5347 1950 5407 non
1981 5347 2247 5421 ’teqttalcm
2300 5366 2397 5421 pro
2435 5347 2684 5404 erunibus
2736 5347 2996 5421 peccatis,
3027 5347 3421 5421 paenitentiam,

1843 5424 1937 5478 sed
1969 5417 2067 5493 pro
2095 5417 2321 5493 diversis
2351 5420 2642 5493 diversam,
2679 5417 2775 5493 pro
2816 5418 3107 5493 majoribus
3134 5417 3419 5493 majorem,

1844 5511 1942 5565 pro
1969 5490 2266 5548 minoribus
2293 5492 2578 5554 minorem,
2609 5506 2705 5558 pro
2735 5490 2965 5559 singulis
2990 5503 3285 5560 congruam
3316 5491 3424 5542 exi-

1843 5567 1938 5635 git,
1970 5574 2028 5618 ιιι
2054 5581 2120 5618 ex
2149 5565 2380 5618 decursu
2410 5570 2574 5632 patet.

1917 5636 2027 5704 (ἠδ)
2067 5635 2260 5689 Serris.
2412 5701 2438 5704 Α
2612 5685 2614 5688 ,

1918 5701 2030 5777 ('26)
2075 5707 2130 5760 S.
2161 5705 2360 5760 Bened.
2403 5701 2531 5772 Reg.
2567 5717 2685 5772 cap.
2721 5702 2776 5755 ἱ.
