3902 5334
535 237 642 294 953

1372 232 1661 289 APPEND.
1704 230 1796 286 AD
1827 228 2003 286 διες.
2033 227 2101 283 Χ.
2128 253 2197 269 α-
2237 225 2667 286 MONUMENTA
2709 232 2991 291 LlTURG.

3691 245 3787 300 961

537 354 697 410 talem
748 366 1086 415 cntwersum,
1148 350 1421 420 prepicius
1473 350 1545 405 sit
1589 349 1732 405 Deus‘
1776 363 1874 418 pro
1922 346 2117 403 delicto
2142 348 2194 408 λ
2222 361 2251 399 a
2283 347 2491 411 bestiis,
2517 348 2605 403 XL
2629 349 2745 405 dies
2771 353 3038 422 peniteat,
3072 355 3115 410 si
3147 358 3445 415 necessitas
3470 359 3638 430 cogit,
3668 362 3790 415 nihil

538 444 931 515 reprupiciasse
956 440 1154 495 diceris
1182 439 1314 512 (27).
1358 440 1490 495 Cum
1520 455 1650 511 ergo
1678 438 1801 492 talis
1829 438 1904 492 sis
1931 451 2113 492 sacer-

536 534 656 597 dos,
703 542 759 588 et
809 531 929 587 talis
971 531 1045 586 sit
1089 529 1335 586 doctrina
1377 540 1465 584 tua
1493 530 1627 601 (28),
1668 544 1793 599 pars
1823 529 1918 583 tibi
1957 528 2116 582 datur

535 639 745 688 eorum,
779 637 914 692 quos
948 621 1273 686 correxeris,
1325 630 1387 676 ut
1416 620 1629 675 illorum
1652 619 1900 673 meritum
1933 629 2020 673 tua
2044 619 2116 674 sit

536 726 767 778 merces,
807 720 863 766 et
897 710 1108 765 illorum
1147 711 1292 766 salus
1325 721 1414 766 tua
1438 709 1605 780 gloria
1635 711 1987 779 sempiterna.

532 824 773 915 Incipit
817 843 1161 915 excai‘psns
1199 824 1782 915 de_aliis_plurt_'bus
1816 827 2115 915 peniten-

605 903 716 966 tiis
773 913 824 965 et
864 903 1210 982 canonibus
1246 903 1316 965 de
1353 903 1528 964 vitiis
1555 903 1697 982 gule
1727 911 1781 963 et
1821 905 2114 966 ebrietate

606 983 697 1044 vel
730 986 991 1044 vomitu.
1032 982 1113 1042 Et
1147 980 1519 1043 discretione
1549 980 1832 1043 ciborum
1859 985 2112 1045 mundis

608 1075 660 1124 et
699 1062 1015 1125 inmundis
1053 1061 1341 1132 inventis,

602 1161 659 1216 Si
690 1163 814 1232 quis
855 1161 1139 1230 episcopus
1168 1168 1224 1215 et
1258 1159 1395 1214 alius
1426 1159 1706 1214 ordinatus
1747 1160 1798 1214 in
1821 1169 2113 1215 consuetu-

527 1256 655 1310 (litte
678 1255 865 1308 vitium
890 1253 1101 1308 abuerit
1122 1252 1424 1318 ebrietatis,
1449 1261 1542 1307 aut
1573 1252 1803 1315 desinat,
1827 1244 1919 1307 aut
1945 1253 2110 1323 depo-

528 1357 713 1402 natur.
749 1345 805 1401 Si
848 1345 1148 1400 monachus
1179 1359 1275 1413 pcr
1302 1344 1619 1399 ebrietatem
1647 1345 1907 1399 vomitum
1959 1344 2109 1411 facit,

2215 446 2330 503 est;
2363 448 2416 492 et
2436 439 2481 493 si
2536 455 2633 509 pro
2666 443 2991 499 necessitate
3017 446 3309 502 manducat
3337 449 3563 516 animal,
3590 450 3684 521 qui
3714 451 3791 505 in-

2219 527 2479 585 mundum
2506 531 2740 595 videtur,
2768 532 2854 589 vel
2895 548 3048 590 avem
3079 534 3163 590 vel
3191 535 3443 605 bestiam,
3471 555 3578 594 non
3606 552 3787 605 nocet;

2223 619 2316 689 qui
2370 635 2497 674 casu
2554 622 2677 691 quis
2729 623 2983 680 inmunda
3024 641 3185 682 manu
3230 629 3410 685 cibum
3457 632 3657 703 tangit,
3718 635 3792 689 vel

2216 711 2370 766 cauis
2410 712 2493 768 vel
2529 714 2696 784 pilax,
2743 724 2837 771 aut
2884 716 3085 771 animal
3116 717 3434 775 inmundum
3478 722 3789 793 sanguinein

2212 802 2342 866 edit,
2385 817 2488 858 non
2535 814 2692 859 nocet
2738 805 2872 876 (36).
2902 806 3003 873 Qui
3048 809 3366 878 sanguinem
3397 811 3517 882 (37)
3548 813 3633 867 vel
3666 826 3789 883 (ιιιου

2213 908 2427 962 cunque
2448 895 2710 951 inmundo
2736 897 3023 968 polluetur,
3052 899 3096 954 si
3124 901 3317 967 nescit,
3357 902 3452 973 qui
3491 905 3792 975 manducat,

2214 982 2349 1037 nihil
2374 990 2489 1049 est;
2526 985 2571 1038 si
2608 978 2789 1041 autem
2817 986 2942 1053 scit,
2975 989 3214 1058 peniteat
3255 970 3409 1058 juxta
3439 970 3664 1045 modum
3688 970 3793 1063 pol;

2211 1073 2449 1130 lutionis.
2472 1075 2573 1143 Qui
2603 1078 2921 1147 sanguinem
2952 1088 3045 1133 aut
3073 1093 3258 1135 semen
3286 1081 3503 1155 biberit,
3533 1081 3602 1135 Ill
3632 1097 3793 1138 annos

2212 1167 2467 1234 peniteat.
2522 1164 2579 1222 Si
2634 1182 2762 1223 aves
2811 1175 3117 1224 stercorant
3164 1169 3217 1224 in
3246 1184 3576 1241 quacunque
3606 1171 3790 1242 ligare,

2214 1257 2428 1312 tollatur
2448 1258 2516 1313 ab
2543 1273 2608 1314 eo
2638 1267 2870 1325 stercus,
2897 1268 2954 1315 et
2979 1259 3351 1315 sanctificetur
3379 1276 3547 1331 aqua,
3570 1268 3631 1317 et
3651 1277 3794 1317 mun-

2212 1345 2315 1401 dus
2348 1347 2452 1402 erit
2502 1347 2678 1403 cibus.
2709 1345 2766 1402 Si
2807 1346 3067 1404 ceciderit
3095 1349 3242 1404 sorix
3274 1349 3325 1403 in
3359 1348 3557 1421 ligare,
3582 1351 3792 1405 tollatur

527 1436 679 1492 XXX
729 1437 845 1491 dies
870 1435 1128 1506 peniteat.
1172 1436 1228 1490 Si
1262 1436 1544 1506 presbyter
1570 1443 1662 1490 aut
1697 1436 1976 1499 diaconus,
2020 1436 2110 1491 XL
2209 1436 2379 1503 foras,
2408 1448 2464 1494 et
2509 1440 2611 1495 hoc
2655 1448 2840 1511 potum
2883 1451 3202 1511 aspergatur
3248 1456 3386 1510 aqua
3427 1442 3785 1506 sanctiﬁcata,

524 1529 646 1584 dies
691 1529 947 1598 peniteat.
996 1526 1053 1583 Si
1099 1542 1228 1582 vero
1259 1542 1357 1597 pro
1413 1526 1726 1581 inﬁrmitate
1754 1536 1809 1582 et
1842 1541 1950 1596 quo
1997 1526 2108 1597 (29)
2212 1539 2269 1586 et
2298 1538 2566 1594 sumatur,
2619 1528 2665 1584 si
2704 1530 2892 1584 vivens
2917 1529 3004 1592 sit,
3036 1530 3080 1583 si
3112 1540 3319 1585 mortua
3356 1531 3582 1587 inventa
3610 1531 3787 1594 fuerit.

526 1619 686 1690 longo
725 1628 963 1688 tempore
1009 1633 1071 1673 se
1110 1618 1461 1683 abstinuerit,
1504 1627 1560 1672 et
1614 1617 1666 1671 in
1720 1618 2111 1674 consuetudine
2213 1618 2534 1691 projiciatur
2589 1616 2737 1675 foras
2786 1627 2842 1676 et
2894 1619 3187 1674 mandetur
3224 1635 3340 1676 vas.
3366 1620 3669 1687 Animalia,
3696 1635 3789 1692 que

526 1726 633 1765 non
655 1720 775 1765 erat
802 1710 853 1773 ei
901 1709 1128 1764 multum
1158 1709 1346 1765 bibere
1389 1708 1473 1763 vel
1509 1707 1856 1773 manducare,
1881 1716 1974 1762 aut
1998 1724 2107 1777 prae
2140 1694 2181 1753 Β
2209 1727 2237 1764 a
2275 1710 2412 1780 lupis
2464 1724 2557 1765 seu
2604 1709 2833 1766 canibus
2890 1709 3222 1775 lacerantur,
3274 1727 3380 1766 non
3438 1720 3569 1767 sunt
3607 1727 3787 1770 come-

524 1802 722 1873 g..udio
775 1802 829 1855 in
883 1800 1072 1856 Natale
1115 1799 1347 1864 Domini,
1392 1808 1486 1854 aut
1536 1800 1589 1855 in
1632 1798 1860 1862 Pascha,
1896 1809 1989 1853 aut
2014 1813 2112 1868 pro
2209 1802 2420 1865 danda,
2467 1802 2569 1858 nisi
2605 1801 2746 1858 forte
2789 1801 2859 1857 ab
2904 1803 3213 1860 hominibus
3268 1804 3447 1860 adhuc
3493 1805 3616 1860 viva
3658 1805 3792 1861 oeci-

524 1896 753 1967 alicujus
796 1894 1120 1951 Sanctorum
1151 1893 1667 1949 commemoratione
1697 1891 1932 1948 faciebat
1971 1892 2108 1965 (50),
2208 1892 2409 1948 dantur
2442 1892 2611 1962 prius,
2639 1892 2731 1949 sed
2759 1893 2939 1963 porcis
2958 1901 3014 1949 et
3031 1894 3255 1950 canibus
3284 1895 3512 1961 dentur;
3539 1910 3647 1952 nec
3677 1908 3788 1951 cer-

527 2000 658 2043 tunc
694 1988 814 2058 plus
837 2003 943 2042 non
974 1988 1203 2057 accepit,
1226 2003 1387 2057 quam
1410 1988 1686 2041 decretum
1714 1994 1798 2039 est
1828 2000 1857 2039 a
1884 1985 2112 2040 scniori~
2211 1998 2309 2038 vus
2333 1997 2432 2037 nec
2462 1996 2622 2052 capra
2653 1983 2700 2037 si
2746 1984 2943 2038 mortui
2973 1982 3202 2052 fuerint;
3235 2000 3364 2041 aves
3397 2001 3551 2052 vero,
3586 1996 3646 2041 et
3676 1986 3786 2042 ani-

522 2083 646 2146 bus,
689 2082 821 2137 nihil
871 2091 1051 2137 nocet.
1081 2080 1141 2136 Si
1193 2081 1479 2152 episcopus
1516 2077 1760 2146 jusserit,
1795 2094 1898 2132 non
1929 2079 2107 2144 nocet,

523 2171 628 2227 nisi
659 2171 747 2227 ille
781 2170 1031 2225 similiter
1079 2168 1264 2224 faciat.
1313 2168 1370 2224 Si
1411 2169 1580 2224 laicus
1606 2167 1776 2223 fidelis
1811 2184 1908 2238 per
1933 2168 2108 2222 ebrie-

522 2274 692 2323 tatem
717 2266 978 2321 vomitum
1002 2264 1129 2321 facit
1151 2265 1242 2321 Xll
1267 2265 1383 2320 dies
1402 2281 1528 2336 pen.
1551 2264 1817 2320 Sacerdos
1838 2264 1890 2318 in
1915 2263 2107 2319 ebriet.

520 2374 619 2426 par
670 2356 1030 2427 ignorantiam
1083 2356 1167 2411 VII
1198 2357 1312 2411 dies
1338 2372 1461 2426 prn.
1510 2354 1566 2410 Si
1609 2371 1706 2426 per
1743 2363 2107 2423 contemptum

520 2451 614 2506 XL
648 2452 764 2507 dies
809 2452 1068 2520 peniteat.
1116 2450 1385 2506 Diaconos
1409 2460 1460 2505 et
1491 2452 1787 2504 monachus
1822 2450 1908 2504 1111
1936 2450 2105 2504 ebdo-

2208 2072 2372 2129 malia
2400 2083 2599 2136 cetera,
2634 2073 2678 2129 si
2723 2074 2778 2128 in
2823 2074 3029 2131 retibus
3066 2075 3495 2147 strangulantur,
3530 2091 3640 2134 non
3671 2085 3788 2133 sunt

2209 2162 2539 2220 comedenda
2599 2163 2669 2218 ab
2739 2163 3085 2230 hominibus;
3139 2175 3241 2220 nec
3299 2165 3345 2221 si
3403 2166 3648 2237 accipter
3703 2181 3790 2238 op-

2207 2258 2491 2330 presserit,
2537 2257 2582 2313 si
2628 2257 2827 2312 mortui
2857 2257 3239 2322 inveniuntur;
3279 2256 3404 2327 quia
3441 2256 3529 2311 llll
3557 2258 3785 2327 capitula

2210 2350 2382 2406 Actus
2425 2350 2792 2418 apostolorum
2840 2349 3146 2418 precipiuut
3174 2348 3448 2404 abstinere
3479 2362 3512 2402 a
3560 2347 3787 2404 fornica—

2208 2441 2359 2496 tione
2395 2448 2449 2499 ct
2477 2439 2744 2508 sanguine
2784 2446 2841 2493 et
2881 2437 3144 2493 suﬂ‘ocato
3186 2445 3242 2492 et
3288 2436 3562 2491 idolatria.
3608 2435 3786 2491 Pisces

519 2541 708 2595 suades
730 2540 1122 2596 :suhdiaconus
1149 2540 1377 2595 acolitus
1397 2540 1481 2606 111,
1511 2538 1690 2595 clerici
1715 2539 1778 2603 ll,
1808 2539 1925 2592 laici
1944 2539 2013 2594 eb'
2034 2540 2111 2593 fo-
2212 2531 2340 2587 licel
2389 2530 2696 2592 collidere.
2730 2528 2854 2598 quia
2897 2527 3124 2583 alterius
3176 2535 3386 2581 “illum
3406 2534 3554 2580 δυηῑο
3580 2525 3783 2596 Equum

518 2629 710 2683 suades
747 2627 860 2699 (3i)
912 2629 1211 2698 pcniteant.
1245 2628 1367 2696 Qui
1407 2628 1546 2697 cogit
1598 2627 1890 2689 hominem,
1927 2634 1984 2679 ut
2026 2625 2106 2678 in-

520 2718 767 2773 chrictur
799 2717 1154 2772 humanitatis
1210 2715 1423 2785 injustze
1474 2717 1673 2788 gratia,
1738 2725 1795 2769 ut
1859 2715 2105 2770 ebriosus

517 2810 792 2881 peniteat;
847 2809 891 2864 si
921 2823 1019 2879 per
1043 2809 1246 2871 odium,
1289 2817 1345 2862 ut
1373 2805 1637 2862 homicida
1660 2803 1935 2873 iudicetur
1963 2802 2099 2874 (522).

516 2900 622 2967 Qui
671 2899 904 2968 psallere
952 2913 1057 2953 non
1093 2907 1276 2968 potest
1303 2905 1525 2965 stupens
1568 2896 1620 2949 in
1649 2893 1846 2966 linguis
1877 2892 2104 2965 (δεήθη-

517 2996 783 3058 perpouat
829 2986 967 3058 (51).
1015 2986 1116 3052 Qui
1146 2984 1404 3055 anticipat
1430 2983 1728 3038 orationem
1782 2984 2096 3037 canonicam

522 3088 580 3132 et
605 3079 908 3133 suaviorem
939 3077 1052 3147 (55)
1083 3077 1293 3148 cmtcris
1325 3076 1489 3130 sumit
1516 3075 1653 3145 gulae
1676 3082 1882 3129 tantum
1911 3073 2096 3129 obten-

519 3179 603 3231 tu,
655 3182 683 3221 a
732 3182 885 3221 cmua
914 3176 1118 3230 careat,
1170 3164 1255 3220 vel
1292 3164 1428 3220 duos
1456 3163 1572 3219 dies
1603 3164 1655 3219 in
1694 3178 1833 3233 pane
1856 3174 1910 3218 et
1933 3178 2095 3234 aqua.

519 3258 622 3327 Qui
672 3256 946 3327 superflua
996 3257 1204 3310 ventris
1233 3255 1557 3310 distentione
1582 3254 1926 3325 doloremque
1946 3266 2098 3309 satu-

520 3349 683 3404 ritate
726 3348 893 3403 sumtit
931 3348 949 3402 1
981 3347 1121 3403 diem
1152 3364 1164 3400 :
1199 3347 1244 3401 si
1272 3355 1452 3401 autem
1485 3346 1551 3401 ad
1579 3346 1840 3401 vomitum
1870 3346 1986 3401 sine
2013 3346 2097 3401 iu-

516 3440 776 3493 ﬁrmitate
803 3437 888 3492 Vll
917 3438 1054 3493 dies.
1085 3437 1140 3492 Si
1170 3437 1501 3493 sacrificium
1530 3438 1791 3493 evomerit
1825 3437 1916 3491 XL
1943 3439 2097 3508 peni-

518 3540 661 3595 teat,
723 3531 767 3587 si
821 3530 1151 3585 ittllt‘milatis
1199 3546 1362 3585 causa
1401 3529 1489 3585 νη
1542 3529 1676 3587 dies.
1737 3528 1793 3585 Si
1829 3529 1879 3584 in
1922 3531 2097 3601 ignem

516 3623 749 3694 proiecit
777 3623 818 3678 C
866 3623 1098 3693 psalmos
1122 3631 1303 3679 cantet
1335 3642 1348 3677 :
1379 3625 1424 3679 si
1462 3640 1593 3679 vero
1635 3625 1787 3680 canis
1815 3625 2098 3683 lamhuerit

518 3712 681 3767 talem
712 3712 996 3777 vomitum,
1024 3712 1115 3782 qui
1148 3713 1404 3778 evomuit,
1448 3723 1664 3769 centum
1701 3714 1815 3769 dies
1839 3715 2094 3784 peniteat.

518 3804 622 3870 Qui
667 3803 879 3858 furatur
921 3805 1101 3859 cibum
1146 3804 1240 3858 XL
1268 3805 1386 3860 dies
1411 3805 1689 3875 peniteat:
1728 3806 1773 3861 si
1802 3807 1995 3862 iterum
2034 3808 2098 3862 lll

517 3896 732 3950 ‘XLmas
773 3914 786 3950 :
826 3897 873 3951 si
919 3897 1097 3961 tertio,
1148 3912 1347 3952 annum
1394 3898 1632 3969 penitcat
1665 3916 1678 3952 :
1712 3899 1755 3952 si
1800 3914 1927 3953 vero
1953 3900 2098 3955 llllte

515 3987 629 4058 iugi
679 3988 842 4043 exilio
884 3989 984 4043 sub
1023 3989 1130 4043 alio
1158 3988 1355 4044 abbate
1373 3990 1633 4059 peniteat.
1676 3990 1776 4057 Qui
1809 3993 2099 4047 manducat

513 4091 741 4132 carnem
771 4078 1106 4145 imnundam,
1131 4086 1223 4133 aut
1242 4079 1608 4144 morticiuam,
1634 4080 2095 4137 autdilaceratam

514 4339 780 4410 propitius
807 4341 872 4394 sit
894 4339 1035 4395 Deus
1052 4340 1080 4395 !

591 4427 704 4568 (28)
740 4429 797 4485 1η
818 4430 905 4484 ed.
935 4428 1151 4486 additur
1188 4446 1204 4486 :
1241 4429 1309 4486 Et
1336 4448 1504 4486 sermo
1528 4442 1663 4488 tuus.

613 4499 705 4568 ‘29)
744 4502 799 4555 ln
828 4499 1011 4557 libello
1037 4502 1104 4557 de
1136 4503 1386 4558 remediis
1417 4513 1663 4568 peccator

613 4499 705 4576 ‘_29)
744 4502 820 4576 ln_
826 4499 1011 4576 libello
1037 4502 1104 4557 de
1136 4503 1386 4558 remediis
1417 4507 1925 4576 peccatorumapud
1952 4507 2093 4564 Mar»

517 4571 726 4690 :;piau'r?
755 4570 1042 4641 (Thesaur.
1068 4587 1192 4628 nov.
1224 4588 1376 4628 anec.
1418 4570 1458 4628 ἰ.
1488 4573 1581 4641 ιν,
1613 4575 1716 4629 col.
1749 4570 1839 4647 2t)
1863 4577 2089 4649 legitur:

674 4658 688 4690 ι
716 4658 767 4690 α.

518 4654 597 4692 uel
623 4655 767 4708 qum.

593 4708 705 4777 (50)
742 4709 779 4763 1.
807 4725 855 4765 c.
885 4708 954 4764 Et
984 4712 1126 4767 tunc.

594 4779 802 4856 (‘5_t)_l._,
832 4780 1241 4856 hebdomadem.
1283 4781 1417 4856 Nam
1449 4785 1896 4856 septemidierum
1925 4789 2095 4856 poeni-

518 4849 689 4930 tentia
717 4849 853 4930 laico
878 4850 947 4905 ob
962 4852 1209 4907 eamdem
1231 4855 1445 4925 culpam
1474 4849 1771 4925 injungitur
1796 4858 1854 4912 iu
1880 4849 2092 4915 collect.

516 4920 691 4973 antia.
717 4920 812 4973 cit.
1323 4920 1340 4925 ’
1526 4920 1539 4923 ⁷
1631 4920 1657 4933 "

593 4988 707 5062 (52)
745 4989 802 5044 lu
857 4992 1131 5062 excerptis
1172 5008 1236 5047 ex
1264 4993 1404 5049 libro
1446 4995 1661 5050 Davidis
1691 4997 1834 5051 inter
1861 5013 2097 5055 canones

524 5056 872 5132 ﬂiberuenses
904 5060 942 5113 l.
971 5056 1151 5117 c.'co|.
1180 5063 1265 5119 ll).
1297 5083 1315 5114 ι
1344 5065 1435 5132 qui
1463 5080 1591 5118 vero
1634 5062 1826 5120 aﬂ‘ectu
1857 5069 1964 5122 odii
2001 5085 2096 5123 seu

522 5126 772 5195 luxuriae,
793 5138 853 5184 ut
876 5126 1427 5200 turpiteroonfundat,
1444 5134 1525 5187 vel
1559 5136 1799 5197 irrideat,
1828 5140 1894 5191 ad
1922 5140 2097 5194 ebrie—

522 5204 690 5277 tatem
730 5200 866 5277 alios
902 5203 1067 5277 cogit,
1095 5202 1156 5277 si_
1171 5219 1276 5257 non
1305 5206 1438 5257 satis
1460 5205 1794 5272 paenituerit,
1826 5206 1906 5263 sic
1923 5210 2097 5277 pretii-

522 5276 654 5326 teat.
682 5277 740 5323 ut
772 5271 1041 5325 homicida
1070 5272 1392 5328 animarum.
1432 5292 1452 5325 ι

2206 2638 2313 2679 non
2364 2621 2636 2692 prohibet,
2686 2628 2871 2676 tamen
2933 2618 3265 2676 consuetudo
3303 2634 3412 2675 non
3453 2627 3560 2675 est.
3615 2619 3784 2689 Lepo-

2206 2726 2319 2768 rem
2372 2712 2497 2767 licet
2547 2711 2855 2768 comedere.
2907 2709 3052 2781 Apes
3098 2711 3143 2766 si
3179 2710 3431 2765 occident
3485 2710 3777 2771 hominem,

2194 2821 2323 2876 erasa
2369 2819 2585 2876 quoque
2640 2806 2781 2860 oeci.
2826 2842 2841 2858 .
2882 2844 2898 2859 .
2941 2841 2956 2857 .
3002 2842 3017 2858 .
3058 2842 3072 2857 .
3110 2802 3222 2874 (58)
3270 2794 3635 2868 festinanter,
3687 2802 3782 2856 mel

2220 2905 2398 2949 tamen
2443 2894 2815 2949 manducctur.
2859 2892 2917 2948 Si
2949 2907 3076 2947 casu
3116 2891 3262 2963 porci
3299 2891 3383 2945 vel
3422 2890 3637 2962 gallina:
3655 2906 3782 2946 san-

2203 2985 2421 3057 guinem
2472 2983 2705 3040 hominis
2748 2984 3060 3049 comedunt,
3113 2998 3221 3038 non
3268 2982 3621 3039 habieiendos
3667 2996 3778 3037 cre-

2211 3078 2412 3138 dimus.
2458 3075 2552 3131 scd
2589 3075 3015 3140 manducantur;
3063 3074 3156 3131 sed
3201 3073 3325 3144 quia
3354 3074 3622 3131 cadavera
3646 3089 3783 3129 mor-

2198 3177 2416 3221 tuorum
2466 3165 2769 3221 lacerantes
2816 3165 3283 3229 manducaverint,
3332 3180 3559 3221 carnem
3599 3180 3775 3222 eorum

2199 3257 2528 3311 manducare
2574 3270 2681 3309 non
2738 3253 2880 3319 licet,
2916 3270 3087 3324 usque
3134 3256 3260 3310 dum
3314 3265 3689 3319 macerentur,
3716 3263 3768 3310 et

2201 3356 2320 3416 post
2349 3346 2476 3400 anni
2502 3344 2787 3401 circulum.
2836 3345 3107 3400 Animalia
3157 3346 3304 3400 coitu
3353 3345 3636 3400 hominum
3664 3344 3770 3416 pol-

2196 3435 2310 3491 luta
2335 3435 2666 3500 occidantur,
2705 3450 3006 3506 carnesque
3026 3437 3252 3492 caailms
3293 3435 3651 3505 proiciantur,
3681 3436 3768 3495 sel

2197 3528 2340 3598 quod
2399 3535 2733 3599 genucrant,
2787 3528 2897 3585 siut
2955 3528 3009 3583 in
3063 3542 3251 3593 usum,
3310 3538 3365 3584 et
3406 3528 3560 3585 coria
3623 3529 3771 3584 adsa-

2199 3626 2374 3684 ment;
2410 3619 2521 3691 (39)
2553 3619 2643 3675 ubi
2674 3628 2853 3673 autem
2880 3626 2968 3675 est
3009 3617 3246 3679 dubium,
3299 3619 3770 3677 non-occidantur.

2197 3710 2436 3767 lulirmis
2465 3711 2593 3766 licet
2632 3711 2781 3767 omni
2826 3711 2957 3766 hora
2985 3710 3165 3767 cibum
3211 3725 3429 3766 sumere
3468 3719 3527 3767 et
3574 3719 3767 3781 potum.

2196 3802 2416 3873 quando
2442 3802 2754 3859 desiderant
2801 3802 2885 3857 vel
2909 3810 3168 3873 possunt;
3218 3802 3263 3857 si
3296 3810 3627 3871 oportunum
3670 3812 3768 3855 nea

2196 3904 2428 3965 possunt
2456 3895 2567 3967 (40)
2595 3896 2685 3966 qui
2712 3897 2887 3952 ederit
2926 3895 3140 3966 aliquos
3182 3895 3400 3966 ligores,
3435 3896 3491 3949 in
3522 3909 3631 3965 quo
3654 3892 3768 3948 fue-

2196 3994 2269 4049 rit
2305 3994 2512 4049 multila
2544 3993 2656 4064 (ll)
2683 3994 2767 4049 vel
2811 4002 3019 4048 mortua
3052 3993 3336 4056 invenitur,
3377 3991 3465 4047 lll.
3516 4004 3767 4063 δίψει-μυ

2195 4085 2306 4153 siti,
2334 4085 2447 4157 (42)
2478 4085 2736 4156 peniteat.
2771 4084 2828 4141 Si
2857 4086 2909 4139 in
2943 4083 3112 4139 farina
3139 4094 3231 4139 aut
3262 4085 3316 4138 in
3341 4085 3526 4154 aliquo
3570 4085 3766 4139 siccato

589 4270 715 4354 (Ξῖ).
741 4269 797 4325 ln
825 4269 974 4354 edita
1014 4268 1082 4354 Et
1106 4270 1293 4340 feceris
1315 4287 1456 4340 eum,
1487 4282 1542 4327 ut
1574 4276 1621 4329 ei
1650 4273 1826 4330 (aliter
1848 4292 2095 4333 conversa

2210 4259 2485 4345 sitinnibus
2514 4307 2529 4344 :
2570 4289 2616 4344 si
2643 4287 2996 4354 inﬁrmitatis,
3024 4295 3080 4344 et
3109 4302 3214 4343 non
3242 4286 3559 4343 voracitatis
3578 4299 3762 4348 causa.

1778 4374 1781 4375 '
2120 4360 2230 4430 ιιι
2259 4360 2778 4431 superpositionibus
2825 4358 3003 4413 deleat
3049 4358 3294 4431 culpam,
3326 4376 3345 4409 ι
3392 4366 3503 4412 etc.
3530 4357 3602 4411 Et
3644 4371 3758 4431 nter

2198 4422 2382 4484 can.'7
2418 4422 2438 4484 ἱ
2462 4449 2481 4481 ‹
2527 4429 2584 4484 Si
2612 4430 2735 4499 quis
2791 4438 2985 4499 autem,
3017 4422 3297 4484 ebrietatis
3348 4443 3513 4499 causa
3543 4422 3764 4497 psallere

2192 4516 2303 4555 non
2332 4508 2514 4570 potest
2542 4497 2764 4570 stupens
2792 4497 3059 4570 elinguis;
3090 4511 3246 4570 cteua
3278 4498 3546 4570 privatur.
3598 4513 3621 4548 ι

2272 4517 2303 4554 n
2325 4515 2514 4623 §OLeSl
2542 4515 2764 4570 Stupeus
2792 4515 3059 4568 eungtus:
3090 4515 3246 4553 caena
3278 4515 3546 4567 privatur.
3598 4515 3621 4548 ο
3735 4523 3750 4538 -

2269 4570 2380 4646 (gr)
2422 4569 2706 4646 _S_uaviora,
2738 4567 3222 4646 u_tlta.l_>_et_lib._cit.
3248 4570 3312 4623 de
3340 4566 3543 4646 remed.
3569 4575 3763 4646 peccat.

2267 4637 2382 4710 (56)
2424 4638 2522 4693 llic
2567 4638 2824 4710 cattouin
2874 4638 3054 4710 libello
3095 4638 3159 4710 de
3189 4637 3642 4710 remed._peccat.
3700 4637 3763 4690 ita

2194 4705 2432 4767 refertur
2458 4724 2526 4763 cx
2571 4708 2854 4764 Theodoro
2885 4707 3258 4763 Cantuarieusi
3282 4719 3302 4761 .'
3338 4724 3357 4756 ι
3392 4707 3549 4773 Quod
3572 4705 3623 4761 si
3648 4719 3763 4760 casu

2197 4782 2320 4851 quis
2340 4780 2628 4851 immunda
2652 4793 2812 4851 manu
2832 4779 3016 4851 cibum
3044 4777 3236 4851 tangit,
3267 4775 3351 4851 vel
3371 4780 3548 4851 canis,
3578 4774 3663 4832 vel
3684 4774 3759 4851 pi-

2199 4845 2311 4913 lax,
2354 4849 2439 4926 vel
2476 4864 2618 4926 mus,
2651 4845 2752 4905 vel
2778 4848 3110 4926 immundum
3138 4845 3356 4926 animal,
3386 4846 3761 4926 quodsangui-

2196 4936 2323 4976 nem
2368 4919 2584 4983 biberit,
2638 4934 2745 4974 non
2790 4926 2967 4974 nocet.
3001 4934 3025 4969 s
3063 4916 3168 4972 Sed
3212 4917 3378 4975 etiam
3433 4917 3489 4971 in
3527 4917 3631 4970 hoc
3659 4916 3763 4984 ipse

2199 5003 2406 5045 canone
2427 5004 2524 5058 pro
2537 4990 2711 5059 primo
2727 4996 2954 5058 quartus
2967 5002 3125 5059 casus
3150 4985 3421 5059 legendus
3440 4994 3545 5048 est,
3562 5000 3758 5047 causa,

2197 5072 2304 5115 etc.
2336 5055 2586 5113 Est'vero
2613 5055 2758 5128 pilax'
2781 5057 3042 5112 lllartenio
3062 5055 3239 5112 cattus
3267 5055 3582 5126 uturilegus.

2291 5131 2382 5204 57)
2419 5128 2483 5204 l_._,_
2512 5129 2808 5204 Sapgujne.
3095 5197 3108 5204 _
3276 5193 3362 5204 -.η
3606 5194 3643 5204 __
3708 5191 3736 5204 Α,

2293 5131 2358 5184 57
2419 5131 2479 5191 1.,
2512 5131 2808 5198 Sanguine.

2293 5131 2382 5270 58;
2426 5198 2627 5270 'l‘heod.
2662 5197 2828 5270 Laut.
2876 5212 3049 5254 canon
3094 5197 3239 5252 inter
3268 5193 3489 5252 Hibera.
3536 5212 3556 5248 ι
3602 5191 3760 5250 Festi-

2198 5268 2392 5325 nanter
2415 5268 2693 5323 occidendi
2728 5277 2873 5322 sunt.
2913 5287 2930 5319 ι
