3902 5334
67 300 165 358 963

1315 295 1629 354 JUDICIUM
1667 296 2135 355 PIENITENTIS.

3242 302 3347 360 966

65 414 178 471 cibo
195 407 545 483 autpultato
568 411 851 469 coaculato
873 410 956 466 vel
993 409 1135 465 lacte
1166 409 1268 466 iste
1315 410 1655 465 inveniantur
1683 416 1727 474 Α
1758 410 2016 482 peuitcat.
2057 410 2291 491 maxime
2338 410 2389 465 in
2428 410 2510 466 Ill.
2562 410 2776 467 XLmis.
2828 412 2928 482 Qui
2977 428 3075 486 per
3119 418 3347 489 lttrpilo-

63 503 310 567 bestiale,
336 503 498 574 quod
530 503 575 560 si
609 504 751 560 circa
780 516 1005 575 corpora
1029 515 1217 556 eorum
1241 499 1373 555 foris
1394 499 1661 575 proician-

67 609 176 662 tur;
206 596 323 667 (45)
353 609 533 651 omne
558 595 823 666 reliquum
853 609 984 650 sana
1010 600 1257 648 sumatur
1283 592 1407 649 title.
1453 590 1510 646 Si
1539 607 1662 646 san-

66 687 271 760 guinem
304 685 434 741 sine
466 684 750 740 voluntate
797 686 863 740 de
889 683 1142 738 dentibus
1187 682 1416 748 biberit,
1480 681 1532 737 id
1579 690 1662 737 est

66 794 176 833 cum
213 774 417 839 saliva,
463 788 577 829 non
607 783 692 829 est
734 781 1038 844 peccatum.
1087 771 1144 828 Si
1183 772 1306 843 quis
1348 771 1662 827 venationes

65 869 261 939 aliquas
290 878 634 936 quocunque
677 871 947 929 exerceat,
993 864 1040 919 si
1087 862 1316 919 clericus
1357 878 1498 917 anno
1524 861 1565 928 l,
1613 862 1659 918 si

66 958 317 1011 diaconus
370 952 441 1008 11.
502 953 550 1010 si
583 953 838 1010 sacerdos
880 953 942 1007 IIl
993 953 1253 1024 peniteat.
1311 950 1659 1008 Catecumeni

67 1043 389 1100 manducare
419 1056 537 1097 non
577 1041 774 1097 debent
821 1056 944 1096 cum
976 1039 1283 1113 baptizatis,
1314 1053 1489 1110 neque
1523 1052 1656 1111 gen-

68 1133 194 1188 tiles.
235 1129 391 1187 Uxor
419 1145 535 1201 que
573 1131 892 1202 sanguinem
943 1129 1040 1185 viri
1076 1130 1386 1201 proredium
1415 1130 1529 1201 (44)
1558 1145 1658 1201 gu-

68 1222 301 1284 slaverit,
343 1218 447 1275 XL
493 1220 755 1290 peniteat.
797 1219 888 1275 Sic
929 1230 984 1276 ct
1015 1219 1126 1286 illa,
1169 1234 1275 1291 que
1324 1233 1510 1275 semen
1555 1218 1657 1273 viri

68 1315 139 1371 sui
169 1314 220 1368 in
248 1312 441 1367 cibum
475 1314 739 1379 miscens,
778 1321 836 1367 ut
867 1312 991 1367 inde
1032 1312 1154 1383 plus
1192 1321 1467 1367 amatores
1504 1309 1654 1365 acci-

68 1406 182 1476 piat,
212 1402 326 1475 (45)
371 1401 443 1456 IIl
476 1417 655 1458 annos
692 1402 952 1472 peniteat.
1001 1400 1101 1469 Qui
1132 1411 1405 1457 contemtu
1455 1400 1657 1455 indicto

63 1492 252 1565 jejunio
282 1491 343 1547 in
382 1491 663 1558 Ecclesia,
702 1499 756 1547 et
784 1501 975 1548 contra
1026 1493 1246 1547 decreta
1276 1491 1548 1546 seniorum
1578 1490 1656 1546 fe-

70 1585 210 1650 cerit,
231 1582 355 1637 sine
402 1579 531 1637 XL.
560 1595 649 1636 ma
691 1579 803 1637 XL.
850 1580 965 1636 dies
993 1581 1272 1651 peniteat;
1313 1578 1356 1634 si
1387 1591 1565 1634 autent
1597 1579 1653 1634 in

69 1675 231 1730 XLma
262 1687 477 1728 annum
519 1674 780 1743 peniteat,
811 1673 856 1728 si
879 1670 1193 1741 frequenter
1215 1670 1425 1737 fecerit,
1444 1680 1498 1726 et
1526 1684 1654 1726 con-

1763 499 1970 571 quium,
1998 501 2081 556 vel
2114 510 2331 573 aspectu
2355 502 2732 572 coinquinatus
2761 514 2860 568 est,
2895 514 3070 561 tamen
3100 524 3205 563 non
3251 527 3344 563 va.

1761 591 1860 647 luit
1887 592 2139 648 fornicari
2166 594 2524 665 corporaliter
2554 593 2667 649 XX.
2701 595 2783 650 vel
2809 595 2919 652 XL.
2947 598 3062 653 dies
3087 586 3345 671 peniteat.

1762 682 1820 739 Si
1843 697 2023 740 autem
2055 686 2106 740 in
2129 686 2485 755 cogitationes
2514 687 2778 743 violenter
2808 690 2921 762 (49)
2961 691 3343 762 coinquinatus

1760 782 1869 840 est,
1896 774 2007 830 VII.
2038 776 2154 832 dies
2179 778 2437 847 peniteat.
2463 778 2563 847 Qui
2594 780 2683 834 diu
2706 780 2966 836 inluditur
2992 797 3023 836 a
3059 784 3344 855 cogitatio-

1760 879 1848 928 ne,
1882 865 2090 935 tepidus
2118 866 2167 922 ei
2222 882 2529 940 repugnans
2579 867 2663 923 lll.
2714 869 2795 924 vel
2837 869 2899 924 Il.
2954 871 3035 927 vel
3084 872 3348 943 plurimos

1760 955 1906 1020 dies;
1934 956 2024 1026 qui
2059 965 2269 1013 tantum
2316 958 2591 1031 exegerit,
2633 958 2963 1016 diuturnitas
2998 963 3347 1034 cogitationis

1758 1045 2014 1116 peniteat.
2049 1046 2161 1118 (50)
2188 1046 2345 1103 Pueri
2370 1048 2462 1122 qui
2485 1047 2823 1104 foruicantur
2845 1049 2984 1105 inter
3004 1053 3348 1123 semetipsos,

1750 1136 2017 1208 judicavit
2042 1139 2154 1211 (51)
2183 1150 2240 1195 ut
2267 1140 2574 1197 fabulenter
2616 1140 2766 1214 (52);
2797 1143 2947 1212 pueri
2982 1143 3083 1199 soli
3135 1160 3345 1199 sermo-

1758 1232 2005 1286 cinantes
2034 1241 2089 1286 et
2119 1232 2579 1304 transgredientes
2627 1238 2829 1287 statuta
2873 1234 3168 1300 seniorum,
3202 1235 3350 1289 insu-

1757 1335 1856 1391 per
1882 1329 2005 1393 post
2030 1322 2319 1378 emendeut
2340 1322 2581 1378 osculum
2609 1323 2912 1392 simplicum
2958 1323 3218 1381 facientes
3256 1324 3343 1380 VI.

1757 1424 1978 1480 suppos.
2026 1410 2421 1466 Iulecebrosum
2459 1411 2702 1467 osculum
2738 1413 2858 1468 sine
2899 1414 3345 1484 coinquinameu-

1729 1507 1870 1553 ~tum
1902 1497 2036 1554 VIII.
2066 1515 2187 1556 cum
2219 1517 2325 1572 quo
2355 1502 2764 1573 inquinamento
2801 1504 2918 1559 sine
2972 1506 3221 1576 amplexu
3274 1506 3342 1562 X.

1756 1602 1874 1657 pos.
1905 1586 2016 1659 (55)
2056 1586 2187 1644 Post
2225 1605 2424 1644 annum
2459 1588 2576 1645 XX.
2613 1591 2665 1646 id
2698 1599 2782 1647 est
2829 1593 2999 1648 adulti
3060 1594 3185 1649 item
3232 1594 3348 1667 (54)

1758 1687 2161 1744 committentes
2187 1686 2301 1743 XL.
2326 1689 2443 1746 dies
2473 1691 2708 1762 separati
2761 1707 2791 1747 a
2834 1708 3017 1748 mensa
3068 1704 3344 1752 extorres-

72 1765 393 1822 suetudinem
427 1764 708 1830 habuerit,
755 1760 1206 1819 exterminabitur
1258 1761 1327 1816 ab
1391 1760 1649 1828 Ecclesia,
1682 1765 1731 1828 Β
1758 1792 1864 1847 que
1909 1778 1976 1834 ab
2008 1776 2251 1835 Ecclesia
2298 1796 2421 1835 cum
2460 1760 2599 1853 ρειῇιε
2650 1792 2707 1838 ει
2734 1799 2915 1855 aqua;
2969 1786 3175 1842 minimi
3216 1804 3347 1843 ve",

72 1855 277 1912 Domino
310 1855 541 1909 dicente
571 1872 583 1909 :
608 1854 709 1922 Qui
732 1852 1181 1911 scandalizaverit
1209 1870 1375 1908 unum
1403 1853 1468 1910 de
1492 1852 1654 1924 pusil-

73 1946 129 2001 lis
160 1945 293 2010 istis,
326 1944 425 2015 qui
456 1945 517 1999 in
549 1960 637 2000 me
660 1945 911 2010 credunt,
941 1955 994 1999 et
1022 1945 1250 2015 reliqua,
1273 1954 1381 2000 etc.
1429 1945 1476 2000 si
1508 1943 1649 1999 infra

73 2036 336 2102 XLmam,
402 2050 619 2092 annum
693 2038 951 2109 peniteat.
1028 2036 1131 2105 Qui
1202 2039 1268 2093 de
1326 2038 1408 2093 sui
1472 2053 1652 2094 come-

75 2129 186 2183 dens
208 2126 457 2199 corporis
480 2136 633 2194 cute,
679 2127 763 2183 vel
816 2128 999 2183 scabie
1041 2130 1156 2184 sive
1191 2127 1508 2195 vermiculo,
1557 2126 1651 2199 qui

77 2216 276 2288 peducle
332 2216 453 2289 (46)
501 2225 887 2288 nuncupantur
917 2235 930 2271 :
962 2231 1116 2273 suam
1163 2231 1263 2274 nec
1307 2234 1414 2273 non
1459 2218 1651 2274 bibens

84 2307 293 2370 urinam,
341 2315 668 2363 stercorave
732 2307 1061 2373 comedens,
1111 2322 1236 2362 cum
1303 2308 1649 2379 impositione

82 2410 311 2450 manuum
344 2395 609 2467 Episcopi
659 2412 860 2453 annum
900 2398 1169 2469 integrum
1226 2414 1347 2453 cum
1372 2410 1377 2417 ‘
1402 2413 1542 2469 pane
1596 2403 1653 2454 et

83 2500 200 2557 aqua
221 2487 487 2556 peniteat.

83 2594 145 2652 De
162 2595 435 2653 Form'cat.
469 2607 524 2654 et
554 2598 701 2671 reliq.
734 2599 961 2671 ingenita
989 2598 1290 2654 luxoriaudi
1318 2600 1394 2654 vel
1428 2600 1650 2654 immun-

645 2670 731 2723 uis
756 2670 1068 2738 puerilibus.
1414 2674 1419 2683 ’

137 2758 396 2831 Episcopi,
446 2761 778 2832 presbyteri,
827 2762 1045 2816 diaconi
1102 2759 1519 2817 fornicationem
1565 2758 1649 2817 fa-

87 2850 259 2906 cientes
277 2852 574 2921 degradari
598 2852 817 2920 debent,
834 2862 888 2907 et
911 2854 1174 2923 penitere,
1189 2852 1393 2921 judicio
1413 2855 1650 2925 episcopi

87 2951 237 2998 tamen
279 2943 708 2999 communicent.
762 2942 839 2998 De
882 2944 1188 3008 sodomitis,
1222 2944 1473 3015 Episcopi
1507 2943 1646 2998 XIII.

89 3048 232 3089 annos
254 3035 561 3105 peniteant,
588 3035 745 3106 prbr.
779 3032 893 3088 XII.
925 3034 1065 3089 diac.
1112 3034 1243 3090 VIII.
1276 3034 1524 3090 subdiac.
1554 3033 1643 3090 III.

1752 1867 2116 1925 fornicatione
2146 1871 2420 1927 imitentes
2450 1888 2508 1927 se
2540 1874 2792 1940 invicem,
2820 1874 2930 1948 (55)
2959 1878 3052 1932 sed
3078 1870 3343 1948 inquinati

1753 1974 1861 2015 non
1892 1969 2019 2015 sunt
2057 1970 2279 2030 propter
2318 1962 2497 2017 aetatis
2535 1964 2905 2020 maturitatem
2940 1964 3058 2021 XX.
3093 1966 3229 2021 dies.
3283 1967 3344 2024 Si

1752 2065 1884 2106 vero
1922 2044 2238 2123 frequenter
2269 2051 2381 2107 XL.
2413 2054 2546 2109 dies.
2586 2053 2747 2108 Pueri
2775 2065 2901 2111 ante
2937 2055 3053 2111 XX.
3085 2072 3256 2113 annos
3284 2074 3344 2115 se

1752 2141 1985 2196 invicem
2034 2142 2288 2198 manibus
2314 2144 2761 2214 coinquinanles,
2812 2155 2868 2201 et
2910 2146 3146 2202 confessi
3192 2157 3345 2203 ante-

1754 2248 1917 2303 quam
1954 2234 2361 2290 communicent
2408 2234 2525 2290 XX.
2586 2237 2732 2303 dies;
2784 2238 2829 2292 si
2881 2239 3196 2293 iteraverint
3225 2248 3347 2309 post

1752 2325 2108 2395 penitentiam
2157 2325 2218 2382 C.
2254 2327 2391 2383 dies.
2429 2326 2485 2382 Si
2531 2343 2661 2384 vero
2689 2328 3060 2400 frequentius,
3088 2346 3345 2401 separen-

1754 2427 1844 2472 tur
1865 2427 1920 2471 et
1951 2434 2152 2473 atmum
2205 2420 2503 2489 peniteant.
2532 2419 2674 2475 Puer
2718 2436 3013 2493 Oppressus
3058 2438 3087 2477 a
3139 2414 3344 2492 majore

1754 2507 1896 2563 infra
1921 2508 1989 2563 X.
2034 2525 2227 2575 annos,
2255 2510 2609 2567 ebdomadem
2632 2510 2862 2583 jejunat.
2901 2512 3003 2581 Qui
3041 2515 3339 2580 consentit,

1755 2596 1868 2657 XL.
1915 2598 2052 2653 dies.
2085 2584 2271 2659 Molles
2316 2617 2482 2655 unum
2531 2617 2733 2657 annum
2783 2596 3091 2674 peniteant.
3130 2603 3231 2673 Qui
3285 2606 3341 2662 in

1754 2688 1962 2744 somnis
1987 2689 2266 2746 voluntate
2296 2691 2533 2762 pollutus
2557 2700 2658 2757 est,
2689 2702 2898 2764 surgat,
2941 2704 3212 2766 canatque
3246 2709 3343 2765 ge-

1753 2777 2095 2835 nuflectendo
2124 2779 2231 2834 VII.
2263 2781 2459 2852 psalm.
2498 2782 2550 2836 in
2580 2783 2823 2839 crastino
2843 2784 2895 2839 in
2922 2799 3061 2855 pane
3092 2794 3148 2840 et
3174 2802 3338 2857 aqua,

1751 2867 1837 2922 vel
1869 2867 2034 2922 XXX.
2072 2869 2309 2939 psalmos
2355 2867 2619 2927 ﬂectendo
2643 2874 2698 2927 in
2732 2872 2838 2929 fine
2890 2889 3338 2947 unumquemque

1753 2971 1912 3016 canat
1952 2962 2123 3029 gloria
2155 2962 2322 3019 Patri.
2357 2965 2553 3025 Valens
2599 2965 2755 3037 quasi
2784 2967 2837 3022 in
2867 2981 3060 3024 somno
3088 2983 3335 3039 peccare.

1752 3050 1866 3107 sive
1894 3052 2132 3124 pollutus
2156 3063 2242 3110 est
2263 3055 2382 3111 sine
2399 3054 2699 3122 voluntate,
2727 3056 2843 3113 XII.
2875 3058 3113 3129 psalmos
3132 3068 3336 3126 cantet,

88 3120 372 3217 Clerici“.
403 3123 561 3217 Laici
729 3138 903 3179 annos
933 3124 1232 3217 Ρθξιίιθεηι·
1268 3131 1325 3179 ει
1370 3137 1647 3217 umquam
1675 3122 1721 3186 ο
1751 3150 1807 3196 et
1837 3120 2001 3211 super
2024 3144 2449 3215 uniuscujusque
2472 3146 2664 3217 psalmi
2684 3120 2834 3202 dicat
2858 3120 2941 3203 ter
2970 3149 3117 3213 Deus
3143 3152 3197 3205 in
3238 3120 3337 3206 ad;

89 3227 188 3267 cum
210 3213 311 3267 alio
336 3216 599 3270 dormiat.
622 3212 817 3271 Frater
853 3230 976 3269 cum
1001 3213 1172 3271 fratre
1209 3213 1442 3269 naturali
1481 3214 1623 3269 l'orni

88 3304 272 3359 catiane
298 3319 397 3376 per
425 3305 874 3362 commixtionem
897 3305 1082 3361 carnis
1114 3303 1229 3361 XV.
1262 3319 1350 3359 an.
1382 3306 1643 3375 peniteat,

90 3393 144 3448 ab
160 3398 289 3451 omni
315 3413 486 3454 carne
510 3413 570 3454 se
595 3398 885 3465 abstineat,
908 3398 953 3453 si
994 3412 1178 3454 semen
1208 3398 1263 3453 in
1306 3413 1370 3453 os
1414 3398 1643 3463 miserit,

90 3498 261 3556 septem
282 3505 370 3545 an.
416 3492 590 3562 penit.
620 3492 712 3547 alii
745 3492 933 3549 dicunt
973 3506 1143 3562 usque
1182 3492 1251 3548 ad
1282 3492 1445 3547 linem
1501 3492 1643 3547 vitae.

90 3576 181 3634 Viri
204 3581 337 3639 inter
369 3582 581 3640 femora
602 3584 932 3640 foruicantes
959 3585 1136 3654 primo
1155 3597 1358 3638 artuum
1380 3584 1644 3653 peniteat,

92 3666 127 3720 si
143 3667 323 3726 iterans
349 3687 486 3729 vero
508 3673 648 3729 inter
674 3689 836 3730 crura
876 3672 1208 3728 fornicantes
1226 3711 1241 3738 ,
1264 3674 1311 3727 si
1344 3673 1496 3744 pueri
1535 3674 1645 3728 sint

93 3761 194 3819 anni
218 3760 276 3817 ll.
305 3765 352 3820 si
378 3766 485 3821 viri
513 3767 637 3824 anni
673 3766 758 3822 III.
808 3768 854 3824 si
880 3773 1059 3822 autem
1091 3767 1145 3822 in
1196 3768 1644 3824 consuetudinem

92 3859 294 3920 vertunt,
319 3866 374 3912 et
396 3859 592 3915 modus
615 3861 915 3934 penitentie
957 3862 1189 3915 addatur
1231 3860 1437 3928 judicio
1465 3875 1644 3917 sacer-

95 3940 201 3997 doti.
243 3946 353 4018 (47)
394 3948 496 4005 Vir
536 3952 887 4023 semetipsum
921 3952 1317 4023 coinquinans,
1348 3953 1526 4024 primo
1574 3952 1636 4008 (Ζ.

97 4029 203 4101 dies,
224 4039 339 4094 etsi
366 4041 595 4109 iterans,
618 4057 853 4109 annum;
881 4042 926 4098 si
957 4057 1081 4097 cum
1124 4043 1293 4115 gradu
1341 4053 1447 4109 est,
1480 4043 1649 4097 adda-

96 4130 166 4178 ωε
189 4130 343 4196 penit.
371 4149 469 4204 per
498 4132 610 4189 XII.
643 4150 907 4191 annorum
955 4132 1067 4189 XL.
1099 4135 1234 4191 dies.
1293 4133 1397 4202 Qui
1438 4150 1646 4191 concc-

98 4214 300 4283 Piscltiu
329 4232 380 4279 te
425 4225 538 4298 (48)
576 4227 846 4282 fornicare
873 4227 968 4283 sed
1025 4240 1131 4282 non
1171 4228 1386 4299 potuit,
1436 4238 1637 4281 annum

151 4395 246 4481 ίέίῧ)
270 4402 539 4481 Inpmnit.
568 4409 718 4465 Rom.
743 4408 945 4481 Halitg.
974 4410 1119 4481 apud,
1157 4409 1435 4481 Canisium
1469 4404 1629 4465 Lect.
1668 4469 1708 4481 Α

99 4469 238 4552 {alit}.
262 4484 300 4529 t.
318 4469 386 4552 II,
413 4481 472 4537 1³.
500 4496 539 4536 ιι
568 4482 653 4537 ed.
681 4469 923 4551 Basnag:
949 4469 1152 4552 p.338,
1189 4480 1431 4552 occurrit
1456 4496 1629 4536 canon
1666 4469 1714 4537 Ι)

100 4532 1154 4635 ξειέιξειειιξιιίιῑ.ἐὗδε-ᾤιῐεῑῖςίιξῖζιιῑειεῑιξξ
1194 4532 1432 4618 (mea
1463 4532 1630 4606 ἐξ...

99 4617 1017 4817 ωῐῖῗῇιξῖἓῗιῗοξεεξξιιςὲῗ)
1044 4641 1137 4757 52,
1157 4709 1250 4762 pro
1274 4691 1522 4773 remedio.

174 4748 253 4817 45)
275 4756 332 4817 Ι..
360 4776 408 4816 c.
438 4773 493 4816 ut
521 4763 641 4817 inde
669 4769 785 4817 ntus
818 4762 934 4817 eius
959 4764 1451 4817 arnoremacctniat.

275 4756 332 4834 Ιε.
360 4776 408 4834 c.
438 4773 499 4834 ut
521 4763 641 4817 inde
668 4748 785 4834 pius
818 4762 934 4833 ejus
959 4748 1189 4819 amorem
1205 4764 1451 4832 accipiat.

159 4818 254 4953 liii
275 4818 521 4953 ἕξὲἐξὲἑίιῑ

178 4888 253 4958 47)
275 4896 581 4958 Sacerdotis.

158 4957 444 5048 Proin
485 4957 755 5048 telegitur
778 4975 830 5032 in
889 4975 984 5030 lib.
1038 4974 1116 5030 De
1165 4974 1367 5031 remed.
1411 4986 1624 5046 peccat.

108 5026 260 5087 melius
279 5026 453 5097 mente.

276 5096 497 5188 l.c.,rerx
528 5116 914 5188 imaginatione
952 5117 1279 5188 vehementi.
1310 5117 1416 5188 llic
1443 5132 1625 5175 canon

110 5171 350 5260 fﬁﬁgllect.
375 5171 676 5260 antiq.hi;
697 5188 874 5242 verbis
916 5171 1194 5260 refertur:
1234 5171 1253 5239 ἐ
1288 5187 1388 5255 Qui
1442 5171 1627 5259 impii:

1744 3229 2005 3301 jutorium
2030 3250 2232 3290 meum.
2262 3234 2364 3303 Qui
2390 3250 2574 3292 semen
2606 3238 2660 3292 in
2692 3238 2921 3295 ecclesia
2949 3239 3225 3297 dormiens
3253 3240 3337 3297 fu-

1750 3322 1909 3387 derit,
1944 3322 2029 3376 Ill.
2061 3323 2422 3394 diesjejunet,
2451 3340 2686 3396 peccans
2725 3342 2833 3383 non
2862 3328 3097 3398 pollutus
3120 3328 3335 3385 XXIIII.

1748 3417 1939 3486 psalm.
1973 3428 2173 3475 cantet.
2206 3420 2506 3493 Episc0pus
2530 3420 2736 3479 faciens
2765 3425 3176 3496 fornicationem
3198 3467 3214 3494 ,
3245 3428 3339 3483 de-

1749 3508 1979 3578 gradare
2017 3510 2235 3576 debent,
2264 3513 2379 3567 sive
2410 3521 2617 3582 septem
2652 3524 2747 3569 aut
2787 3514 2899 3570 XII.
2953 3532 3130 3572 annos
3162 3519 3337 3588 penit.

1750 3595 2057 3670 Presbyter,
2082 3608 2175 3654 aut
2206 3600 2466 3659 diaconus
2490 3601 2900 3659 fornicationem
2927 3605 3228 3661 naturalem
3254 3606 3335 3659 fa-

1748 3686 1896 3742 ciens
1918 3687 2032 3759 (56)
2061 3689 2271 3759 prolato
2300 3700 2429 3746 ante
2459 3694 2707 3749 monachi
2737 3705 2920 3749 votum
2954 3696 3067 3768 (57)
3112 3696 3196 3751 III.
3244 3712 3336 3751 an-

1749 3792 1848 3832 nos
1878 3780 2139 3848 pettiteat,
2170 3782 2385 3837 veniam
2423 3784 2569 3838 omni
2607 3785 2741 3841 hora
2763 3796 2954 3854 roget;
2993 3789 3340 3858 superposito

1749 3868 1861 3940 (58)
1890 3868 2054 3925 faciat
2082 3872 2134 3925 in
2163 3887 2486 3945 unaquaque
2509 3876 2866 3943 ltebdomada,
2898 3879 3141 3948 exceptis
3171 3878 3329 3949 quin-

1748 3960 2096 4031 quagesimis,
2127 3970 2247 4031 post
2274 3963 2760 4035 superpositioncm
2807 3965 2919 4037 (59)
2971 3982 3164 4037 [tantem
3216 3968 3337 4022 sine

1728 4040 2000 4110 'mensnra
2051 4065 2253 4121 utatur,
2286 4066 2341 4113 et
2387 4057 2591 4113 fercuio
2644 4059 2986 4130 aliquatenus
3022 4061 3213 4116 butero
3249 4061 3336 4116 in-

1747 4145 2034 4216 pinquato,‘
2051 4147 2155 4202 hoc
2189 4156 2273 4203 est
2321 4148 2645 4218 quadrante,
2686 4159 2742 4203 et
2793 4148 2883 4204 die
2928 4150 3198 4205 dominica
3252 4151 3335 4206 sic

1745 4237 1933 4292 vivat:
1963 4238 2160 4294 ceteris
2187 4254 2315 4295 vero
2341 4240 2531 4297 diebus
2576 4238 2743 4295 taxati
2776 4240 2934 4310 panis
2974 4255 3227 4297 mensura
3274 4252 3329 4295 et

1840 4414 1930 4483 52)
1959 4415 2224 4483 vapulem.
3264 4468 3269 4483 ι

1816 4415 1930 4485 (52)
1959 4415 2224 4486 vapulem.
3264 4468 3269 4483 ι

1809 4485 1922 4567 (55)
1948 4485 2357 4567 Locus'integer
2387 4487 2441 4543 in
2454 4488 2849 4567 _pq:nite_ntiali_
2871 4487 3104 4567 Romano
3126 4491 3195 4567 ab
3225 4492 3332 4567 Ha-

1741 4555 1955 4624 litgario
1980 4570 2066 4625 ep.
2096 4555 2486 4612 Cameracensi'
2508 4560 2780 4626 descripto
2812 4560 2898 4615 tit.
2929 4560 2964 4615 9
3011 4564 3080 4614 de
3114 4563 3331 4616 minutis

1739 4626 1936 4692 causis,
1983 4627 2058 4681 ita
2104 4628 2313 4681 habet:
2359 4645 2378 4678 ι
2433 4627 2593 4682 Pueri
2642 4628 2747 4684 [soli
2796 4631 3229 4686 sermocinantes
3275 4642 3332 4686 et

1740 4697 2206 4771 transgredientes
2236 4698 2815 4771 iustituta_seni_orum,
2849 4700 3023 4771 tribus
3072 4716 3331 4771 superpo-

1736 4767 2027 4823 sitionibus
2059 4769 2440 4823 emendentur.
2480 4768 2739 4824 Osculum
2771 4769 3097 4839 simpliciter
3130 4767 3334 4826 facii-no

1736 4846 1822 4910 tes
1871 4844 2078 4910 septem
2134 4838 2601 4910 superpositiones
2635 4839 2722 4910 (1.,
2755 4838 3331 4909 superpositionilms).

1735 4908 2116 4964 lllecebrosum
2160 4908 2403 4965 osculum
2441 4909 2560 4963 sine
2590 4908 3000 4978 inquinamento
3026 4949 3043 4975 ,
3082 4916 3120 4968 8
3149 4924 3341 4977 super-

1733 4979 2101 5051 poSilionesd:
2157 4994 2283 5038 cum
2341 4979 2753 5051 inquinamento
2808 4989 2993 5051 autem
3049 4983 3177 5037 sive
3206 4992 3344 5051 _am«_

1773 5050 1893 5124 Ie‘.“
1917 5087 1933 5112 ν
1989 5048 2070 5124 1⁵-
2111 5043 2638 5124 διεμετροεὶιῑριξῲυε
2664 5050 3092 5124 corrigantur.‘
3121 5070 3141 5104 ι
3195 5043 3352 5114 Apud

1732 5067 1893 5176 ﬂexo
1917 5087 1933 5112 ,
1989 5067 2057 5103 ιδ
2111 5067 2638 5124 superposmomuus
2672 5067 3045 5121 corrigantur.
3121 5070 3130 5103 l

2040 5120 2331 5252 ἳὲἕὲξηίι.
2358 5134 2413 5189 p.
2453 5119 2578 5174 567.
2610 5122 2699 5178 ed.
2736 5119 2918 5177 Venet.
2940 5119 3130 5175 Ηυξ.

1973 5230 2007 5255 .,
2045 5193 2212 5252 idem.
