  <div class='ocr_page' id='page_1' title='image "/cluster/home/n/w/nwhite01/storage/ocr_20150623/138/hvd.32044015471774/489.png"; bbox 0 0 3902 5334; ppageno 0'>
   <div class='ocr_carea' id='block_1_1' title="bbox 576 162 699 250">
    <p class='ocr_par' dir='ltr' id='par_1_1' title="bbox 576 162 699 250">
     <span class='ocr_line' id='line_1_1' title="bbox 576 162 699 250; baseline -0.016 0"><span class='ocrx_word' id='word_1_1' title='bbox 576 162 699 250; x_wconf 71' lang='grc'>’967</span> 
     </span>
    </p>
   </div>
   <div class='ocr_carea' id='block_1_2' title="bbox 1416 193 3813 263">
    <p class='ocr_par' dir='ltr' id='par_1_2' title="bbox 1416 193 3813 263">
     <span class='ocr_line' id='line_1_2' title="bbox 1416 193 3813 263; baseline 0.006 -14"><span class='ocrx_word' id='word_1_2' title='bbox 1416 194 1706 251; x_wconf 80' lang='lat' dir='ltr'><strong>APPEND.</strong></span> <span class='ocrx_word' id='word_1_3' title='bbox 1748 195 1843 252; x_wconf 79' lang='lat' dir='ltr'><strong>AD</strong></span> <span class='ocrx_word' id='word_1_4' title='bbox 1881 193 2056 253; x_wconf 66' lang='lat' dir='ltr'><strong>SAEC.</strong></span> <span class='ocrx_word' id='word_1_5' title='bbox 2099 197 2169 252; x_wconf 70' lang='grc' dir='ltr'><strong>Χ.</strong></span> <span class='ocrx_word' id='word_1_6' title='bbox 2207 228 2275 239; x_wconf 92' lang='grc'><strong>--</strong></span> <span class='ocrx_word' id='word_1_7' title='bbox 2315 197 2744 256; x_wconf 62' lang='lat' dir='ltr'><strong>MONUMELVTA</strong></span> <span class='ocrx_word' id='word_1_8' title='bbox 2781 199 3059 256; x_wconf 82' lang='lat' dir='ltr'><strong>LITURG.</strong></span> <span class='ocrx_word' id='word_1_9' title='bbox 3736 207 3813 263; x_wconf 68' lang='lat'><strong>963</strong></span> 
     </span>
    </p>
   </div>
   <div class='ocr_carea' id='block_1_3' title="bbox 584 294 3811 400">
    <p class='ocr_par' dir='ltr' id='par_1_3' title="bbox 584 294 3811 400">
     <span class='ocr_line' id='line_1_3' title="bbox 584 294 3811 400; baseline 0.005 -36"><span class='ocrx_word' id='word_1_10' title='bbox 584 310 753 365; x_wconf 79' lang='lat' dir='ltr'><strong>misso</strong></span> <span class='ocrx_word' id='word_1_11' title='bbox 778 323 947 379; x_wconf 90' lang='lat' dir='ltr'><strong>parvo</strong></span> <span class='ocrx_word' id='word_1_12' title='bbox 972 308 1285 381; x_wconf 80' lang='lat' dir='ltr'><strong>inpinguato</strong></span> <span class='ocrx_word' id='word_1_13' title='bbox 1316 310 1477 366; x_wconf 90' lang='lat' dir='ltr'><strong>horto</strong></span> <span class='ocrx_word' id='word_1_14' title='bbox 1512 311 1695 377; x_wconf 89' lang='lat' dir='ltr'><strong>oleris,</strong></span> <span class='ocrx_word' id='word_1_15' title='bbox 1722 312 1853 384; x_wconf 69' lang='lat'><strong>(60).</strong></span> <span class='ocrx_word' id='word_1_16' title='bbox 1882 314 2000 368; x_wconf 86' lang='lat' dir='ltr'><strong>ovis</strong></span> <span class='ocrx_word' id='word_1_17' title='bbox 2040 329 2175 383; x_wconf 88' lang='lat' dir='ltr'><strong>pau-</strong></span> <span class='ocrx_word' id='word_1_18' title='bbox 2203 320 2247 377; x_wconf 76' lang='grc' dir='ltr'><strong>Α</strong></span> <span class='ocrx_word' id='word_1_19' title='bbox 2280 315 2321 370; x_wconf 83' lang='lat' dir='ltr'><strong>V</strong></span> <span class='ocrx_word' id='word_1_20' title='bbox 2356 330 2421 371; x_wconf 78' lang='lat' dir='ltr'><strong>ex</strong></span> <span class='ocrx_word' id='word_1_21' title='bbox 2462 314 2606 371; x_wconf 85' lang='lat' dir='ltr'><strong>iisin</strong></span> <span class='ocrx_word' id='word_1_22' title='bbox 2631 330 2769 385; x_wconf 87' lang='lat' dir='ltr'><strong>pane</strong></span> <span class='ocrx_word' id='word_1_23' title='bbox 2795 324 2848 400; x_wconf 76' lang='lat' dir='ltr'><strong>et</strong></span> <span class='ocrx_word' id='word_1_24' title='bbox 2876 330 3036 386; x_wconf 88' lang='lat' dir='ltr'><strong>aqua.</strong></span> <span class='ocrx_word' id='word_1_25' title='bbox 3075 314 3133 372; x_wconf 93' lang='lat' dir='ltr'><strong>Si</strong></span> <span class='ocrx_word' id='word_1_26' title='bbox 3154 294 3382 374; x_wconf 87' lang='lat' dir='ltr'><strong>clericus</strong></span> <span class='ocrx_word' id='word_1_27' title='bbox 3414 318 3705 388; x_wconf 75' lang='lat' dir='ltr'><strong>superioris</strong></span> <span class='ocrx_word' id='word_1_28' title='bbox 3721 338 3811 392; x_wconf 70' lang='lat' dir='ltr'><strong>gra-</strong></span> 
     </span>
    </p>
   </div>
   <div class='ocr_carea' id='block_1_4' title="bbox 587 400 2172 477">
    <p class='ocr_par' dir='ltr' id='par_1_4' title="bbox 587 400 2172 477">
     <span class='ocr_line' id='line_1_4' title="bbox 587 400 2172 477; baseline 0.001 -21"><span class='ocrx_word' id='word_1_29' title='bbox 587 402 687 466; x_wconf 85' lang='lat' dir='ltr'><strong>cis,</strong></span> <span class='ocrx_word' id='word_1_30' title='bbox 715 401 999 455; x_wconf 86' lang='lat' dir='ltr'><strong>l‘ormatico</strong></span> <span class='ocrx_word' id='word_1_31' title='bbox 1021 401 1183 455; x_wconf 86' lang='lat' dir='ltr'><strong>imina</strong></span> <span class='ocrx_word' id='word_1_32' title='bbox 1226 400 1380 477; x_wconf 81' lang='lat' dir='ltr'><strong>laetis</strong></span> <span class='ocrx_word' id='word_1_33' title='bbox 1410 417 1508 472; x_wconf 90' lang='lat' dir='ltr'><strong>per</strong></span> <span class='ocrx_word' id='word_1_34' title='bbox 1537 400 1867 472; x_wconf 81' lang='lat' dir='ltr'><strong>ﬂagilitatem</strong></span> <span class='ocrx_word' id='word_1_35' title='bbox 1918 418 2172 472; x_wconf 87' lang='lat' dir='ltr'><strong>corpora-</strong></span> 
     </span>
    </p>
   </div>
   <div class='ocr_carea' id='block_1_5' title="bbox 585 490 2171 562">
    <p class='ocr_par' dir='ltr' id='par_1_5' title="bbox 585 490 2171 562">
     <span class='ocr_line' id='line_1_5' title="bbox 585 490 2171 562; baseline 0.002 -17"><span class='ocrx_word' id='word_1_36' title='bbox 585 492 689 546; x_wconf 76' lang='lat' dir='ltr'><strong>lem</strong></span> <span class='ocrx_word' id='word_1_37' title='bbox 721 491 987 545; x_wconf 89' lang='lat' dir='ltr'><strong>tenuicula</strong></span> <span class='ocrx_word' id='word_1_38' title='bbox 1039 490 1121 544; x_wconf 86' lang='lat' dir='ltr'><strong>vel</strong></span> <span class='ocrx_word' id='word_1_39' title='bbox 1170 493 1394 561; x_wconf 89' lang='lat' dir='ltr'><strong>pabluto</strong></span> <span class='ocrx_word' id='word_1_40' title='bbox 1436 492 1593 548; x_wconf 90' lang='lat' dir='ltr'><strong>lactis</strong></span> <span class='ocrx_word' id='word_1_41' title='bbox 1635 493 1864 548; x_wconf 92' lang='lat' dir='ltr'><strong>sestario</strong></span> <span class='ocrx_word' id='word_1_42' title='bbox 1910 508 2009 562; x_wconf 87' lang='lat' dir='ltr'><strong>pro</strong></span> <span class='ocrx_word' id='word_1_43' title='bbox 2052 492 2171 548; x_wconf 88' lang='lat' dir='ltr'><strong>silis</strong></span> 
     </span>
    </p>
   </div>
   <div class='ocr_carea' id='block_1_6' title="bbox 586 580 2171 653">
    <p class='ocr_par' dir='ltr' id='par_1_6' title="bbox 586 580 2171 653">
     <span class='ocr_line' id='line_1_6' title="bbox 586 580 2171 653; baseline 0.004 -20"><span class='ocrx_word' id='word_1_44' title='bbox 586 581 758 652; x_wconf 75' lang='lat' dir='ltr'><strong>gratia</strong></span> <span class='ocrx_word' id='word_1_45' title='bbox 792 590 846 634; x_wconf 85' lang='lat' dir='ltr'><strong>et</strong></span> <span class='ocrx_word' id='word_1_46' title='bbox 868 580 1091 649; x_wconf 83' lang='lat' dir='ltr'><strong>aquatili</strong></span> <span class='ocrx_word' id='word_1_47' title='bbox 1121 591 1270 650; x_wconf 91' lang='lat' dir='ltr'><strong>potu,</strong></span> <span class='ocrx_word' id='word_1_48' title='bbox 1312 583 1358 637; x_wconf 90' lang='lat' dir='ltr'><strong>si</strong></span> <span class='ocrx_word' id='word_1_49' title='bbox 1387 583 1671 652; x_wconf 78' lang='lat' dir='ltr'><strong>operarius</strong></span> <span class='ocrx_word' id='word_1_50' title='bbox 1710 593 1812 648; x_wconf 88' lang='lat' dir='ltr'><strong>est,</strong></span> <span class='ocrx_word' id='word_1_51' title='bbox 1866 583 2171 653; x_wconf 88' lang='lat' dir='ltr'><strong>lectumque</strong></span> 
     </span>
    </p>
   </div>
   <div class='ocr_carea' id='block_1_7' title="bbox 585 671 2167 745">
    <p class='ocr_par' dir='ltr' id='par_1_7' title="bbox 585 671 2167 745">
     <span class='ocr_line' id='line_1_7' title="bbox 585 671 2167 745; baseline 0.001 -17"><span class='ocrx_word' id='word_1_52' title='bbox 585 689 692 728; x_wconf 84' lang='lat' dir='ltr'><strong>non</strong></span> <span class='ocrx_word' id='word_1_53' title='bbox 724 674 889 727; x_wconf 90' lang='lat' dir='ltr'><strong>multo</strong></span> <span class='ocrx_word' id='word_1_54' title='bbox 927 671 1074 727; x_wconf 57' lang='lat' dir='ltr'><strong>foeno</strong></span> <span class='ocrx_word' id='word_1_55' title='bbox 1103 674 1300 728; x_wconf 89' lang='lat' dir='ltr'><strong>habeat</strong></span> <span class='ocrx_word' id='word_1_56' title='bbox 1330 675 1544 729; x_wconf 87' lang='lat' dir='ltr'><strong>instrati</strong></span> <span class='ocrx_word' id='word_1_57' title='bbox 1573 691 1669 744; x_wconf 89' lang='lat' dir='ltr'><strong>per</strong></span> <span class='ocrx_word' id='word_1_58' title='bbox 1692 675 1773 729; x_wconf 92' lang='lat' dir='ltr'><strong>lll.</strong></span> <span class='ocrx_word' id='word_1_59' title='bbox 1816 674 2167 745; x_wconf 84' lang='lat' dir='ltr'><strong>quadragesi-</strong></span> 
     </span>
    </p>
   </div>
   <div class='ocr_carea' id='block_1_8' title="bbox 582 764 2165 836">
    <p class='ocr_par' dir='ltr' id='par_1_8' title="bbox 582 764 2165 836">
     <span class='ocr_line' id='line_1_8' title="bbox 582 764 2165 836; baseline 0 -19"><span class='ocrx_word' id='word_1_60' title='bbox 582 780 686 817; x_wconf 75' lang='lat' dir='ltr'><strong>mae</strong></span> <span class='ocrx_word' id='word_1_61' title='bbox 715 779 886 818; x_wconf 86' lang='lat' dir='ltr'><strong>annos</strong></span> <span class='ocrx_word' id='word_1_62' title='bbox 916 764 1078 818; x_wconf 92' lang='lat' dir='ltr'><strong>addat</strong></span> <span class='ocrx_word' id='word_1_63' title='bbox 1099 765 1302 834; x_wconf 85' lang='lat' dir='ltr'><strong>aliquid</strong></span> <span class='ocrx_word' id='word_1_64' title='bbox 1332 774 1491 835; x_wconf 83' lang='lat' dir='ltr'><strong>prout</strong></span> <span class='ocrx_word' id='word_1_65' title='bbox 1516 766 1687 820; x_wconf 87' lang='lat' dir='ltr'><strong>virtus</strong></span> <span class='ocrx_word' id='word_1_66' title='bbox 1711 765 1831 836; x_wconf 88' lang='lat' dir='ltr'><strong>ejus</strong></span> <span class='ocrx_word' id='word_1_67' title='bbox 1865 766 2165 832; x_wconf 78' lang='lat' dir='ltr'><strong>admisezit,</strong></span> 
     </span>
    </p>
   </div>
   <div class='ocr_carea' id='block_1_9' title="bbox 580 854 2169 924">
    <p class='ocr_par' dir='ltr' id='par_1_9' title="bbox 580 854 2169 924">
     <span class='ocr_line' id='line_1_9' title="bbox 580 854 2169 924; baseline 0.001 -16"><span class='ocrx_word' id='word_1_68' title='bbox 580 869 799 922; x_wconf 86' lang='lat' dir='ltr'><strong>semper</strong></span> <span class='ocrx_word' id='word_1_69' title='bbox 827 870 891 909; x_wconf 76' lang='lat' dir='ltr'><strong>ex</strong></span> <span class='ocrx_word' id='word_1_70' title='bbox 924 854 1115 908; x_wconf 90' lang='lat' dir='ltr'><strong>intimo</strong></span> <span class='ocrx_word' id='word_1_71' title='bbox 1146 855 1328 909; x_wconf 81' lang='lat' dir='ltr'><strong>cordis</strong></span> <span class='ocrx_word' id='word_1_72' title='bbox 1366 854 1580 909; x_wconf 84' lang='lat' dir='ltr'><strong>demeat</strong></span> <span class='ocrx_word' id='word_1_73' title='bbox 1604 854 1817 924; x_wconf 80' lang='lat' dir='ltr'><strong>culpam</strong></span> <span class='ocrx_word' id='word_1_74' title='bbox 1843 870 2019 920; x_wconf 88' lang='lat' dir='ltr'><strong>suam,</strong></span> <span class='ocrx_word' id='word_1_75' title='bbox 2047 856 2169 910; x_wconf 86' lang='lat' dir='ltr'><strong>obe-</strong></span> 
     </span>
    </p>
   </div>
   <div class='ocr_carea' id='block_1_10' title="bbox 579 946 2169 1026">
    <p class='ocr_par' dir='ltr' id='par_1_10' title="bbox 579 946 2169 1026">
     <span class='ocr_line' id='line_1_10' title="bbox 579 946 2169 1026; baseline 0.003 -26"><span class='ocrx_word' id='word_1_76' title='bbox 579 946 788 1001; x_wconf 87' lang='lat' dir='ltr'><strong>dientie</strong></span> <span class='ocrx_word' id='word_1_77' title='bbox 825 963 944 1019; x_wconf 69' lang='lat' dir='ltr'><strong>qua:</strong></span> <span class='ocrx_word' id='word_1_78' title='bbox 973 948 1222 1003; x_wconf 90' lang='lat' dir='ltr'><strong>omnibus</strong></span> <span class='ocrx_word' id='word_1_79' title='bbox 1251 949 1604 1026; x_wconf 75' lang='lat' dir='ltr'><strong>libentissime</strong></span> <span class='ocrx_word' id='word_1_80' title='bbox 1647 949 1879 1017; x_wconf 79' lang='lat' dir='ltr'><strong>excipiat</strong></span> <span class='ocrx_word' id='word_1_81' title='bbox 1911 960 2032 1019; x_wconf 90' lang='lat' dir='ltr'><strong>post</strong></span> <span class='ocrx_word' id='word_1_82' title='bbox 2076 966 2169 1004; x_wconf 89' lang='lat' dir='ltr'><strong>an-</strong></span> 
     </span>
    </p>
   </div>
   <div class='ocr_carea' id='block_1_11' title="bbox 580 1039 2166 1112">
    <p class='ocr_par' dir='ltr' id='par_1_11' title="bbox 580 1039 2166 1112">
     <span class='ocr_line' id='line_1_11' title="bbox 580 1039 2166 1112; baseline 0.002 -19"><span class='ocrx_word' id='word_1_83' title='bbox 580 1054 708 1093; x_wconf 87' lang='lat' dir='ltr'><strong>num</strong></span> <span class='ocrx_word' id='word_1_84' title='bbox 738 1047 791 1093; x_wconf 89' lang='lat' dir='ltr'><strong>et</strong></span> <span class='ocrx_word' id='word_1_85' title='bbox 821 1039 1506 1095; x_wconf 86' lang='lat' dir='ltr'><strong>dimidiumeucharistiam</strong></span> <span class='ocrx_word' id='word_1_86' title='bbox 1554 1049 1730 1096; x_wconf 84' lang='lat' dir='ltr'><strong>sumat</strong></span> <span class='ocrx_word' id='word_1_87' title='bbox 1758 1053 1809 1097; x_wconf 89' lang='lat' dir='ltr'><strong>et</strong></span> <span class='ocrx_word' id='word_1_88' title='bbox 1861 1041 1929 1095; x_wconf 87' lang='lat' dir='ltr'><strong>ad</strong></span> <span class='ocrx_word' id='word_1_89' title='bbox 1979 1055 2166 1112; x_wconf 87' lang='lat' dir='ltr'><strong>pacem</strong></span> 
     </span>
    </p>
   </div>
   <div class='ocr_carea' id='block_1_12' title="bbox 580 1130 2166 1200">
    <p class='ocr_par' dir='ltr' id='par_1_12' title="bbox 580 1130 2166 1200">
     <span class='ocr_line' id='line_1_12' title="bbox 580 1130 2166 1200; baseline 0.002 -16"><span class='ocrx_word' id='word_1_90' title='bbox 580 1131 806 1195; x_wconf 85' lang='lat' dir='ltr'><strong>veniat;</strong></span> <span class='ocrx_word' id='word_1_91' title='bbox 857 1130 1095 1198; x_wconf 81' lang='lat' dir='ltr'><strong>psalmos</strong></span> <span class='ocrx_word' id='word_1_92' title='bbox 1138 1145 1260 1184; x_wconf 90' lang='lat' dir='ltr'><strong>cum</strong></span> <span class='ocrx_word' id='word_1_93' title='bbox 1304 1131 1568 1185; x_wconf 78' lang='lat' dir='ltr'><strong>fratribus</strong></span> <span class='ocrx_word' id='word_1_94' title='bbox 1612 1139 1795 1197; x_wconf 87' lang='lat' dir='ltr'><strong>canat,</strong></span> <span class='ocrx_word' id='word_1_95' title='bbox 1842 1147 1910 1186; x_wconf 90' lang='lat' dir='ltr'><strong>ne</strong></span> <span class='ocrx_word' id='word_1_96' title='bbox 1953 1133 2166 1200; x_wconf 84' lang='lat' dir='ltr'><strong>penitus</strong></span> 
     </span>
    </p>
   </div>
   <div class='ocr_carea' id='block_1_13' title="bbox 581 1222 2165 1295">
    <p class='ocr_par' dir='ltr' id='par_1_13' title="bbox 581 1222 2165 1295">
     <span class='ocr_line' id='line_1_13' title="bbox 581 1222 2165 1295; baseline 0.002 -20"><span class='ocrx_word' id='word_1_97' title='bbox 581 1222 764 1275; x_wconf 90' lang='lat' dir='ltr'><strong>anima</strong></span> <span class='ocrx_word' id='word_1_98' title='bbox 794 1230 948 1275; x_wconf 88' lang='lat' dir='ltr'><strong>tanto</strong></span> <span class='ocrx_word' id='word_1_99' title='bbox 979 1230 1219 1292; x_wconf 89' lang='lat' dir='ltr'><strong>tempore</strong></span> <span class='ocrx_word' id='word_1_100' title='bbox 1259 1222 1499 1278; x_wconf 74' lang='lat' dir='ltr'><strong>cmlestis</strong></span> <span class='ocrx_word' id='word_1_101' title='bbox 1525 1224 1793 1278; x_wconf 85' lang='lat' dir='ltr'><strong>medicina</strong></span> <span class='ocrx_word' id='word_1_102' title='bbox 1832 1223 1944 1295; x_wconf 78' lang='lat'><strong>(61)</strong></span> <span class='ocrx_word' id='word_1_103' title='bbox 1978 1224 2165 1294; x_wconf 73' lang='lat' dir='ltr'><strong>jejuna</strong></span> 
     </span>
    </p>
   </div>
   <div class='ocr_carea' id='block_1_14' title="bbox 579 1310 2163 1383">
    <p class='ocr_par' dir='ltr' id='par_1_14' title="bbox 579 1310 2163 1383">
     <span class='ocr_line' id='line_1_14' title="bbox 579 1310 2163 1383; baseline 0.001 -17"><span class='ocrx_word' id='word_1_104' title='bbox 579 1312 848 1376; x_wconf 87' lang='lat' dir='ltr'><strong>intereat;</strong></span> <span class='ocrx_word' id='word_1_105' title='bbox 883 1310 994 1381; x_wconf 68' lang='lat'><strong>(6&#39;2)</strong></span> <span class='ocrx_word' id='word_1_106' title='bbox 1026 1312 1071 1366; x_wconf 90' lang='lat' dir='ltr'><strong>si</strong></span> <span class='ocrx_word' id='word_1_107' title='bbox 1105 1311 1363 1365; x_wconf 79' lang='lat' dir='ltr'><strong>inferiore</strong></span> <span class='ocrx_word' id='word_1_108' title='bbox 1391 1311 1562 1382; x_wconf 78' lang='lat' dir='ltr'><strong>gradu</strong></span> <span class='ocrx_word' id='word_1_109' title='bbox 1611 1315 1761 1383; x_wconf 87' lang='lat' dir='ltr'><strong>prius</strong></span> <span class='ocrx_word' id='word_1_110' title='bbox 1802 1313 1926 1382; x_wconf 82' lang='lat' dir='ltr'><strong>quis</strong></span> <span class='ocrx_word' id='word_1_111' title='bbox 1972 1329 2163 1367; x_wconf 86' lang='lat' dir='ltr'><strong>mona-</strong></span> 
     </span>
    </p>
   </div>
   <div class='ocr_carea' id='block_1_15' title="bbox 578 1404 2162 1475">
    <p class='ocr_par' dir='ltr' id='par_1_15' title="bbox 578 1404 2162 1475">
     <span class='ocr_line' id='line_1_15' title="bbox 578 1404 2162 1475; baseline 0.002 -16"><span class='ocrx_word' id='word_1_112' title='bbox 578 1404 736 1467; x_wconf 85' lang='lat' dir='ltr'><strong>chus,</strong></span> <span class='ocrx_word' id='word_1_113' title='bbox 766 1404 848 1458; x_wconf 95' lang='lat' dir='ltr'><strong>lll.</strong></span> <span class='ocrx_word' id='word_1_114' title='bbox 878 1405 1095 1474; x_wconf 82' lang='lat' dir='ltr'><strong>quidem</strong></span> <span class='ocrx_word' id='word_1_115' title='bbox 1119 1420 1291 1461; x_wconf 89' lang='lat' dir='ltr'><strong>annos</strong></span> <span class='ocrx_word' id='word_1_116' title='bbox 1316 1406 1572 1475; x_wconf 87' lang='lat' dir='ltr'><strong>peniteat,</strong></span> <span class='ocrx_word' id='word_1_117' title='bbox 1610 1407 1705 1463; x_wconf 86' lang='lat' dir='ltr'><strong>sed</strong></span> <span class='ocrx_word' id='word_1_118' title='bbox 1754 1423 2006 1462; x_wconf 90' lang='lat' dir='ltr'><strong>mensura</strong></span> <span class='ocrx_word' id='word_1_119' title='bbox 2055 1423 2162 1462; x_wconf 87' lang='lat' dir='ltr'><strong>non</strong></span> 
     </span>
    </p>
   </div>
   <div class='ocr_carea' id='block_1_16' title="bbox 577 1487 2163 1566">
    <p class='ocr_par' dir='ltr' id='par_1_16' title="bbox 577 1487 2163 1566">
     <span class='ocr_line' id='line_1_16' title="bbox 577 1487 2163 1566; baseline 0.003 -19"><span class='ocrx_word' id='word_1_120' title='bbox 577 1504 840 1566; x_wconf 76' lang='lat' dir='ltr'><strong>gravetur</strong></span> <span class='ocrx_word' id='word_1_121' title='bbox 870 1495 1042 1565; x_wconf 89' lang='lat' dir='ltr'><strong>panis,</strong></span> <span class='ocrx_word' id='word_1_122' title='bbox 1083 1487 1127 1551; x_wconf 79' lang='lat' dir='ltr'><strong>si</strong></span> <span class='ocrx_word' id='word_1_123' title='bbox 1165 1496 1449 1565; x_wconf 84' lang='lat' dir='ltr'><strong>operarius</strong></span> <span class='ocrx_word' id='word_1_124' title='bbox 1485 1506 1589 1564; x_wconf 89' lang='lat' dir='ltr'><strong>est,</strong></span> <span class='ocrx_word' id='word_1_125' title='bbox 1638 1497 1877 1553; x_wconf 83' lang='lat' dir='ltr'><strong>sextario</strong></span> <span class='ocrx_word' id='word_1_126' title='bbox 1925 1498 1990 1553; x_wconf 88' lang='lat' dir='ltr'><strong>de</strong></span> <span class='ocrx_word' id='word_1_127' title='bbox 2026 1498 2163 1552; x_wconf 86' lang='lat' dir='ltr'><strong>lacte</strong></span> 
     </span>
    </p>
   </div>
   <div class='ocr_carea' id='block_1_17' title="bbox 582 1587 2161 1660">
    <p class='ocr_par' dir='ltr' id='par_1_17' title="bbox 582 1587 2161 1660">
     <span class='ocr_line' id='line_1_17' title="bbox 582 1587 2161 1660; baseline 0.001 -19"><span class='ocrx_word' id='word_1_128' title='bbox 582 1601 805 1641; x_wconf 88' lang='lat' dir='ltr'><strong>romane</strong></span> <span class='ocrx_word' id='word_1_129' title='bbox 829 1597 883 1641; x_wconf 87' lang='lat' dir='ltr'><strong>et</strong></span> <span class='ocrx_word' id='word_1_130' title='bbox 916 1587 1022 1641; x_wconf 89' lang='lat' dir='ltr'><strong>alio</strong></span> <span class='ocrx_word' id='word_1_131' title='bbox 1046 1587 1258 1642; x_wconf 89' lang='lat' dir='ltr'><strong>tenuela</strong></span> <span class='ocrx_word' id='word_1_132' title='bbox 1285 1596 1341 1641; x_wconf 92' lang='lat' dir='ltr'><strong>et</strong></span> <span class='ocrx_word' id='word_1_133' title='bbox 1362 1603 1523 1658; x_wconf 89' lang='lat' dir='ltr'><strong>aqua,</strong></span> <span class='ocrx_word' id='word_1_134' title='bbox 1554 1598 1814 1660; x_wconf 86' lang='lat' dir='ltr'><strong>quantum</strong></span> <span class='ocrx_word' id='word_1_135' title='bbox 1845 1587 2042 1643; x_wconf 77' lang='lat' dir='ltr'><strong>sufﬁcit</strong></span> <span class='ocrx_word' id='word_1_136' title='bbox 2065 1603 2161 1659; x_wconf 90' lang='lat' dir='ltr'><strong>pro</strong></span> 
     </span>
    </p>
   </div>
   <div class='ocr_carea' id='block_1_18' title="bbox 2274 405 3812 477">
    <p class='ocr_par' dir='ltr' id='par_1_18' title="bbox 2274 405 3812 477">
     <span class='ocr_line' id='line_1_18' title="bbox 2274 405 3812 477; baseline 0.005 -16"><span class='ocrx_word' id='word_1_137' title='bbox 2274 405 2395 470; x_wconf 89' lang='lat' dir='ltr'><strong>dus,</strong></span> <span class='ocrx_word' id='word_1_138' title='bbox 2423 405 2516 475; x_wconf 86' lang='lat' dir='ltr'><strong>qui</strong></span> <span class='ocrx_word' id='word_1_139' title='bbox 2552 420 2776 459; x_wconf 79' lang='lat' dir='ltr'><strong>uxorem</strong></span> <span class='ocrx_word' id='word_1_140' title='bbox 2808 406 3019 472; x_wconf 85' lang='lat' dir='ltr'><strong>habuit,</strong></span> <span class='ocrx_word' id='word_1_141' title='bbox 3070 416 3125 462; x_wconf 91' lang='lat' dir='ltr'><strong>et</strong></span> <span class='ocrx_word' id='word_1_142' title='bbox 3163 417 3287 477; x_wconf 88' lang='lat' dir='ltr'><strong>post</strong></span> <span class='ocrx_word' id='word_1_143' title='bbox 3329 408 3715 466; x_wconf 81' lang='lat' dir='ltr'><strong>confessionem</strong></span> <span class='ocrx_word' id='word_1_144' title='bbox 3750 418 3812 469; x_wconf 81' lang='lat' dir='ltr'><strong>rel</strong></span> 
     </span>
    </p>
   </div>
   <div class='ocr_carea' id='block_1_19' title="bbox 2272 491 3811 568">
    <p class='ocr_par' dir='ltr' id='par_1_19' title="bbox 2272 491 3811 568">
     <span class='ocr_line' id='line_1_19' title="bbox 2272 491 3811 568; baseline 0.007 -22"><span class='ocrx_word' id='word_1_145' title='bbox 2272 491 2534 549; x_wconf 84' lang='lat' dir='ltr'><strong>honorem</strong></span> <span class='ocrx_word' id='word_1_146' title='bbox 2587 491 2874 548; x_wconf 89' lang='lat' dir='ltr'><strong>clericatus</strong></span> <span class='ocrx_word' id='word_1_147' title='bbox 2930 494 3126 550; x_wconf 86' lang='lat' dir='ltr'><strong>iterum</strong></span> <span class='ocrx_word' id='word_1_148' title='bbox 3177 510 3298 551; x_wconf 83' lang='lat' dir='ltr'><strong>eam</strong></span> <span class='ocrx_word' id='word_1_149' title='bbox 3332 499 3665 568; x_wconf 80' lang='lat' dir='ltr'><strong>cognoverit,</strong></span> <span class='ocrx_word' id='word_1_150' title='bbox 3708 505 3811 557; x_wconf 76' lang='lat' dir='ltr'><strong>sciat</strong></span> 
     </span>
    </p>
   </div>
   <div class='ocr_carea' id='block_1_20' title="bbox 2271 582 3806 656">
    <p class='ocr_par' dir='ltr' id='par_1_20' title="bbox 2271 582 3806 656">
     <span class='ocr_line' id='line_1_20' title="bbox 2271 582 3806 656; baseline 0.005 -20"><span class='ocrx_word' id='word_1_151' title='bbox 2271 582 2372 636; x_wconf 89' lang='lat' dir='ltr'><strong>sibi</strong></span> <span class='ocrx_word' id='word_1_152' title='bbox 2402 582 2728 636; x_wconf 88' lang='lat' dir='ltr'><strong>adulterium</strong></span> <span class='ocrx_word' id='word_1_153' title='bbox 2756 583 3113 647; x_wconf 81' lang='lat' dir='ltr'><strong>commisisse,</strong></span> <span class='ocrx_word' id='word_1_154' title='bbox 3145 586 3287 641; x_wconf 90' lang='lat' dir='ltr'><strong>sicut</strong></span> <span class='ocrx_word' id='word_1_155' title='bbox 3306 586 3592 656; x_wconf 85' lang='lat' dir='ltr'><strong>superiore</strong></span> <span class='ocrx_word' id='word_1_156' title='bbox 3627 599 3806 645; x_wconf 83' lang='lat' dir='ltr'><strong>senten-</strong></span> 
     </span>
    </p>
   </div>
   <div class='ocr_carea' id='block_1_21' title="bbox 2273 672 3811 750">
    <p class='ocr_par' dir='ltr' id='par_1_21' title="bbox 2273 672 3811 750">
     <span class='ocr_line' id='line_1_21' title="bbox 2273 672 3811 750; baseline 0.007 -25"><span class='ocrx_word' id='word_1_157' title='bbox 2273 673 2343 727; x_wconf 87' lang='lat' dir='ltr'><strong>tia</strong></span> <span class='ocrx_word' id='word_1_158' title='bbox 2376 674 2743 743; x_wconf 83' lang='lat' dir='ltr'><strong>unusquisque</strong></span> <span class='ocrx_word' id='word_1_159' title='bbox 2786 672 2943 743; x_wconf 82' lang='lat' dir='ltr'><strong>juxta</strong></span> <span class='ocrx_word' id='word_1_160' title='bbox 2974 676 3167 731; x_wconf 88' lang='lat' dir='ltr'><strong>ordine</strong></span> <span class='ocrx_word' id='word_1_161' title='bbox 3214 692 3312 733; x_wconf 91' lang='lat' dir='ltr'><strong>suo</strong></span> <span class='ocrx_word' id='word_1_162' title='bbox 3340 679 3601 747; x_wconf 85' lang='lat' dir='ltr'><strong>peniteat.</strong></span> <span class='ocrx_word' id='word_1_163' title='bbox 3646 678 3697 733; x_wconf 87' lang='lat' dir='ltr'><strong>Si</strong></span> <span class='ocrx_word' id='word_1_164' title='bbox 3721 683 3811 750; x_wconf 78' lang='lat' dir='ltr'><strong>quis</strong></span> 
     </span>
    </p>
   </div>
   <div class='ocr_carea' id='block_1_22' title="bbox 2269 764 3812 841">
    <p class='ocr_par' dir='ltr' id='par_1_22' title="bbox 2269 764 3812 841">
     <span class='ocr_line' id='line_1_22' title="bbox 2269 764 3812 841; baseline 0.005 -23"><span class='ocrx_word' id='word_1_165' title='bbox 2269 764 2603 834; x_wconf 82' lang='lat' dir='ltr'><strong>concupiscit</strong></span> <span class='ocrx_word' id='word_1_166' title='bbox 2636 766 2915 821; x_wconf 77' lang='lat' dir='ltr'><strong>mulierem</strong></span> <span class='ocrx_word' id='word_1_167' title='bbox 2967 766 3217 834; x_wconf 89' lang='lat' dir='ltr'><strong>alienam,</strong></span> <span class='ocrx_word' id='word_1_168' title='bbox 3267 777 3323 824; x_wconf 92' lang='lat' dir='ltr'><strong>et</strong></span> <span class='ocrx_word' id='word_1_169' title='bbox 3356 785 3467 823; x_wconf 86' lang='lat' dir='ltr'><strong>non</strong></span> <span class='ocrx_word' id='word_1_170' title='bbox 3515 778 3699 838; x_wconf 87' lang='lat' dir='ltr'><strong>potens</strong></span> <span class='ocrx_word' id='word_1_171' title='bbox 3723 787 3812 841; x_wconf 80' lang='lat' dir='ltr'><strong>pec-</strong></span> 
     </span>
    </p>
   </div>
   <div class='ocr_carea' id='block_1_23' title="bbox 2269 858 3811 928">
    <p class='ocr_par' dir='ltr' id='par_1_23' title="bbox 2269 858 3811 928">
     <span class='ocr_line' id='line_1_23' title="bbox 2269 858 3811 928; baseline 0.005 -18"><span class='ocrx_word' id='word_1_172' title='bbox 2269 870 2396 910; x_wconf 89' lang='lat' dir='ltr'><strong>care</strong></span> <span class='ocrx_word' id='word_1_173' title='bbox 2419 870 2541 910; x_wconf 92' lang='lat' dir='ltr'><strong>cum</strong></span> <span class='ocrx_word' id='word_1_174' title='bbox 2572 869 2660 921; x_wconf 89' lang='lat' dir='ltr'><strong>ea,</strong></span> <span class='ocrx_word' id='word_1_175' title='bbox 2688 866 2782 910; x_wconf 91' lang='lat' dir='ltr'><strong>aut</strong></span> <span class='ocrx_word' id='word_1_176' title='bbox 2806 873 2911 911; x_wconf 91' lang='lat' dir='ltr'><strong>non</strong></span> <span class='ocrx_word' id='word_1_177' title='bbox 2944 858 3055 912; x_wconf 85' lang='lat' dir='ltr'><strong>vult</strong></span> <span class='ocrx_word' id='word_1_178' title='bbox 3079 873 3201 914; x_wconf 91' lang='lat' dir='ltr'><strong>eum</strong></span> <span class='ocrx_word' id='word_1_179' title='bbox 3231 860 3517 928; x_wconf 88' lang='lat' dir='ltr'><strong>suscipere</strong></span> <span class='ocrx_word' id='word_1_180' title='bbox 3558 860 3749 921; x_wconf 85' lang='lat' dir='ltr'><strong>mulier.</strong></span> <span class='ocrx_word' id='word_1_181' title='bbox 3778 865 3811 918; x_wconf 87' lang='lat' dir='ltr'><strong>si</strong></span> 
     </span>
    </p>
   </div>
   <div class='ocr_carea' id='block_1_24' title="bbox 2269 942 3812 1021">
    <p class='ocr_par' dir='ltr' id='par_1_24' title="bbox 2269 942 3812 1021">
     <span class='ocr_line' id='line_1_24' title="bbox 2269 942 3812 1021; baseline 0.005 -24"><span class='ocrx_word' id='word_1_182' title='bbox 2269 942 2440 999; x_wconf 87' lang='lat' dir='ltr'><strong>laicus</strong></span> <span class='ocrx_word' id='word_1_183' title='bbox 2467 944 2561 998; x_wconf 78' lang='lat' dir='ltr'><strong>XL</strong></span> <span class='ocrx_word' id='word_1_184' title='bbox 2594 946 2735 1020; x_wconf 80' lang='lat' dir='ltr'><strong>dies,</strong></span> <span class='ocrx_word' id='word_1_185' title='bbox 2754 945 2801 1000; x_wconf 91' lang='lat' dir='ltr'><strong>si</strong></span> <span class='ocrx_word' id='word_1_186' title='bbox 2828 946 3062 1003; x_wconf 89' lang='lat' dir='ltr'><strong>clericus</strong></span> <span class='ocrx_word' id='word_1_187' title='bbox 3089 956 3182 1001; x_wconf 90' lang='lat' dir='ltr'><strong>aut</strong></span> <span class='ocrx_word' id='word_1_188' title='bbox 3210 942 3517 1003; x_wconf 77' lang='lat' dir='ltr'><strong>monachus</strong></span> <span class='ocrx_word' id='word_1_189' title='bbox 3538 964 3721 1004; x_wconf 85' lang='lat' dir='ltr'><strong>annum</strong></span> <span class='ocrx_word' id='word_1_190' title='bbox 3743 967 3812 1021; x_wconf 80' lang='lat' dir='ltr'><strong>pe-</strong></span> 
     </span>
    </p>
   </div>
   <div class='ocr_carea' id='block_1_25' title="bbox 2271 1035 3812 1108">
    <p class='ocr_par' dir='ltr' id='par_1_25' title="bbox 2271 1035 3812 1108">
     <span class='ocr_line' id='line_1_25' title="bbox 2271 1035 3812 1108; baseline 0.005 -20"><span class='ocrx_word' id='word_1_191' title='bbox 2271 1035 2482 1088; x_wconf 90' lang='lat' dir='ltr'><strong>niteat:</strong></span> <span class='ocrx_word' id='word_1_192' title='bbox 2515 1035 2747 1090; x_wconf 90' lang='lat' dir='ltr'><strong>medium</strong></span> <span class='ocrx_word' id='word_1_193' title='bbox 2806 1036 2861 1090; x_wconf 88' lang='lat' dir='ltr'><strong>in</strong></span> <span class='ocrx_word' id='word_1_194' title='bbox 2897 1051 3035 1106; x_wconf 86' lang='lat' dir='ltr'><strong>pane</strong></span> <span class='ocrx_word' id='word_1_195' title='bbox 3072 1048 3127 1092; x_wconf 94' lang='lat' dir='ltr'><strong>et</strong></span> <span class='ocrx_word' id='word_1_196' title='bbox 3178 1052 3348 1108; x_wconf 83' lang='lat' dir='ltr'><strong>aqua;</strong></span> <span class='ocrx_word' id='word_1_197' title='bbox 3386 1038 3435 1093; x_wconf 90' lang='lat' dir='ltr'><strong>si</strong></span> <span class='ocrx_word' id='word_1_198' title='bbox 3489 1038 3733 1093; x_wconf 82' lang='lat' dir='ltr'><strong>diaconus</strong></span> <span class='ocrx_word' id='word_1_199' title='bbox 3765 1041 3812 1095; x_wconf 88' lang='lat' dir='ltr'><strong>IL</strong></span> 
     </span>
    </p>
   </div>
   <div class='ocr_carea' id='block_1_26' title="bbox 2267 1125 3813 1201">
    <p class='ocr_par' dir='ltr' id='par_1_26' title="bbox 2267 1125 3813 1201">
     <span class='ocr_line' id='line_1_26' title="bbox 2267 1125 3813 1201; baseline 0.003 -20"><span class='ocrx_word' id='word_1_200' title='bbox 2267 1125 2562 1198; x_wconf 87' lang='lat' dir='ltr'><strong>Presbyter</strong></span> <span class='ocrx_word' id='word_1_201' title='bbox 2582 1127 2671 1181; x_wconf 93' lang='lat' dir='ltr'><strong>lll.</strong></span> <span class='ocrx_word' id='word_1_202' title='bbox 2720 1126 2778 1182; x_wconf 91' lang='lat' dir='ltr'><strong>Si</strong></span> <span class='ocrx_word' id='word_1_203' title='bbox 2815 1128 2934 1198; x_wconf 89' lang='lat' dir='ltr'><strong>quis</strong></span> <span class='ocrx_word' id='word_1_204' title='bbox 2958 1128 3190 1185; x_wconf 73' lang='lat' dir='ltr'><strong>clericus</strong></span> <span class='ocrx_word' id='word_1_205' title='bbox 3218 1138 3311 1184; x_wconf 91' lang='lat' dir='ltr'><strong>aut</strong></span> <span class='ocrx_word' id='word_1_206' title='bbox 3341 1131 3661 1194; x_wconf 80' lang='lat' dir='ltr'><strong>monachus,</strong></span> <span class='ocrx_word' id='word_1_207' title='bbox 3701 1144 3813 1201; x_wconf 86' lang='lat' dir='ltr'><strong>post-</strong></span> 
     </span>
    </p>
   </div>
   <div class='ocr_carea' id='block_1_27' title="bbox 2268 1219 3811 1291">
    <p class='ocr_par' dir='ltr' id='par_1_27' title="bbox 2268 1219 3811 1291">
     <span class='ocr_line' id='line_1_27' title="bbox 2268 1219 3811 1291; baseline 0.003 -19"><span class='ocrx_word' id='word_1_208' title='bbox 2268 1234 2433 1289; x_wconf 83' lang='lat' dir='ltr'><strong>quam</strong></span> <span class='ocrx_word' id='word_1_209' title='bbox 2462 1233 2521 1274; x_wconf 88' lang='lat' dir='ltr'><strong>se</strong></span> <span class='ocrx_word' id='word_1_210' title='bbox 2543 1219 2819 1273; x_wconf 88' lang='lat' dir='ltr'><strong>devoverit</strong></span> <span class='ocrx_word' id='word_1_211' title='bbox 2842 1219 2954 1291; x_wconf 81' lang='lat'><strong>(65)</strong></span> <span class='ocrx_word' id='word_1_212' title='bbox 2970 1221 3036 1275; x_wconf 89' lang='lat' dir='ltr'><strong>ad</strong></span> <span class='ocrx_word' id='word_1_213' title='bbox 3057 1220 3370 1276; x_wconf 64' lang='lat' dir='ltr'><strong>saacularem</strong></span> <span class='ocrx_word' id='word_1_214' title='bbox 3391 1221 3636 1275; x_wconf 88' lang='lat' dir='ltr'><strong>habitum</strong></span> <span class='ocrx_word' id='word_1_215' title='bbox 3661 1223 3811 1277; x_wconf 83' lang='lat' dir='ltr'><strong>iterum</strong></span> 
     </span>
    </p>
   </div>
   <div class='ocr_carea' id='block_1_28' title="bbox 2267 1308 3812 1381">
    <p class='ocr_par' dir='ltr' id='par_1_28' title="bbox 2267 1308 3812 1381">
     <span class='ocr_line' id='line_1_28' title="bbox 2267 1308 3812 1381; baseline 0.005 -21"><span class='ocrx_word' id='word_1_216' title='bbox 2267 1322 2519 1375; x_wconf 82' lang='lat' dir='ltr'><strong>reversus</strong></span> <span class='ocrx_word' id='word_1_217' title='bbox 2545 1308 2725 1373; x_wconf 82' lang='lat' dir='ltr'><strong>fuerit,</strong></span> <span class='ocrx_word' id='word_1_218' title='bbox 2754 1319 2848 1365; x_wconf 88' lang='lat' dir='ltr'><strong>aut</strong></span> <span class='ocrx_word' id='word_1_219' title='bbox 2889 1324 3113 1365; x_wconf 81' lang='lat' dir='ltr'><strong>uxorem</strong></span> <span class='ocrx_word' id='word_1_220' title='bbox 3140 1310 3387 1375; x_wconf 80' lang='lat' dir='ltr'><strong>&#39;duxerit,</strong></span> <span class='ocrx_word' id='word_1_221' title='bbox 3425 1309 3478 1365; x_wconf 78' lang='grc' dir='ltr'>Χ</span> <span class='ocrx_word' id='word_1_222' title='bbox 3514 1326 3677 1367; x_wconf 85' lang='lat' dir='ltr'><strong>annos</strong></span> <span class='ocrx_word' id='word_1_223' title='bbox 3701 1315 3812 1381; x_wconf 64' lang='lat' dir='ltr'><strong>peni</strong></span> 
     </span>
    </p>
   </div>
   <div class='ocr_carea' id='block_1_29' title="bbox 2268 1396 3810 1474">
    <p class='ocr_par' dir='ltr' id='par_1_29' title="bbox 2268 1396 3810 1474">
     <span class='ocr_line' id='line_1_29' title="bbox 2268 1396 3810 1474; baseline 0.003 -19"><span class='ocrx_word' id='word_1_224' title='bbox 2268 1409 2407 1468; x_wconf 87' lang='lat' dir='ltr'><strong>teat;</strong></span> <span class='ocrx_word' id='word_1_225' title='bbox 2452 1401 2515 1456; x_wconf 88' lang='lat' dir='ltr'><strong>Ill</strong></span> <span class='ocrx_word' id='word_1_226' title='bbox 2542 1417 2610 1457; x_wconf 79' lang='lat' dir='ltr'><strong>ex</strong></span> <span class='ocrx_word' id='word_1_227' title='bbox 2638 1402 2723 1457; x_wconf 88' lang='lat' dir='ltr'><strong>his</strong></span> <span class='ocrx_word' id='word_1_228' title='bbox 2751 1403 2801 1457; x_wconf 89' lang='lat' dir='ltr'><strong>in</strong></span> <span class='ocrx_word' id='word_1_229' title='bbox 2844 1418 2982 1473; x_wconf 89' lang='lat' dir='ltr'><strong>pane</strong></span> <span class='ocrx_word' id='word_1_230' title='bbox 3024 1414 3081 1459; x_wconf 91' lang='lat' dir='ltr'><strong>et</strong></span> <span class='ocrx_word' id='word_1_231' title='bbox 3117 1396 3614 1473; x_wconf 73' lang='lat' dir='ltr'><strong>aqua,&#39;nunquam</strong></span> <span class='ocrx_word' id='word_1_232' title='bbox 3667 1415 3810 1474; x_wconf 72' lang='lat' dir='ltr'><strong>postea</strong></span> 
     </span>
    </p>
   </div>
   <div class='ocr_carea' id='block_1_30' title="bbox 2266 1494 3811 1567">
    <p class='ocr_par' dir='ltr' id='par_1_30' title="bbox 2266 1494 3811 1567">
     <span class='ocr_line' id='line_1_30' title="bbox 2266 1494 3811 1567; baseline 0.001 -17"><span class='ocrx_word' id='word_1_233' title='bbox 2266 1495 2319 1550; x_wconf 92' lang='lat' dir='ltr'><strong>in</strong></span> <span class='ocrx_word' id='word_1_234' title='bbox 2352 1494 2661 1567; x_wconf 79' lang='lat' dir='ltr'><strong>eonjugium</strong></span> <span class='ocrx_word' id='word_1_235' title='bbox 2714 1495 3025 1564; x_wconf 87' lang='lat' dir='ltr'><strong>copuletur;</strong></span> <span class='ocrx_word' id='word_1_236' title='bbox 3083 1495 3227 1566; x_wconf 82' lang='lat' dir='ltr'><strong>quod</strong></span> <span class='ocrx_word' id='word_1_237' title='bbox 3256 1495 3304 1550; x_wconf 92' lang='lat' dir='ltr'><strong>si</strong></span> <span class='ocrx_word' id='word_1_238' title='bbox 3351 1494 3614 1561; x_wconf 87' lang='lat' dir='ltr'><strong>noluerit,</strong></span> <span class='ocrx_word' id='word_1_239' title='bbox 3667 1507 3811 1551; x_wconf 79' lang='lat' dir='ltr'><strong>sancta</strong></span> 
     </span>
    </p>
   </div>
   <div class='ocr_carea' id='block_1_31' title="bbox 2266 1587 3811 1658">
    <p class='ocr_par' dir='ltr' id='par_1_31' title="bbox 2266 1587 3811 1658">
     <span class='ocr_line' id='line_1_31' title="bbox 2266 1587 3811 1658; baseline 0.001 -16"><span class='ocrx_word' id='word_1_240' title='bbox 2266 1587 2509 1653; x_wconf 90' lang='lat' dir='ltr'><strong>sinodus,</strong></span> <span class='ocrx_word' id='word_1_241' title='bbox 2535 1587 2616 1642; x_wconf 88' lang='lat' dir='ltr'><strong>vel</strong></span> <span class='ocrx_word' id='word_1_242' title='bbox 2648 1587 2804 1642; x_wconf 88' lang='lat' dir='ltr'><strong>sedes</strong></span> <span class='ocrx_word' id='word_1_243' title='bbox 2831 1588 3123 1658; x_wconf 91' lang='lat' dir='ltr'><strong>apostolica</strong></span> <span class='ocrx_word' id='word_1_244' title='bbox 3172 1587 3452 1657; x_wconf 84' lang='lat' dir='ltr'><strong>separabit</strong></span> <span class='ocrx_word' id='word_1_245' title='bbox 3485 1602 3583 1642; x_wconf 91' lang='lat' dir='ltr'><strong>eos</strong></span> <span class='ocrx_word' id='word_1_246' title='bbox 3630 1603 3660 1640; x_wconf 90' lang='lat' dir='ltr'><strong>a</strong></span> <span class='ocrx_word' id='word_1_247' title='bbox 3701 1603 3811 1643; x_wconf 47' lang='lat' dir='ltr'><strong>com.</strong></span> 
     </span>
    </p>
   </div>
   <div class='ocr_carea' id='block_1_32' title="bbox 579 1664 3812 1747">
    <p class='ocr_par' dir='ltr' id='par_1_32' title="bbox 579 1664 3812 1747">
     <span class='ocr_line' id='line_1_32' title="bbox 579 1664 3812 1747; baseline 0 -15"><span class='ocrx_word' id='word_1_248' title='bbox 579 1677 700 1732; x_wconf 90' lang='lat' dir='ltr'><strong>sitis</strong></span> <span class='ocrx_word' id='word_1_249' title='bbox 731 1677 925 1732; x_wconf 87' lang='lat' dir='ltr'><strong>ardore</strong></span> <span class='ocrx_word' id='word_1_250' title='bbox 953 1686 1151 1731; x_wconf 87' lang='lat' dir='ltr'><strong>sumat.</strong></span> <span class='ocrx_word' id='word_1_251' title='bbox 1186 1677 1241 1731; x_wconf 89' lang='lat' dir='ltr'><strong>Si</strong></span> <span class='ocrx_word' id='word_1_252' title='bbox 1284 1692 1415 1732; x_wconf 86' lang='lat' dir='ltr'><strong>vero</strong></span> <span class='ocrx_word' id='word_1_253' title='bbox 1443 1678 1561 1733; x_wconf 90' lang='lat' dir='ltr'><strong>sine</strong></span> <span class='ocrx_word' id='word_1_254' title='bbox 1589 1686 1714 1733; x_wconf 87' lang='lat' dir='ltr'><strong>voto</strong></span> <span class='ocrx_word' id='word_1_255' title='bbox 1748 1678 1998 1735; x_wconf 87' lang='lat' dir='ltr'><strong>monachi</strong></span> <span class='ocrx_word' id='word_1_256' title='bbox 2047 1692 2169 1747; x_wconf 81' lang='lat' dir='ltr'><strong>pre-</strong></span> <span class='ocrx_word' id='word_1_257' title='bbox 2198 1664 2244 1723; x_wconf 83' lang='grc' dir='ltr'><strong>Β</strong></span> <span class='ocrx_word' id='word_1_258' title='bbox 2277 1676 2531 1731; x_wconf 91' lang='lat' dir='ltr'><strong>munione</strong></span> <span class='ocrx_word' id='word_1_259' title='bbox 2559 1687 2614 1732; x_wconf 90' lang='lat' dir='ltr'><strong>et</strong></span> <span class='ocrx_word' id='word_1_260' title='bbox 2644 1678 2895 1732; x_wconf 88' lang='lat' dir='ltr'><strong>convivio</strong></span> <span class='ocrx_word' id='word_1_261' title='bbox 2922 1677 3350 1743; x_wconf 88' lang='lat' dir='ltr'><strong>catholicorum;</strong></span> <span class='ocrx_word' id='word_1_262' title='bbox 3378 1672 3637 1732; x_wconf 86' lang='lat' dir='ltr'><strong>similiter</strong></span> <span class='ocrx_word' id='word_1_263' title='bbox 3658 1687 3707 1733; x_wconf 85' lang='lat' dir='ltr'><strong>et</strong></span> <span class='ocrx_word' id='word_1_264' title='bbox 3728 1694 3812 1732; x_wconf 79' lang='lat' dir='ltr'><strong>ma-</strong></span> 
     </span>
    </p>
   </div>
   <div class='ocr_carea' id='block_1_33' title="bbox 579 1767 2167 1839">
    <p class='ocr_par' dir='ltr' id='par_1_33' title="bbox 579 1767 2167 1839">
     <span class='ocr_line' id='line_1_33' title="bbox 579 1767 2167 1839; baseline 0 -16"><span class='ocrx_word' id='word_1_265' title='bbox 579 1770 725 1838; x_wconf 79' lang='lat' dir='ltr'><strong>sbyt.</strong></span> <span class='ocrx_word' id='word_1_266' title='bbox 750 1778 841 1823; x_wconf 93' lang='lat' dir='ltr'><strong>aut</strong></span> <span class='ocrx_word' id='word_1_267' title='bbox 874 1768 1014 1822; x_wconf 81' lang='lat' dir='ltr'><strong>diae.</strong></span> <span class='ocrx_word' id='word_1_268' title='bbox 1063 1768 1110 1823; x_wconf 88' lang='lat' dir='ltr'><strong>si</strong></span> <span class='ocrx_word' id='word_1_269' title='bbox 1161 1767 1275 1839; x_wconf 83' lang='lat'><strong>(65)</strong></span> <span class='ocrx_word' id='word_1_270' title='bbox 1308 1768 1632 1839; x_wconf 81' lang='lat' dir='ltr'><strong>peccaverit,</strong></span> <span class='ocrx_word' id='word_1_271' title='bbox 1686 1768 1826 1824; x_wconf 87' lang='lat' dir='ltr'><strong>sicut</strong></span> <span class='ocrx_word' id='word_1_272' title='bbox 1871 1768 2167 1824; x_wconf 91' lang='lat' dir='ltr'><strong>monachus</strong></span> 
     </span>
    </p>
   </div>
   <div class='ocr_carea' id='block_1_34' title="bbox 582 1859 2162 1930">
    <p class='ocr_par' dir='ltr' id='par_1_34' title="bbox 582 1859 2162 1930">
     <span class='ocr_line' id='line_1_34' title="bbox 582 1859 2162 1930; baseline 0 -16"><span class='ocrx_word' id='word_1_273' title='bbox 582 1861 702 1914; x_wconf 90' lang='lat' dir='ltr'><strong>sine</strong></span> <span class='ocrx_word' id='word_1_274' title='bbox 731 1860 897 1930; x_wconf 85' lang='lat' dir='ltr'><strong>gradu</strong></span> <span class='ocrx_word' id='word_1_275' title='bbox 925 1860 1183 1928; x_wconf 77' lang='lat' dir='ltr'><strong>peniteat.</strong></span> <span class='ocrx_word' id='word_1_276' title='bbox 1207 1868 1463 1929; x_wconf 86' lang='lat' dir='ltr'><strong>etpostea</strong></span> <span class='ocrx_word' id='word_1_277' title='bbox 1498 1860 1724 1930; x_wconf 84' lang='lat' dir='ltr'><strong>recipiat</strong></span> <span class='ocrx_word' id='word_1_278' title='bbox 1770 1859 1970 1930; x_wconf 82' lang='lat' dir='ltr'><strong>gradus</strong></span> <span class='ocrx_word' id='word_1_279' title='bbox 2014 1874 2162 1926; x_wconf 88' lang='lat' dir='ltr'><strong>suos,</strong></span> 
     </span>
    </p>
   </div>
   <div class='ocr_carea' id='block_1_35' title="bbox 583 1948 2166 2022">
    <p class='ocr_par' dir='ltr' id='par_1_35' title="bbox 583 1948 2166 2022">
     <span class='ocr_line' id='line_1_35' title="bbox 583 1948 2166 2022; baseline 0 -18"><span class='ocrx_word' id='word_1_280' title='bbox 583 1948 697 2021; x_wconf 76' lang='lat' dir='ltr'><strong>(6i)</strong></span> <span class='ocrx_word' id='word_1_281' title='bbox 720 1950 763 2004; x_wconf 91' lang='lat' dir='ltr'><strong>si</strong></span> <span class='ocrx_word' id='word_1_282' title='bbox 794 1962 972 2005; x_wconf 88' lang='lat' dir='ltr'><strong>autem</strong></span> <span class='ocrx_word' id='word_1_283' title='bbox 1004 1950 1286 2022; x_wconf 80' lang='lat' dir='ltr'><strong>presbyter</strong></span> <span class='ocrx_word' id='word_1_284' title='bbox 1307 1958 1402 2003; x_wconf 90' lang='lat' dir='ltr'><strong>aut</strong></span> <span class='ocrx_word' id='word_1_285' title='bbox 1438 1950 1699 2005; x_wconf 81' lang='lat' dir='ltr'><strong>diaconus</strong></span> <span class='ocrx_word' id='word_1_286' title='bbox 1742 1958 1865 2020; x_wconf 89' lang='lat' dir='ltr'><strong>post</strong></span> <span class='ocrx_word' id='word_1_287' title='bbox 1897 1949 2002 2003; x_wconf 69' lang='lat' dir='ltr'><strong>tale</strong></span> <span class='ocrx_word' id='word_1_288' title='bbox 2041 1964 2166 2018; x_wconf 86' lang='lat' dir='ltr'><strong>pec-</strong></span> 
     </span>
    </p>
   </div>
   <div class='ocr_carea' id='block_1_36' title="bbox 581 2039 2165 2109">
    <p class='ocr_par' dir='ltr' id='par_1_36' title="bbox 581 2039 2165 2109">
     <span class='ocr_line' id='line_1_36' title="bbox 581 2039 2165 2109; baseline -0.001 -14"><span class='ocrx_word' id='word_1_289' title='bbox 581 2049 760 2096; x_wconf 82' lang='lat' dir='ltr'><strong>eatum</strong></span> <span class='ocrx_word' id='word_1_290' title='bbox 788 2040 1020 2095; x_wconf 85' lang='lat' dir='ltr'><strong>voluerit</strong></span> <span class='ocrx_word' id='word_1_291' title='bbox 1048 2042 1346 2095; x_wconf 85' lang='lat' dir='ltr'><strong>monachus</strong></span> <span class='ocrx_word' id='word_1_292' title='bbox 1387 2039 1498 2095; x_wconf 79' lang='lat' dir='ltr'><strong>ﬁeri</strong></span> <span class='ocrx_word' id='word_1_293' title='bbox 1526 2040 1578 2093; x_wconf 90' lang='lat' dir='ltr'><strong>in</strong></span> <span class='ocrx_word' id='word_1_294' title='bbox 1614 2039 1862 2094; x_wconf 89' lang='lat' dir='ltr'><strong>districto</strong></span> <span class='ocrx_word' id='word_1_295' title='bbox 1890 2039 2165 2109; x_wconf 88' lang='lat' dir='ltr'><strong>proposito</strong></span> 
     </span>
    </p>
   </div>
   <div class='ocr_carea' id='block_1_37' title="bbox 580 2129 2163 2201">
    <p class='ocr_par' dir='ltr' id='par_1_37' title="bbox 580 2129 2163 2201">
     <span class='ocr_line' id='line_1_37' title="bbox 580 2129 2163 2201; baseline -0.004 -13"><span class='ocrx_word' id='word_1_296' title='bbox 580 2147 646 2188; x_wconf 79' lang='lat' dir='ltr'><strong>ex</strong></span> <span class='ocrx_word' id='word_1_297' title='bbox 680 2131 754 2186; x_wconf 89' lang='lat' dir='ltr'><strong>illi</strong></span> <span class='ocrx_word' id='word_1_298' title='bbox 795 2132 833 2186; x_wconf 95' lang='lat' dir='ltr'><strong>l.</strong></span> <span class='ocrx_word' id='word_1_299' title='bbox 866 2146 1068 2185; x_wconf 87' lang='lat' dir='ltr'><strong>aumun</strong></span> <span class='ocrx_word' id='word_1_300' title='bbox 1099 2138 1155 2186; x_wconf 90' lang='lat' dir='ltr'><strong>et</strong></span> <span class='ocrx_word' id='word_1_301' title='bbox 1179 2130 1404 2184; x_wconf 88' lang='lat' dir='ltr'><strong>dimidio</strong></span> <span class='ocrx_word' id='word_1_302' title='bbox 1451 2130 1705 2201; x_wconf 91' lang='lat' dir='ltr'><strong>peniteat.</strong></span> <span class='ocrx_word' id='word_1_303' title='bbox 1764 2129 1930 2183; x_wconf 85' lang='lat' dir='ltr'><strong>habet</strong></span> <span class='ocrx_word' id='word_1_304' title='bbox 1986 2138 2163 2182; x_wconf 89' lang='lat' dir='ltr'><strong>tamen</strong></span> 
     </span>
    </p>
   </div>
   <div class='ocr_carea' id='block_1_38' title="bbox 586 2217 2160 2290">
    <p class='ocr_par' dir='ltr' id='par_1_38' title="bbox 586 2217 2160 2290">
     <span class='ocr_line' id='line_1_38' title="bbox 586 2217 2160 2290; baseline -0.003 -14"><span class='ocrx_word' id='word_1_305' title='bbox 586 2222 755 2277; x_wconf 88' lang='lat' dir='ltr'><strong>abbas</strong></span> <span class='ocrx_word' id='word_1_306' title='bbox 782 2220 941 2290; x_wconf 83' lang='lat' dir='ltr'><strong>hujus</strong></span> <span class='ocrx_word' id='word_1_307' title='bbox 968 2219 1043 2274; x_wconf 91' lang='lat' dir='ltr'><strong>rei</strong></span> <span class='ocrx_word' id='word_1_308' title='bbox 1079 2219 1397 2275; x_wconf 85' lang='lat' dir='ltr'><strong>moderandi</strong></span> <span class='ocrx_word' id='word_1_309' title='bbox 1422 2218 1752 2284; x_wconf 79' lang='lat' dir='ltr'><strong>facultatem,</strong></span> <span class='ocrx_word' id='word_1_310' title='bbox 1784 2219 1828 2273; x_wconf 93' lang='lat' dir='ltr'><strong>si</strong></span> <span class='ocrx_word' id='word_1_311' title='bbox 1858 2217 2160 2273; x_wconf 90' lang='lat' dir='ltr'><strong>obedientia</strong></span> 
     </span>
    </p>
   </div>
   <div class='ocr_carea' id='block_1_39' title="bbox 575 2298 1613 2383">
    <p class='ocr_par' dir='ltr' id='par_1_39' title="bbox 575 2298 1613 2383">
     <span class='ocr_line' id='line_1_39' title="bbox 575 2298 1613 2383; baseline 0.001 -17"><span class='ocrx_word' id='word_1_312' title='bbox 575 2313 696 2383; x_wconf 79' lang='lat' dir='ltr'><strong>ejus</strong></span> <span class='ocrx_word' id='word_1_313' title='bbox 721 2314 918 2383; x_wconf 84' lang='lat' dir='ltr'><strong>placita</strong></span> <span class='ocrx_word' id='word_1_314' title='bbox 953 2298 1023 2368; x_wconf 81' lang='lat' dir='ltr'><strong>sit</strong></span> <span class='ocrx_word' id='word_1_315' title='bbox 1043 2309 1152 2368; x_wconf 81' lang='lat' dir='ltr'><strong>Deo</strong></span> <span class='ocrx_word' id='word_1_316' title='bbox 1178 2322 1235 2369; x_wconf 88' lang='lat' dir='ltr'><strong>et</strong></span> <span class='ocrx_word' id='word_1_317' title='bbox 1262 2312 1459 2367; x_wconf 82' lang='lat' dir='ltr'><strong>Abbati</strong></span> <span class='ocrx_word' id='word_1_318' title='bbox 1494 2327 1613 2367; x_wconf 89' lang='lat' dir='ltr'><strong>suo.</strong></span> 
     </span>
    </p>
   </div>
   <div class='ocr_carea' id='block_1_40' title="bbox 581 2421 2161 2492">
    <p class='ocr_par' dir='ltr' id='par_1_40' title="bbox 581 2421 2161 2492">
     <span class='ocr_line' id='line_1_40' title="bbox 581 2421 2161 2492; baseline 0 -15"><span class='ocrx_word' id='word_1_319' title='bbox 581 2422 657 2477; x_wconf 88' lang='lat' dir='ltr'><strong>De</strong></span> <span class='ocrx_word' id='word_1_320' title='bbox 684 2422 963 2486; x_wconf 80' lang='lat' dir='ltr'><strong>adulterio,</strong></span> <span class='ocrx_word' id='word_1_321' title='bbox 1003 2432 1049 2476; x_wconf 87' lang='lat' dir='ltr'><strong>et</strong></span> <span class='ocrx_word' id='word_1_322' title='bbox 1081 2431 1259 2492; x_wconf 85' lang='lat' dir='ltr'><strong>raptos</strong></span> <span class='ocrx_word' id='word_1_323' title='bbox 1296 2432 1342 2476; x_wconf 85' lang='lat' dir='ltr'><strong>et</strong></span> <span class='ocrx_word' id='word_1_324' title='bbox 1383 2422 1625 2484; x_wconf 77' lang='lat' dir='ltr'><strong>incestos,</strong></span> <span class='ocrx_word' id='word_1_325' title='bbox 1664 2431 1712 2474; x_wconf 88' lang='lat' dir='ltr'><strong>et</strong></span> <span class='ocrx_word' id='word_1_326' title='bbox 1748 2437 1936 2476; x_wconf 66' lang='lat' dir='ltr'><strong>uxores</strong></span> <span class='ocrx_word' id='word_1_327' title='bbox 1978 2421 2161 2477; x_wconf 79' lang='lat' dir='ltr'><strong>dimis-</strong></span> 
     </span>
    </p>
   </div>
   <div class='ocr_carea' id='block_1_41' title="bbox 650 2491 2159 2563">
    <p class='ocr_par' dir='ltr' id='par_1_41' title="bbox 650 2491 2159 2563">
     <span class='ocr_line' id='line_1_41' title="bbox 650 2491 2159 2563; baseline -0.003 -15"><span class='ocrx_word' id='word_1_328' title='bbox 650 2511 738 2548; x_wconf 82' lang='lat' dir='ltr'><strong>sas</strong></span> <span class='ocrx_word' id='word_1_329' title='bbox 764 2510 781 2547; x_wconf 90' lang='lat'><strong><em>:</em></strong></span> <span class='ocrx_word' id='word_1_330' title='bbox 810 2494 1012 2546; x_wconf 81' lang='lat' dir='ltr'><strong>inlicita</strong></span> <span class='ocrx_word' id='word_1_331' title='bbox 1045 2491 1277 2563; x_wconf 81' lang='lat' dir='ltr'><strong>tempora</strong></span> <span class='ocrx_word' id='word_1_332' title='bbox 1307 2492 1557 2556; x_wconf 78' lang='lat' dir='ltr'><strong>nubendi,</strong></span> <span class='ocrx_word' id='word_1_333' title='bbox 1600 2491 1674 2547; x_wconf 85' lang='lat' dir='ltr'><strong>vel</strong></span> <span class='ocrx_word' id='word_1_334' title='bbox 1710 2507 1829 2546; x_wconf 84' lang='lat' dir='ltr'><strong>cum</strong></span> <span class='ocrx_word' id='word_1_335' title='bbox 1857 2493 2159 2563; x_wconf 76' lang='lat' dir='ltr'><strong>pecoribus;</strong></span> 
     </span>
    </p>
   </div>
   <div class='ocr_carea' id='block_1_42' title="bbox 648 2561 2160 2688">
    <p class='ocr_par' dir='ltr' id='par_1_42' title="bbox 648 2561 2160 2688">
     <span class='ocr_line' id='line_1_42' title="bbox 648 2561 2160 2685; baseline -0.001 -67"><span class='ocrx_word' id='word_1_336' title='bbox 648 2574 699 2619; x_wconf 81' lang='lat' dir='ltr'><strong>et</strong></span> <span class='ocrx_word' id='word_1_337' title='bbox 733 2564 842 2634; x_wconf 84' lang='lat' dir='ltr'><strong>qui,</strong></span> <span class='ocrx_word' id='word_1_338' title='bbox 867 2572 1142 2685; x_wconf 57' lang='lat' dir='ltr'><strong>postquam</strong></span> <span class='ocrx_word' id='word_1_339' title='bbox 1165 2578 1219 2617; x_wconf 84' lang='lat' dir='ltr'><strong>se</strong></span> <span class='ocrx_word' id='word_1_340' title='bbox 1245 2561 1351 2616; x_wconf 85' lang='lat' dir='ltr'><strong>Deo</strong></span> <span class='ocrx_word' id='word_1_341' title='bbox 1379 2564 1592 2628; x_wconf 79' lang='lat' dir='ltr'><strong>raverit,</strong></span> <span class='ocrx_word' id='word_1_342' title='bbox 1630 2562 1699 2616; x_wconf 82' lang='lat' dir='ltr'><strong>ad</strong></span> <span class='ocrx_word' id='word_1_343' title='bbox 1726 2561 1957 2616; x_wconf 74' lang='lat' dir='ltr'><strong>secutum</strong></span> <span class='ocrx_word' id='word_1_344' title='bbox 1984 2562 2160 2628; x_wconf 81' lang='lat' dir='ltr'><strong>rediit,</strong></span> 
     </span>
     <span class='ocr_line' id='line_1_43' title="bbox 649 2643 973 2688; baseline -0.006 0"><span class='ocrx_word' id='word_1_345' title='bbox 649 2645 768 2688; x_wconf 75' lang='lat' dir='ltr'><strong>uota</strong></span> <span class='ocrx_word' id='word_1_346' title='bbox 790 2646 872 2687; x_wconf 86' lang='lat' dir='ltr'><strong>stu</strong></span> <span class='ocrx_word' id='word_1_347' title='bbox 900 2643 973 2686; x_wconf 89' lang='lat' dir='ltr'><strong>ta.</strong></span> 
     </span>
    </p>
   </div>
   <div class='ocr_carea' id='block_1_43' title="bbox 649 2722 2160 2794">
    <p class='ocr_par' dir='ltr' id='par_1_43' title="bbox 649 2722 2160 2794">
     <span class='ocr_line' id='line_1_44' title="bbox 649 2722 2160 2794; baseline -0.001 -15"><span class='ocrx_word' id='word_1_348' title='bbox 649 2723 706 2779; x_wconf 88' lang='lat' dir='ltr'><strong>Si</strong></span> <span class='ocrx_word' id='word_1_349' title='bbox 728 2724 853 2794; x_wconf 88' lang='lat' dir='ltr'><strong>quis</strong></span> <span class='ocrx_word' id='word_1_350' title='bbox 870 2722 1196 2777; x_wconf 87' lang='lat' dir='ltr'><strong>adulterium</strong></span> <span class='ocrx_word' id='word_1_351' title='bbox 1223 2723 1582 2789; x_wconf 85' lang='lat' dir='ltr'><strong>commiserit,</strong></span> <span class='ocrx_word' id='word_1_352' title='bbox 1621 2723 1672 2778; x_wconf 91' lang='lat' dir='ltr'><strong>id</strong></span> <span class='ocrx_word' id='word_1_353' title='bbox 1712 2733 1816 2787; x_wconf 88' lang='lat' dir='ltr'><strong>est,</strong></span> <span class='ocrx_word' id='word_1_354' title='bbox 1848 2738 1970 2778; x_wconf 92' lang='lat' dir='ltr'><strong>cum</strong></span> <span class='ocrx_word' id='word_1_355' title='bbox 1992 2738 2160 2778; x_wconf 84' lang='lat' dir='ltr'><strong>uxore</strong></span> 
     </span>
    </p>
   </div>
   <div class='ocr_carea' id='block_1_44' title="bbox 577 2813 2162 2887">
    <p class='ocr_par' dir='ltr' id='par_1_44' title="bbox 577 2813 2162 2887">
     <span class='ocr_line' id='line_1_45' title="bbox 577 2813 2162 2887; baseline -0.001 -17"><span class='ocrx_word' id='word_1_356' title='bbox 577 2815 776 2882; x_wconf 85' lang='lat' dir='ltr'><strong>aliena,</strong></span> <span class='ocrx_word' id='word_1_357' title='bbox 802 2821 895 2868; x_wconf 88' lang='lat' dir='ltr'><strong>aut</strong></span> <span class='ocrx_word' id='word_1_358' title='bbox 926 2828 1181 2883; x_wconf 84' lang='lat' dir='ltr'><strong>sponsam</strong></span> <span class='ocrx_word' id='word_1_359' title='bbox 1214 2813 1296 2869; x_wconf 88' lang='lat' dir='ltr'><strong>vel</strong></span> <span class='ocrx_word' id='word_1_360' title='bbox 1327 2815 1589 2887; x_wconf 76' lang='lat' dir='ltr'><strong>virginem</strong></span> <span class='ocrx_word' id='word_1_361' title='bbox 1643 2815 2027 2885; x_wconf 89' lang='lat' dir='ltr'><strong>corrumperit,</strong></span> <span class='ocrx_word' id='word_1_362' title='bbox 2069 2820 2162 2869; x_wconf 87' lang='lat' dir='ltr'><strong>aut</strong></span> 
     </span>
    </p>
   </div>
   <div class='ocr_carea' id='block_1_45' title="bbox 578 2904 2159 2971">
    <p class='ocr_par' dir='ltr' id='par_1_45' title="bbox 578 2904 2159 2971">
     <span class='ocr_line' id='line_1_46' title="bbox 578 2904 2159 2971; baseline -0.003 -7"><span class='ocrx_word' id='word_1_363' title='bbox 578 2905 1054 2964; x_wconf 83' lang='lat' dir='ltr'><strong>sanetemonialem</strong></span> <span class='ocrx_word' id='word_1_364' title='bbox 1101 2913 1194 2960; x_wconf 88' lang='lat' dir='ltr'><strong>aut</strong></span> <span class='ocrx_word' id='word_1_365' title='bbox 1238 2906 1347 2961; x_wconf 88' lang='lat' dir='ltr'><strong>Deo</strong></span> <span class='ocrx_word' id='word_1_366' title='bbox 1382 2906 1651 2971; x_wconf 82' lang='lat' dir='ltr'><strong>dicatam,</strong></span> <span class='ocrx_word' id='word_1_367' title='bbox 1698 2905 1826 2961; x_wconf 89' lang='lat' dir='ltr'><strong>laici</strong></span> <span class='ocrx_word' id='word_1_368' title='bbox 1874 2904 1940 2960; x_wconf 90' lang='lat' dir='ltr'><strong>lll</strong></span> <span class='ocrx_word' id='word_1_369' title='bbox 1988 2920 2159 2959; x_wconf 89' lang='lat' dir='ltr'><strong>annos</strong></span> 
     </span>
    </p>
   </div>
   <div class='ocr_carea' id='block_1_46' title="bbox 577 2994 2159 3070">
    <p class='ocr_par' dir='ltr' id='par_1_46' title="bbox 577 2994 2159 3070">
     <span class='ocr_line' id='line_1_47' title="bbox 577 2994 2159 3070; baseline -0.003 -16"><span class='ocrx_word' id='word_1_370' title='bbox 577 2998 881 3070; x_wconf 83' lang='lat' dir='ltr'><strong>peniteant,</strong></span> <span class='ocrx_word' id='word_1_371' title='bbox 912 3010 1077 3050; x_wconf 89' lang='lat' dir='ltr'><strong>unum</strong></span> <span class='ocrx_word' id='word_1_372' title='bbox 1093 3010 1163 3050; x_wconf 80' lang='lat' dir='ltr'><strong>ex</strong></span> <span class='ocrx_word' id='word_1_373' title='bbox 1202 2994 1285 3051; x_wconf 90' lang='lat' dir='ltr'><strong>his</strong></span> <span class='ocrx_word' id='word_1_374' title='bbox 1311 2995 1363 3050; x_wconf 92' lang='lat' dir='ltr'><strong>in</strong></span> <span class='ocrx_word' id='word_1_375' title='bbox 1391 3011 1532 3066; x_wconf 90' lang='lat' dir='ltr'><strong>pane</strong></span> <span class='ocrx_word' id='word_1_376' title='bbox 1563 3004 1618 3051; x_wconf 89' lang='lat' dir='ltr'><strong>et</strong></span> <span class='ocrx_word' id='word_1_377' title='bbox 1642 3011 1816 3066; x_wconf 85' lang='lat' dir='ltr'><strong>aqua;</strong></span> <span class='ocrx_word' id='word_1_378' title='bbox 1851 2994 1898 3049; x_wconf 92' lang='lat' dir='ltr'><strong>si</strong></span> <span class='ocrx_word' id='word_1_379' title='bbox 1927 2994 2159 3050; x_wconf 87' lang='lat' dir='ltr'><strong>clericus</strong></span> 
     </span>
    </p>
   </div>
   <div class='ocr_carea' id='block_1_47' title="bbox 580 3084 2159 3165">
    <p class='ocr_par' dir='ltr' id='par_1_47' title="bbox 580 3084 2159 3165">
     <span class='ocr_line' id='line_1_48' title="bbox 580 3084 2159 3165; baseline -0.002 -22"><span class='ocrx_word' id='word_1_380' title='bbox 580 3089 713 3153; x_wconf 76' lang='lat' dir='ltr'><strong>v.1:</strong></span> <span class='ocrx_word' id='word_1_381' title='bbox 750 3088 803 3143; x_wconf 90' lang='lat' dir='ltr'><strong>in</strong></span> <span class='ocrx_word' id='word_1_382' title='bbox 832 3102 971 3158; x_wconf 86' lang='lat' dir='ltr'><strong>pane</strong></span> <span class='ocrx_word' id='word_1_383' title='bbox 993 3097 1051 3142; x_wconf 87' lang='lat' dir='ltr'><strong>et</strong></span> <span class='ocrx_word' id='word_1_384' title='bbox 1089 3101 1251 3156; x_wconf 87' lang='lat' dir='ltr'><strong>aqua.</strong></span> <span class='ocrx_word' id='word_1_385' title='bbox 1297 3085 1568 3141; x_wconf 83' lang='lat' dir='ltr'><strong>Diaconos</strong></span> <span class='ocrx_word' id='word_1_386' title='bbox 1600 3097 1657 3141; x_wconf 90' lang='lat' dir='ltr'><strong>et</strong></span> <span class='ocrx_word' id='word_1_387' title='bbox 1682 3085 1927 3141; x_wconf 78' lang='lat' dir='ltr'><strong>Monaclii</strong></span> <span class='ocrx_word' id='word_1_388' title='bbox 1956 3084 2065 3150; x_wconf 81' lang='lat' dir='ltr'><strong>Vll,</strong></span> <span class='ocrx_word' id='word_1_389' title='bbox 2096 3085 2159 3165; x_wconf 79' lang='grc' dir='ltr'><strong>ιιι</strong></span> 
     </span>
    </p>
   </div>
   <div class='ocr_carea' id='block_1_48' title="bbox 580 3174 2158 3248">
    <p class='ocr_par' dir='ltr' id='par_1_48' title="bbox 580 3174 2158 3248">
     <span class='ocr_line' id='line_1_49' title="bbox 580 3174 2158 3248; baseline -0.003 -13"><span class='ocrx_word' id='word_1_390' title='bbox 580 3195 649 3235; x_wconf 76' lang='lat' dir='ltr'><strong>ex</strong></span> <span class='ocrx_word' id='word_1_391' title='bbox 678 3180 764 3235; x_wconf 81' lang='lat' dir='ltr'><strong>his</strong></span> <span class='ocrx_word' id='word_1_392' title='bbox 790 3180 843 3234; x_wconf 89' lang='lat' dir='ltr'><strong>in</strong></span> <span class='ocrx_word' id='word_1_393' title='bbox 867 3192 1009 3248; x_wconf 85' lang='lat' dir='ltr'><strong>pane</strong></span> <span class='ocrx_word' id='word_1_394' title='bbox 1034 3186 1089 3233; x_wconf 92' lang='lat' dir='ltr'><strong>et</strong></span> <span class='ocrx_word' id='word_1_395' title='bbox 1111 3191 1272 3248; x_wconf 89' lang='lat' dir='ltr'><strong>aqua.</strong></span> <span class='ocrx_word' id='word_1_396' title='bbox 1304 3175 1595 3247; x_wconf 67' lang='lat' dir='ltr'><strong>Presbyter</strong></span> <span class='ocrx_word' id='word_1_397' title='bbox 1623 3176 1692 3231; x_wconf 74' lang='grc' dir='ltr'><strong>Χ.</strong></span> <span class='ocrx_word' id='word_1_398' title='bbox 1722 3174 2016 3247; x_wconf 87' lang='lat' dir='ltr'><strong>Episcopus</strong></span> <span class='ocrx_word' id='word_1_399' title='bbox 2045 3175 2158 3242; x_wconf 78' lang='lat' dir='ltr'><strong>Xll,</strong></span> 
     </span>
    </p>
   </div>
   <div class='ocr_carea' id='block_1_49' title="bbox 654 3305 2157 3383">
    <p class='ocr_par' dir='ltr' id='par_1_49' title="bbox 654 3305 2157 3383">
     <span class='ocr_line' id='line_1_50' title="bbox 654 3305 2157 3383; baseline -0.003 -18"><span class='ocrx_word' id='word_1_400' title='bbox 654 3310 764 3383; x_wconf 83' lang='lat'><strong>(60)</strong></span> <span class='ocrx_word' id='word_1_401' title='bbox 804 3308 958 3383; x_wconf 78' lang='lat' dir='ltr'><strong>Gilda</strong></span> <span class='ocrx_word' id='word_1_402' title='bbox 986 3308 1024 3363; x_wconf 87' lang='grc' dir='ltr'><strong>ι.</strong></span> <span class='ocrx_word' id='word_1_403' title='bbox 1057 3324 1126 3383; x_wconf 76' lang='lat' dir='ltr'><strong>c._</strong></span> <span class='ocrx_word' id='word_1_404' title='bbox 1160 3307 1229 3362; x_wconf 85' lang='lat' dir='ltr'><strong>Et</strong></span> <span class='ocrx_word' id='word_1_405' title='bbox 1282 3307 1507 3383; x_wconf 67' lang='lat' dir='ltr'><strong>miserta</strong></span> <span class='ocrx_word' id='word_1_406' title='bbox 1546 3305 2157 3383; x_wconf 56' lang='lat' dir='ltr'><strong>paruumjmpiagualo.</strong></span> 
     </span>
    </p>
   </div>
   <div class='ocr_carea' id='block_1_50' title="bbox 584 3376 2163 3448">
    <p class='ocr_par' dir='ltr' id='par_1_50' title="bbox 584 3376 2163 3448">
     <span class='ocr_line' id='line_1_51' title="bbox 584 3376 2163 3448; baseline -0.004 -12"><span class='ocrx_word' id='word_1_407' title='bbox 584 3376 756 3437; x_wconf 60' lang='lat' dir='ltr'><strong>nam</strong></span> <span class='ocrx_word' id='word_1_408' title='bbox 771 3380 1016 3444; x_wconf 81' lang='lat' dir='ltr'><strong>oleribus,</strong></span> <span class='ocrx_word' id='word_1_409' title='bbox 1046 3381 1153 3433; x_wconf 81' lang='lat' dir='ltr'><strong>ovis</strong></span> <span class='ocrx_word' id='word_1_410' title='bbox 1190 3379 1392 3448; x_wconf 83' lang='lat' dir='ltr'><strong>paucis,</strong></span> <span class='ocrx_word' id='word_1_411' title='bbox 1430 3376 1718 3432; x_wconf 70' lang='grc' dir='ltr'><strong>ὑγείαηηὶεο</strong></span> <span class='ocrx_word' id='word_1_412' title='bbox 1763 3376 1999 3446; x_wconf 77' lang='lat' dir='ltr'><strong>formello</strong></span> <span class='ocrx_word' id='word_1_413' title='bbox 2044 3387 2163 3448; x_wconf 84' lang='lat' dir='ltr'><strong>uta-</strong></span> 
     </span>
    </p>
   </div>
   <div class='ocr_carea' id='block_1_51' title="bbox 577 3447 2159 3518">
    <p class='ocr_par' dir='ltr' id='par_1_51' title="bbox 577 3447 2159 3518">
     <span class='ocr_line' id='line_1_52' title="bbox 577 3447 2159 3518; baseline -0.003 -13"><span class='ocrx_word' id='word_1_414' title='bbox 577 3462 685 3505; x_wconf 82' lang='lat' dir='ltr'><strong>tur.</strong></span> <span class='ocrx_word' id='word_1_415' title='bbox 717 3450 936 3505; x_wconf 85' lang='lat' dir='ltr'><strong>Himiua</strong></span> <span class='ocrx_word' id='word_1_416' title='bbox 988 3447 1222 3503; x_wconf 76' lang='lat' dir='ltr'><strong>Romano</strong></span> <span class='ocrx_word' id='word_1_417' title='bbox 1263 3448 1414 3503; x_wconf 85' lang='lat' dir='ltr'><strong>lactis</strong></span> <span class='ocrx_word' id='word_1_418' title='bbox 1463 3464 1574 3518; x_wconf 68' lang='lat' dir='ltr'><strong>pro</strong></span> <span class='ocrx_word' id='word_1_419' title='bbox 1605 3448 1890 3518; x_wconf 74' lang='lat' dir='ltr'><strong>fragilitate</strong></span> <span class='ocrx_word' id='word_1_420' title='bbox 1930 3447 2159 3517; x_wconf 81' lang='lat' dir='ltr'><strong>corporis</strong></span> 
     </span>
    </p>
   </div>
   <div class='ocr_carea' id='block_1_52' title="bbox 577 3516 2160 3576">
    <p class='ocr_par' dir='ltr' id='par_1_52' title="bbox 577 3516 2160 3576">
     <span class='ocr_line' id='line_1_53' title="bbox 577 3516 2160 3576; baseline -0.003 -1"><span class='ocrx_word' id='word_1_421' title='bbox 577 3524 731 3576; x_wconf 71' lang='lat' dir='ltr'><strong>istius</strong></span> <span class='ocrx_word' id='word_1_422' title='bbox 773 3523 887 3575; x_wconf 76' lang='lat' dir='ltr'><strong>teni.</strong></span> <span class='ocrx_word' id='word_1_423' title='bbox 944 3519 1183 3574; x_wconf 78' lang='lat' dir='ltr'><strong>Tenucla:</strong></span> <span class='ocrx_word' id='word_1_424' title='bbox 1215 3535 1330 3572; x_wconf 84' lang='lat' dir='ltr'><strong>rero</strong></span> <span class='ocrx_word' id='word_1_425' title='bbox 1377 3516 1718 3573; x_wconf 43' lang='lat' dir='ltr'><strong>vel&#39;Balbutw</strong></span> <span class='ocrx_word' id='word_1_426' title='bbox 1745 3516 1895 3570; x_wconf 84' lang='lat' dir='ltr'><strong>lactis</strong></span> <span class='ocrx_word' id='word_1_427' title='bbox 1933 3516 2160 3570; x_wconf 74' lang='lat' dir='ltr'><strong>sextario</strong></span> 
     </span>
    </p>
   </div>
   <div class='ocr_carea' id='block_1_53' title="bbox 581 3586 2160 3660">
    <p class='ocr_par' dir='ltr' id='par_1_53' title="bbox 581 3586 2160 3660">
     <span class='ocr_line' id='line_1_54' title="bbox 581 3586 2160 3660; baseline -0.003 -15"><span class='ocrx_word' id='word_1_428' title='bbox 581 3591 820 3645; x_wconf 79' lang='lat' dir='ltr'><strong>Romano</strong></span> <span class='ocrx_word' id='word_1_429' title='bbox 851 3591 963 3645; x_wconf 83' lang='lat' dir='ltr'><strong>sitis</strong></span> <span class='ocrx_word' id='word_1_430' title='bbox 1006 3588 1196 3660; x_wconf 70' lang='lat' dir='ltr'><strong>gratia</strong></span> <span class='ocrx_word' id='word_1_431' title='bbox 1218 3599 1265 3641; x_wconf 87' lang='lat' dir='ltr'><strong>et</strong></span> <span class='ocrx_word' id='word_1_432' title='bbox 1291 3604 1441 3660; x_wconf 78' lang='lat' dir='ltr'><strong>aqua:</strong></span> <span class='ocrx_word' id='word_1_433' title='bbox 1488 3586 2160 3660; x_wconf 31' lang='lat' dir='ltr'><strong>lulimpulo,_si‘operar_ius</strong></span> 
     </span>
    </p>
   </div>
   <div class='ocr_carea' id='block_1_54' title="bbox 578 3655 2162 3727">
    <p class='ocr_par' dir='ltr' id='par_1_54' title="bbox 578 3655 2162 3727">
     <span class='ocr_line' id='line_1_55' title="bbox 578 3655 2162 3727; baseline -0.003 -13"><span class='ocrx_word' id='word_1_434' title='bbox 578 3671 674 3715; x_wconf 82' lang='lat' dir='ltr'><strong>est.</strong></span> <span class='ocrx_word' id='word_1_435' title='bbox 703 3661 909 3715; x_wconf 79' lang='lat' dir='ltr'><strong>Lectum</strong></span> <span class='ocrx_word' id='word_1_436' title='bbox 938 3655 1043 3713; x_wconf 73' lang='lat' dir='ltr'><strong>nou</strong></span> <span class='ocrx_word' id='word_1_437' title='bbox 1087 3657 1251 3711; x_wconf 86' lang='lat' dir='ltr'><strong>multo</strong></span> <span class='ocrx_word' id='word_1_438' title='bbox 1274 3655 1391 3727; x_wconf 78' lang='lat' dir='ltr'><strong>{eno</strong></span> <span class='ocrx_word' id='word_1_439' title='bbox 1422 3655 1742 3727; x_wconf 79' lang='lat' dir='ltr'><strong>instructum</strong></span> <span class='ocrx_word' id='word_1_440' title='bbox 1785 3656 1995 3709; x_wconf 81' lang='lat' dir='ltr'><strong>habeat.</strong></span> <span class='ocrx_word' id='word_1_441' title='bbox 2050 3655 2162 3710; x_wconf 88' lang='lat' dir='ltr'><strong>Par</strong></span> 
     </span>
    </p>
   </div>
   <div class='ocr_carea' id='block_1_55' title="bbox 581 3726 2158 3801">
    <p class='ocr_par' dir='ltr' id='par_1_55' title="bbox 581 3726 2158 3801">
     <span class='ocr_line' id='line_1_56' title="bbox 581 3726 2158 3801; baseline -0.002 -18"><span class='ocrx_word' id='word_1_442' title='bbox 581 3730 679 3785; x_wconf 85' lang='lat' dir='ltr'><strong>III</strong></span> <span class='ocrx_word' id='word_1_443' title='bbox 724 3731 1152 3801; x_wconf 82' lang='lat' dir='ltr'><strong>quadragesimus</strong></span> <span class='ocrx_word' id='word_1_444' title='bbox 1196 3728 1513 3801; x_wconf 82' lang='lat' dir='ltr'><strong>superaddat</strong></span> <span class='ocrx_word' id='word_1_445' title='bbox 1545 3726 1754 3801; x_wconf 61' lang='lat' dir='ltr'><strong>aliquid</strong></span> <span class='ocrx_word' id='word_1_446' title='bbox 1791 3735 1942 3801; x_wconf 67' lang='lat' dir='ltr'><strong>prout</strong></span> <span class='ocrx_word' id='word_1_447' title='bbox 1994 3727 2158 3801; x_wconf 77' lang='lat' dir='ltr'><strong>virtus</strong></span> 
     </span>
    </p>
   </div>
   <div class='ocr_carea' id='block_1_56' title="bbox 582 3796 2159 3868">
    <p class='ocr_par' dir='ltr' id='par_1_56' title="bbox 582 3796 2159 3868">
     <span class='ocr_line' id='line_1_57' title="bbox 582 3796 2159 3868; baseline -0.003 -14"><span class='ocrx_word' id='word_1_448' title='bbox 582 3796 874 3862; x_wconf 75' lang='lat' dir='ltr'><strong>admiserit,</strong></span> <span class='ocrx_word' id='word_1_449' title='bbox 924 3796 1125 3868; x_wconf 66' lang='lat' dir='ltr'><strong>Semper</strong></span> <span class='ocrx_word' id='word_1_450' title='bbox 1177 3813 1241 3851; x_wconf 82' lang='lat' dir='ltr'><strong>ea:</strong></span> <span class='ocrx_word' id='word_1_451' title='bbox 1294 3799 1475 3851; x_wconf 84' lang='lat' dir='ltr'><strong>intimo</strong></span> <span class='ocrx_word' id='word_1_452' title='bbox 1525 3796 1682 3851; x_wconf 80' lang='lat' dir='ltr'><strong>corde</strong></span> <span class='ocrx_word' id='word_1_453' title='bbox 1721 3796 1909 3868; x_wconf 75' lang='lat' dir='ltr'><strong>defleat</strong></span> <span class='ocrx_word' id='word_1_454' title='bbox 1952 3796 2159 3868; x_wconf 73' lang='lat' dir='ltr'><strong>culpam</strong></span> 
     </span>
    </p>
   </div>
   <div class='ocr_carea' id='block_1_57' title="bbox 579 3866 2157 3938">
    <p class='ocr_par' dir='ltr' id='par_1_57' title="bbox 579 3866 2157 3938">
     <span class='ocr_line' id='line_1_58' title="bbox 579 3866 2157 3938; baseline -0.002 -15"><span class='ocrx_word' id='word_1_455' title='bbox 579 3886 748 3938; x_wconf 81' lang='lat' dir='ltr'><strong>suam.</strong></span> <span class='ocrx_word' id='word_1_456' title='bbox 787 3866 1147 3924; x_wconf 78' lang='lat' dir='ltr'><strong>Ob&#39;etlientiam</strong></span> <span class='ocrx_word' id='word_1_457' title='bbox 1168 3883 1262 3938; x_wconf 82' lang='lat' dir='ltr'><strong>pro</strong></span> <span class='ocrx_word' id='word_1_458' title='bbox 1293 3868 1528 3922; x_wconf 84' lang='lat' dir='ltr'><strong>omnibus</strong></span> <span class='ocrx_word' id='word_1_459' title='bbox 1554 3866 1887 3920; x_wconf 80' lang='lat' dir='ltr'><strong>libentissime</strong></span> <span class='ocrx_word' id='word_1_460' title='bbox 1912 3867 2157 3937; x_wconf 73' lang='lat' dir='ltr'><strong>excipiat.</strong></span> 
     </span>
    </p>
   </div>
   <div class='ocr_carea' id='block_1_58' title="bbox 582 3937 871 4004">
    <p class='ocr_par' dir='ltr' id='par_1_58' title="bbox 582 3937 871 4004">
     <span class='ocr_line' id='line_1_59' title="bbox 582 3937 871 4004; baseline 0.007 -13"><span class='ocrx_word' id='word_1_461' title='bbox 582 3937 730 4004; x_wconf 79' lang='lat' dir='ltr'><strong>Post,</strong></span> <span class='ocrx_word' id='word_1_462' title='bbox 765 3950 871 3994; x_wconf 91' lang='lat' dir='ltr'><strong>etc.</strong></span> 
     </span>
    </p>
   </div>
   <div class='ocr_carea' id='block_1_59' title="bbox 651 4009 1086 4080">
    <p class='ocr_par' dir='ltr' id='par_1_59' title="bbox 651 4009 1086 4080">
     <span class='ocr_line' id='line_1_60' title="bbox 651 4009 1086 4080; baseline -0.007 -16"><span class='ocrx_word' id='word_1_463' title='bbox 651 4010 763 4080; x_wconf 82' lang='lat'><strong>(6|)</strong></span> <span class='ocrx_word' id='word_1_464' title='bbox 794 4009 1086 4080; x_wconf 64' lang='lat' dir='ltr'><strong>Medicinae.</strong></span> 
     </span>
    </p>
   </div>
   <div class='ocr_carea' id='block_1_60' title="bbox 654 4075 2160 4151">
    <p class='ocr_par' dir='ltr' id='par_1_60' title="bbox 654 4075 2160 4151">
     <span class='ocr_line' id='line_1_61' title="bbox 654 4075 2160 4151; baseline 0.003 -25"><span class='ocrx_word' id='word_1_465' title='bbox 654 4075 766 4151; x_wconf 72' lang='lat'><strong>(62)</strong></span> <span class='ocrx_word' id='word_1_466' title='bbox 792 4080 946 4151; x_wconf 82' lang='lat' dir='ltr'><strong>Apud</strong></span> <span class='ocrx_word' id='word_1_467' title='bbox 971 4078 1184 4133; x_wconf 85' lang='lat' dir='ltr'><strong>Gildam</strong></span> <span class='ocrx_word' id='word_1_468' title='bbox 1210 4076 1267 4151; x_wconf 85' lang='lat' dir='ltr'><strong>l._</strong></span> <span class='ocrx_word' id='word_1_469' title='bbox 1287 4091 1336 4130; x_wconf 93' lang='lat' dir='ltr'><strong>c.</strong></span> <span class='ocrx_word' id='word_1_470' title='bbox 1367 4093 1423 4151; x_wconf 87' lang='lat' dir='ltr'><strong>n_.</strong></span> <span class='ocrx_word' id='word_1_471' title='bbox 1451 4075 1487 4129; x_wconf 74' lang='lat'><strong>2</strong></span> <span class='ocrx_word' id='word_1_472' title='bbox 1516 4094 1529 4129; x_wconf 89' lang='lat'><strong>:</strong></span> <span class='ocrx_word' id='word_1_473' title='bbox 1576 4094 1605 4151; x_wconf 74' lang='lat'><strong>¢_</strong></span> <span class='ocrx_word' id='word_1_474' title='bbox 1642 4075 1698 4132; x_wconf 89' lang='lat' dir='ltr'><strong>Si</strong></span> <span class='ocrx_word' id='word_1_475' title='bbox 1731 4075 1852 4151; x_wconf 80' lang='lat' dir='ltr'><strong>quis</strong></span> <span class='ocrx_word' id='word_1_476' title='bbox 1903 4075 2160 4151; x_wconf 79' lang='lat' dir='ltr'><strong>inferiore</strong></span> 
     </span>
    </p>
   </div>
   <div class='ocr_carea' id='block_1_61' title="bbox 582 4145 2161 4221">
    <p class='ocr_par' dir='ltr' id='par_1_61' title="bbox 582 4145 2161 4221">
     <span class='ocr_line' id='line_1_62' title="bbox 582 4145 2161 4221; baseline -0.004 -15"><span class='ocrx_word' id='word_1_477' title='bbox 582 4145 755 4221; x_wconf 79' lang='lat' dir='ltr'><strong>gradu</strong></span> <span class='ocrx_word' id='word_1_478' title='bbox 799 4145 1010 4218; x_wconf 70' lang='lat' dir='ltr'><strong>positus</strong></span> <span class='ocrx_word' id='word_1_479' title='bbox 1057 4145 1427 4221; x_wconf 47' lang='lat' dir='ltr'><strong>monachus}</strong></span> <span class='ocrx_word' id='word_1_480' title='bbox 1480 4148 1643 4221; x_wconf 84' lang='lat' dir='ltr'><strong>annis</strong></span> <span class='ocrx_word' id='word_1_481' title='bbox 1695 4145 2012 4221; x_wconf 62' lang='lat' dir='ltr'><strong>paeniteat:</strong></span> <span class='ocrx_word' id='word_1_482' title='bbox 2066 4146 2161 4221; x_wconf 80' lang='lat' dir='ltr'><strong>sed</strong></span> 
     </span>
    </p>
   </div>
   <div class='ocr_carea' id='block_1_62' title="bbox 585 4215 2161 4287">
    <p class='ocr_par' dir='ltr' id='par_1_62' title="bbox 585 4215 2161 4287">
     <span class='ocr_line' id='line_1_63' title="bbox 585 4215 2161 4287; baseline -0.004 -11"><span class='ocrx_word' id='word_1_483' title='bbox 585 4215 836 4276; x_wconf 66' lang='lat' dir='ltr'><strong>iuensura</strong></span> <span class='ocrx_word' id='word_1_484' title='bbox 867 4227 1122 4287; x_wconf 79' lang='lat' dir='ltr'><strong>gravetur</strong></span> <span class='ocrx_word' id='word_1_485' title='bbox 1149 4217 1322 4287; x_wconf 74' lang='lat' dir='ltr'><strong>panis.</strong></span> <span class='ocrx_word' id='word_1_486' title='bbox 1350 4215 1408 4269; x_wconf 87' lang='lat' dir='ltr'><strong>Si</strong></span> <span class='ocrx_word' id='word_1_487' title='bbox 1434 4215 1737 4286; x_wconf 70' lang='lat' dir='ltr'><strong>Operarins,</strong></span> <span class='ocrx_word' id='word_1_488' title='bbox 1764 4216 2059 4270; x_wconf 85' lang='lat' dir='ltr'><strong>sextarium</strong></span> <span class='ocrx_word' id='word_1_489' title='bbox 2096 4216 2161 4270; x_wconf 89' lang='lat' dir='ltr'><strong>de</strong></span> 
     </span>
    </p>
   </div>
   <div class='ocr_carea' id='block_1_63' title="bbox 580 4285 2157 4355">
    <p class='ocr_par' dir='ltr' id='par_1_63' title="bbox 580 4285 2157 4355">
     <span class='ocr_line' id='line_1_64' title="bbox 580 4285 2157 4355; baseline -0.003 -12"><span class='ocrx_word' id='word_1_490' title='bbox 580 4290 724 4345; x_wconf 82' lang='lat' dir='ltr'><strong>lacte</strong></span> <span class='ocrx_word' id='word_1_491' title='bbox 785 4285 1097 4352; x_wconf 70' lang='lat' dir='ltr'><strong>(lanienam,</strong></span> <span class='ocrx_word' id='word_1_492' title='bbox 1147 4285 1205 4341; x_wconf 83' lang='lat' dir='ltr'><strong>et</strong></span> <span class='ocrx_word' id='word_1_493' title='bbox 1253 4285 1416 4338; x_wconf 90' lang='lat' dir='ltr'><strong>alium</strong></span> <span class='ocrx_word' id='word_1_494' title='bbox 1472 4285 1538 4340; x_wconf 78' lang='lat' dir='ltr'><strong>de</strong></span> <span class='ocrx_word' id='word_1_495' title='bbox 1573 4287 1807 4352; x_wconf 90' lang='lat' dir='ltr'><strong>tenucla,</strong></span> <span class='ocrx_word' id='word_1_496' title='bbox 1856 4294 1911 4341; x_wconf 92' lang='lat' dir='ltr'><strong>et</strong></span> <span class='ocrx_word' id='word_1_497' title='bbox 1960 4301 2157 4355; x_wconf 86' lang='lat' dir='ltr'><strong>aquam</strong></span> 
     </span>
    </p>
   </div>
   <div class='ocr_carea' id='block_1_64' title="bbox 583 4354 1886 4432">
    <p class='ocr_par' dir='ltr' id='par_1_64' title="bbox 583 4354 1886 4432">
     <span class='ocr_line' id='line_1_65' title="bbox 583 4354 1886 4432; baseline -0.005 -18"><span class='ocrx_word' id='word_1_498' title='bbox 583 4354 1108 4432; x_wconf 63' lang='lat' dir='ltr'><strong>quamtnusuﬂieiat</strong></span> <span class='ocrx_word' id='word_1_499' title='bbox 1124 4370 1222 4426; x_wconf 83' lang='lat' dir='ltr'><strong>pro</strong></span> <span class='ocrx_word' id='word_1_500' title='bbox 1251 4356 1371 4411; x_wconf 83' lang='lat' dir='ltr'><strong>sitis</strong></span> <span class='ocrx_word' id='word_1_501' title='bbox 1408 4354 1604 4412; x_wconf 85' lang='lat' dir='ltr'><strong>ardore</strong></span> <span class='ocrx_word' id='word_1_502' title='bbox 1630 4367 1825 4412; x_wconf 77' lang='lat' dir='ltr'><strong>sinuat.</strong></span> <span class='ocrx_word' id='word_1_503' title='bbox 1867 4375 1886 4408; x_wconf 85' lang='grc'><strong>›</strong></span> 
     </span>
    </p>
   </div>
   <div class='ocr_carea' id='block_1_65' title="bbox 653 4427 1190 4503">
    <p class='ocr_par' dir='ltr' id='par_1_65' title="bbox 653 4427 1190 4503">
     <span class='ocr_line' id='line_1_66' title="bbox 653 4427 1190 4503; baseline -0.007 -19"><span class='ocrx_word' id='word_1_504' title='bbox 653 4430 767 4503; x_wconf 57' lang='lat' dir='ltr'><strong>(lib)</strong></span> <span class='ocrx_word' id='word_1_505' title='bbox 799 4427 880 4503; x_wconf 64' lang='lat' dir='ltr'><strong>Si,</strong></span> <span class='ocrx_word' id='word_1_506' title='bbox 908 4427 1190 4503; x_wconf 76' lang='lat' dir='ltr'><strong>redundat.</strong></span> 
     </span>
    </p>
   </div>
   <div class='ocr_carea' id='block_1_66' title="bbox 653 4496 2152 4572">
    <p class='ocr_par' dir='ltr' id='par_1_66' title="bbox 653 4496 2152 4572">
     <span class='ocr_line' id='line_1_67' title="bbox 653 4496 2152 4572; baseline -0.003 -17"><span class='ocrx_word' id='word_1_507' title='bbox 653 4496 766 4572; x_wconf 68' lang='grc'><strong>(64)</strong></span> <span class='ocrx_word' id='word_1_508' title='bbox 802 4499 928 4572; x_wconf 55' lang='lat' dir='ltr'><strong>llaec</strong></span> <span class='ocrx_word' id='word_1_509' title='bbox 976 4498 1172 4562; x_wconf 88' lang='lat' dir='ltr'><strong>verba,</strong></span> <span class='ocrx_word' id='word_1_510' title='bbox 1203 4505 1252 4551; x_wconf 85' lang='lat' dir='ltr'><strong>et</strong></span> <span class='ocrx_word' id='word_1_511' title='bbox 1280 4506 1455 4568; x_wconf 74' lang='lat' dir='ltr'><strong>postea</strong></span> <span class='ocrx_word' id='word_1_512' title='bbox 1501 4496 1958 4572; x_wconf 25' lang='lat' dir='ltr'><strong>recipiatAgradus</strong></span> <span class='ocrx_word' id='word_1_513' title='bbox 2007 4514 2152 4572; x_wconf 83' lang='lat' dir='ltr'><strong>suos,</strong></span> 
     </span>
    </p>
   </div>
   <div class='ocr_carea' id='block_1_67' title="bbox 584 4567 2155 4644">
    <p class='ocr_par' dir='ltr' id='par_1_67' title="bbox 584 4567 2155 4644">
     <span class='ocr_line' id='line_1_68' title="bbox 584 4567 2155 4644; baseline -0.006 -17"><span class='ocrx_word' id='word_1_514' title='bbox 584 4567 725 4644; x_wconf 84' lang='lat' dir='ltr'><strong>apud</strong></span> <span class='ocrx_word' id='word_1_515' title='bbox 749 4567 1088 4625; x_wconf 74' lang='lat' dir='ltr'><strong>Cildamnon</strong></span> <span class='ocrx_word' id='word_1_516' title='bbox 1129 4575 1466 4644; x_wconf 79' lang='lat' dir='ltr'><strong>comparent.</strong></span> <span class='ocrx_word' id='word_1_517' title='bbox 1513 4567 1960 4644; x_wconf 64' lang='lat' dir='ltr'><strong>Palamhinclit,</strong></span> <span class='ocrx_word' id='word_1_518' title='bbox 2010 4569 2155 4644; x_wconf 71' lang='lat' dir='ltr'><strong>circa</strong></span> 
     </span>
    </p>
   </div>
   <div class='ocr_carea' id='block_1_68' title="bbox 582 4638 2157 4709">
    <p class='ocr_par' dir='ltr' id='par_1_68' title="bbox 582 4638 2157 4709">
     <span class='ocr_line' id='line_1_69' title="bbox 582 4638 2157 4709; baseline -0.003 -13"><span class='ocrx_word' id='word_1_519' title='bbox 582 4638 711 4697; x_wconf 60' lang='lat' dir='ltr'><strong>sz&#39;ee.</strong></span> <span class='ocrx_word' id='word_1_520' title='bbox 740 4656 835 4695; x_wconf 81' lang='lat' dir='ltr'><strong>\‘lll</strong></span> <span class='ocrx_word' id='word_1_521' title='bbox 866 4648 921 4694; x_wconf 91' lang='lat' dir='ltr'><strong>et</strong></span> <span class='ocrx_word' id='word_1_522' title='bbox 947 4655 1033 4703; x_wconf 78' lang='lat' dir='ltr'><strong>Ix,</strong></span> <span class='ocrx_word' id='word_1_523' title='bbox 1074 4655 1183 4709; x_wconf 90' lang='lat' dir='ltr'><strong>quo</strong></span> <span class='ocrx_word' id='word_1_524' title='bbox 1234 4639 1471 4706; x_wconf 90' lang='lat' dir='ltr'><strong>scriptus</strong></span> <span class='ocrx_word' id='word_1_525' title='bbox 1512 4648 1596 4693; x_wconf 89' lang='lat' dir='ltr'><strong>est</strong></span> <span class='ocrx_word' id='word_1_526' title='bbox 1658 4638 1746 4692; x_wconf 92' lang='lat' dir='ltr'><strong>hic</strong></span> <span class='ocrx_word' id='word_1_527' title='bbox 1774 4638 1989 4709; x_wconf 75' lang='lat' dir='ltr'><strong>codex,_</strong></span> <span class='ocrx_word' id='word_1_528' title='bbox 2015 4639 2157 4709; x_wconf 79' lang='lat' dir='ltr'><strong>uiide</strong></span> 
     </span>
    </p>
   </div>
   <div class='ocr_carea' id='block_1_69' title="bbox 582 4707 2155 4779">
    <p class='ocr_par' dir='ltr' id='par_1_69' title="bbox 582 4707 2155 4779">
     <span class='ocr_line' id='line_1_70' title="bbox 582 4707 2155 4779; baseline -0.003 -12"><span class='ocrx_word' id='word_1_529' title='bbox 582 4725 820 4767; x_wconf 85' lang='lat' dir='ltr'><strong>canones</strong></span> <span class='ocrx_word' id='word_1_530' title='bbox 864 4707 1258 4779; x_wconf 72' lang='lat' dir='ltr'><strong>pmniteiitiales</strong></span> <span class='ocrx_word' id='word_1_531' title='bbox 1310 4710 1712 4779; x_wconf 80' lang='lat' dir='ltr'><strong>excerpsimus,</strong></span> <span class='ocrx_word' id='word_1_532' title='bbox 1753 4723 1858 4762; x_wconf 91' lang='lat' dir='ltr'><strong>non</strong></span> <span class='ocrx_word' id='word_1_533' title='bbox 1897 4707 2155 4771; x_wconf 81' lang='lat' dir='ltr'><strong>defuisse,</strong></span> 
     </span>
    </p>
   </div>
   <div class='ocr_carea' id='block_1_70' title="bbox 584 4776 2156 4852">
    <p class='ocr_par' dir='ltr' id='par_1_70' title="bbox 584 4776 2156 4852">
     <span class='ocr_line' id='line_1_71' title="bbox 584 4776 2156 4852; baseline -0.002 -17"><span class='ocrx_word' id='word_1_534' title='bbox 584 4783 695 4852; x_wconf 5' lang='lat' dir='ltr'><strong>qui;</strong></span> <span class='ocrx_word' id='word_1_535' title='bbox 724 4776 1027 4852; x_wconf 81' lang='lat' dir='ltr'><strong>tenuerint,</strong></span> <span class='ocrx_word' id='word_1_536' title='bbox 1075 4780 1239 4834; x_wconf 87' lang='lat' dir='ltr'><strong>licere</strong></span> <span class='ocrx_word' id='word_1_537' title='bbox 1275 4776 1491 4852; x_wconf 83' lang='lat' dir='ltr'><strong>clericis</strong></span> <span class='ocrx_word' id='word_1_538' title='bbox 1530 4780 1598 4852; x_wconf 81' lang='lat' dir='ltr'><strong>in</strong></span> <span class='ocrx_word' id='word_1_539' title='bbox 1622 4787 1899 4852; x_wconf 82' lang='lat' dir='ltr'><strong>peccatum</strong></span> <span class='ocrx_word' id='word_1_540' title='bbox 1937 4779 2156 4852; x_wconf 81' lang='lat' dir='ltr'><strong>carnale</strong></span> 
     </span>
    </p>
   </div>
   <div class='ocr_carea' id='block_1_71' title="bbox 582 4849 2157 4924">
    <p class='ocr_par' dir='ltr' id='par_1_71' title="bbox 582 4849 2157 4924">
     <span class='ocr_line' id='line_1_72' title="bbox 582 4849 2157 4924; baseline -0.001 -20"><span class='ocrx_word' id='word_1_541' title='bbox 582 4849 850 4924; x_wconf 76' lang='lat' dir='ltr'><strong>prolapsis</strong></span> <span class='ocrx_word' id='word_1_542' title='bbox 878 4857 998 4924; x_wconf 82' lang='lat' dir='ltr'><strong>post</strong></span> <span class='ocrx_word' id='word_1_543' title='bbox 1020 4859 1291 4924; x_wconf 81' lang='lat' dir='ltr'><strong>peractam</strong></span> <span class='ocrx_word' id='word_1_544' title='bbox 1320 4849 1690 4924; x_wconf 71' lang='lat' dir='ltr'><strong>pwnitentiam</strong></span> <span class='ocrx_word' id='word_1_545' title='bbox 1730 4849 1796 4901; x_wconf 90' lang='lat' dir='ltr'><strong>ad</strong></span> <span class='ocrx_word' id='word_1_546' title='bbox 1827 4862 1955 4924; x_wconf 76' lang='lat' dir='ltr'><strong>suos</strong></span> <span class='ocrx_word' id='word_1_547' title='bbox 1982 4851 2157 4924; x_wconf 76' lang='lat' dir='ltr'><strong>redire</strong></span> 
     </span>
    </p>
   </div>
   <div class='ocr_carea' id='block_1_72' title="bbox 588 4916 2153 4994">
    <p class='ocr_par' dir='ltr' id='par_1_72' title="bbox 588 4916 2153 4994">
     <span class='ocr_line' id='line_1_73' title="bbox 588 4916 2153 4994; baseline -0.004 -18"><span class='ocrx_word' id='word_1_548' title='bbox 588 4916 807 4994; x_wconf 57' lang='lat' dir='ltr'><strong>&quot;gradus.</strong></span> <span class='ocrx_word' id='word_1_549' title='bbox 837 4951 842 4955; x_wconf 93' lang='lat'><strong><em>-</em></strong></span> <span class='ocrx_word' id='word_1_550' title='bbox 872 4916 1214 4994; x_wconf 68' lang='lat' dir='ltr'><strong>Contrarium</strong></span> <span class='ocrx_word' id='word_1_551' title='bbox 1265 4916 1393 4972; x_wconf 85' lang='lat' dir='ltr'><strong>tunc</strong></span> <span class='ocrx_word' id='word_1_552' title='bbox 1455 4919 1748 4994; x_wconf 78' lang='lat' dir='ltr'><strong>universim</strong></span> <span class='ocrx_word' id='word_1_553' title='bbox 1810 4916 2153 4994; x_wconf 79' lang='lat' dir='ltr'><strong>disciplinam</strong></span> 
     </span>
    </p>
   </div>
   <div class='ocr_carea' id='block_1_73' title="bbox 583 4988 2156 5058">
    <p class='ocr_par' dir='ltr' id='par_1_73' title="bbox 583 4988 2156 5058">
     <span class='ocr_line' id='line_1_74' title="bbox 583 4988 2156 5058; baseline -0.004 -9"><span class='ocrx_word' id='word_1_554' title='bbox 583 4988 881 5049; x_wconf 74' lang='lat' dir='ltr'><strong>obtinuisse</strong></span> <span class='ocrx_word' id='word_1_555' title='bbox 932 4991 1262 5058; x_wconf 86' lang='lat' dir='ltr'><strong>probandum</strong></span> <span class='ocrx_word' id='word_1_556' title='bbox 1298 4989 1527 5056; x_wconf 86' lang='lat' dir='ltr'><strong>sumpsit</strong></span> <span class='ocrx_word' id='word_1_557' title='bbox 1556 4989 1811 5043; x_wconf 90' lang='lat' dir='ltr'><strong>eminent.</strong></span> <span class='ocrx_word' id='word_1_558' title='bbox 1850 4988 2156 5058; x_wconf 81' lang='lat' dir='ltr'><strong>cardinalis</strong></span> 
     </span>
    </p>
   </div>
   <div class='ocr_carea' id='block_1_74' title="bbox 584 5057 2154 5129">
    <p class='ocr_par' dir='ltr' id='par_1_74' title="bbox 584 5057 2154 5129">
     <span class='ocr_line' id='line_1_75' title="bbox 584 5057 2154 5129; baseline -0.004 -12"><span class='ocrx_word' id='word_1_559' title='bbox 584 5063 660 5118; x_wconf 88' lang='lat' dir='ltr'><strong>De</strong></span> <span class='ocrx_word' id='word_1_560' title='bbox 689 5063 918 5129; x_wconf 71' lang='lat' dir='ltr'><strong>Aguirre</strong></span> <span class='ocrx_word' id='word_1_561' title='bbox 935 5057 1149 5129; x_wconf 80' lang='lat' dir='ltr'><strong>prolixa</strong></span> <span class='ocrx_word' id='word_1_562' title='bbox 1183 5059 1560 5129; x_wconf 85' lang='lat' dir='ltr'><strong>dissertatione</strong></span> <span class='ocrx_word' id='word_1_563' title='bbox 1606 5060 1656 5129; x_wconf 85' lang='lat' dir='ltr'><strong>in</strong></span> <span class='ocrx_word' id='word_1_564' title='bbox 1687 5057 1972 5129; x_wconf 83' lang='lat' dir='ltr'><strong>concilium</strong></span> <span class='ocrx_word' id='word_1_565' title='bbox 2008 5058 2154 5112; x_wconf 83' lang='lat' dir='ltr'><strong>Tole-</strong></span> 
     </span>
    </p>
   </div>
   <div class='ocr_carea' id='block_1_75' title="bbox 588 5128 2150 5202">
    <p class='ocr_par' dir='ltr' id='par_1_75' title="bbox 588 5128 2150 5202">
     <span class='ocr_line' id='line_1_76' title="bbox 588 5128 2150 5202; baseline -0.003 -16"><span class='ocrx_word' id='word_1_566' title='bbox 588 5143 699 5186; x_wconf 85' lang='lat' dir='ltr'><strong>tan.</strong></span> <span class='ocrx_word' id='word_1_567' title='bbox 742 5128 812 5197; x_wconf 78' lang='lat' dir='ltr'><strong>X,</strong></span> <span class='ocrx_word' id='word_1_568' title='bbox 843 5128 1014 5201; x_wconf 84' lang='lat' dir='ltr'><strong>nuper</strong></span> <span class='ocrx_word' id='word_1_569' title='bbox 1039 5128 1557 5202; x_wconf 69' lang='lat' dir='ltr'><strong>typisnostriseuni</strong></span> <span class='ocrx_word' id='word_1_570' title='bbox 1590 5128 1709 5202; x_wconf 84' lang='lat' dir='ltr'><strong>aliis</strong></span> <span class='ocrx_word' id='word_1_571' title='bbox 1755 5128 2150 5202; x_wconf 80' lang='lat' dir='ltr'><strong>illustrissimu-</strong></span> 
     </span>
    </p>
   </div>
   <div class='ocr_carea' id='block_1_76' title="bbox 585 5198 2155 5256">
    <p class='ocr_par' dir='ltr' id='par_1_76' title="bbox 585 5198 2155 5256">
     <span class='ocr_line' id='line_1_77' title="bbox 585 5198 2155 5256; baseline -0.002 0"><span class='ocrx_word' id='word_1_572' title='bbox 585 5212 704 5256; x_wconf 88' lang='lat' dir='ltr'><strong>rum</strong></span> <span class='ocrx_word' id='word_1_573' title='bbox 734 5198 971 5256; x_wconf 84' lang='lat' dir='ltr'><strong>viroruin</strong></span> <span class='ocrx_word' id='word_1_574' title='bbox 1002 5198 1381 5255; x_wconf 79' lang='lat' dir='ltr'><strong>eruditissimis</strong></span> <span class='ocrx_word' id='word_1_575' title='bbox 1413 5198 1872 5252; x_wconf 86' lang='lat' dir='ltr'><strong>lucubrationibus</strong></span> <span class='ocrx_word' id='word_1_576' title='bbox 1893 5198 1959 5252; x_wconf 91' lang='lat' dir='ltr'><strong>dc</strong></span> <span class='ocrx_word' id='word_1_577' title='bbox 1983 5200 2155 5253; x_wconf 88' lang='lat' dir='ltr'><strong>admi-</strong></span> 
     </span>
    </p>
   </div>
   <div class='ocr_carea' id='block_1_77' title="bbox 587 5267 2160 5334">
    <p class='ocr_par' dir='ltr' id='par_1_77' title="bbox 587 5267 2160 5334">
     <span class='ocr_line' id='line_1_78' title="bbox 587 5267 2160 5334; baseline 0.001 -10"><span class='ocrx_word' id='word_1_578' title='bbox 587 5272 866 5324; x_wconf 88' lang='lat' dir='ltr'><strong>nistrando</strong></span> <span class='ocrx_word' id='word_1_579' title='bbox 907 5280 1247 5325; x_wconf 89' lang='lat' dir='ltr'><strong>sacramento</strong></span> <span class='ocrx_word' id='word_1_580' title='bbox 1294 5268 1625 5334; x_wconf 67' lang='lat' dir='ltr'><strong>pceuitentiaa</strong></span> <span class='ocrx_word' id='word_1_581' title='bbox 1664 5283 1871 5321; x_wconf 86' lang='lat' dir='ltr'><strong>recusa.</strong></span> <span class='ocrx_word' id='word_1_582' title='bbox 1928 5267 2160 5325; x_wconf 84' lang='lat' dir='ltr'><strong>Forteue</strong></span> 
     </span>
    </p>
   </div>
   <div class='ocr_carea' id='block_1_78' title="bbox 2268 1766 3811 1837">
    <p class='ocr_par' dir='ltr' id='par_1_78' title="bbox 2268 1766 3811 1837">
     <span class='ocr_line' id='line_1_79' title="bbox 2268 1766 3811 1837; baseline 0.001 -17"><span class='ocrx_word' id='word_1_583' title='bbox 2268 1766 2368 1821; x_wconf 87' lang='lat' dir='ltr'><strong>lier</strong></span> <span class='ocrx_word' id='word_1_584' title='bbox 2396 1780 2682 1837; x_wconf 86' lang='lat' dir='ltr'><strong>postquam</strong></span> <span class='ocrx_word' id='word_1_585' title='bbox 2722 1783 2781 1822; x_wconf 92' lang='lat' dir='ltr'><strong>se</strong></span> <span class='ocrx_word' id='word_1_586' title='bbox 2812 1766 2921 1823; x_wconf 90' lang='lat' dir='ltr'><strong>Deo</strong></span> <span class='ocrx_word' id='word_1_587' title='bbox 2950 1768 3175 1831; x_wconf 89' lang='lat' dir='ltr'><strong>voverit,</strong></span> <span class='ocrx_word' id='word_1_588' title='bbox 3206 1768 3250 1822; x_wconf 90' lang='lat' dir='ltr'><strong>si</strong></span> <span class='ocrx_word' id='word_1_589' title='bbox 3285 1768 3423 1822; x_wconf 88' lang='lat' dir='ltr'><strong>tales</strong></span> <span class='ocrx_word' id='word_1_590' title='bbox 3463 1768 3635 1823; x_wconf 88' lang='lat' dir='ltr'><strong>scelos</strong></span> <span class='ocrx_word' id='word_1_591' title='bbox 3675 1768 3811 1823; x_wconf 82' lang='lat' dir='ltr'><strong>adni-</strong></span> 
     </span>
    </p>
   </div>
   <div class='ocr_carea' id='block_1_79' title="bbox 2269 1856 3811 1930">
    <p class='ocr_par' dir='ltr' id='par_1_79' title="bbox 2269 1856 3811 1930">
     <span class='ocr_line' id='line_1_80' title="bbox 2269 1856 3811 1930; baseline 0.001 -18"><span class='ocrx_word' id='word_1_592' title='bbox 2269 1858 2425 1924; x_wconf 90' lang='lat' dir='ltr'><strong>serit,</strong></span> <span class='ocrx_word' id='word_1_593' title='bbox 2474 1857 2593 1926; x_wconf 85' lang='lat' dir='ltr'><strong>pari</strong></span> <span class='ocrx_word' id='word_1_594' title='bbox 2627 1857 2893 1913; x_wconf 89' lang='lat' dir='ltr'><strong>sententia</strong></span> <span class='ocrx_word' id='word_1_595' title='bbox 2946 1856 3266 1928; x_wconf 73' lang='lat' dir='ltr'><strong>subiacebit.</strong></span> <span class='ocrx_word' id='word_1_596' title='bbox 3317 1856 3375 1913; x_wconf 93' lang='lat' dir='ltr'><strong>Si</strong></span> <span class='ocrx_word' id='word_1_597' title='bbox 3437 1859 3709 1930; x_wconf 85' lang='lat' dir='ltr'><strong>presbyter</strong></span> <span class='ocrx_word' id='word_1_598' title='bbox 3749 1858 3811 1913; x_wconf 71' lang='lat' dir='ltr'><strong>vel</strong></span> 
     </span>
    </p>
   </div>
   <div class='ocr_carea' id='block_1_80' title="bbox 2267 1947 3811 2015">
    <p class='ocr_par' dir='ltr' id='par_1_80' title="bbox 2267 1947 3811 2015">
     <span class='ocr_line' id='line_1_81' title="bbox 2267 1947 3811 2015; baseline 0.001 -13"><span class='ocrx_word' id='word_1_599' title='bbox 2267 1947 2529 2003; x_wconf 81' lang='lat' dir='ltr'><strong>diaconus</strong></span> <span class='ocrx_word' id='word_1_600' title='bbox 2556 1962 2779 2003; x_wconf 78' lang='lat' dir='ltr'><strong>uxorem</strong></span> <span class='ocrx_word' id='word_1_601' title='bbox 2802 1956 3114 2003; x_wconf 73' lang='lat' dir='ltr'><strong>extraneum</strong></span> <span class='ocrx_word' id='word_1_602' title='bbox 3161 1950 3401 2015; x_wconf 79' lang='lat' dir='ltr'><strong>duxerit,</strong></span> <span class='ocrx_word' id='word_1_603' title='bbox 3439 1950 3495 2004; x_wconf 89' lang='lat' dir='ltr'><strong>in</strong></span> <span class='ocrx_word' id='word_1_604' title='bbox 3527 1950 3811 2005; x_wconf 72' lang='lat' dir='ltr'><strong>conscientia</strong></span> 
     </span>
    </p>
   </div>
   <div class='ocr_carea' id='block_1_81' title="bbox 2267 2040 3812 2113">
    <p class='ocr_par' dir='ltr' id='par_1_81' title="bbox 2267 2040 3812 2113">
     <span class='ocr_line' id='line_1_82' title="bbox 2267 2040 3812 2113; baseline 0 -18"><span class='ocrx_word' id='word_1_605' title='bbox 2267 2040 2443 2112; x_wconf 90' lang='lat' dir='ltr'><strong>populi</strong></span> <span class='ocrx_word' id='word_1_606' title='bbox 2470 2041 2786 2112; x_wconf 89' lang='lat' dir='ltr'><strong>deponatur.</strong></span> <span class='ocrx_word' id='word_1_607' title='bbox 2819 2041 2876 2097; x_wconf 89' lang='lat' dir='ltr'><strong>Si</strong></span> <span class='ocrx_word' id='word_1_608' title='bbox 2921 2042 3044 2112; x_wconf 89' lang='lat' dir='ltr'><strong>quis</strong></span> <span class='ocrx_word' id='word_1_609' title='bbox 3071 2041 3410 2113; x_wconf 65' lang='lat' dir='ltr'><strong>adulterium</strong></span> <span class='ocrx_word' id='word_1_610' title='bbox 3462 2044 3812 2112; x_wconf 63' lang='lat' dir='ltr'><strong>perpetrarent</strong></span> 
     </span>
    </p>
   </div>
   <div class='ocr_carea' id='block_1_82' title="bbox 2264 2130 3810 2205">
    <p class='ocr_par' dir='ltr' id='par_1_82' title="bbox 2264 2130 3810 2205">
     <span class='ocr_line' id='line_1_83' title="bbox 2264 2130 3810 2205; baseline 0.002 -19"><span class='ocrx_word' id='word_1_611' title='bbox 2264 2146 2387 2186; x_wconf 90' lang='lat' dir='ltr'><strong>cum</strong></span> <span class='ocrx_word' id='word_1_612' title='bbox 2418 2130 2527 2195; x_wconf 89' lang='lat' dir='ltr'><strong>illa,</strong></span> <span class='ocrx_word' id='word_1_613' title='bbox 2558 2140 2612 2185; x_wconf 90' lang='lat' dir='ltr'><strong>et</strong></span> <span class='ocrx_word' id='word_1_614' title='bbox 2644 2131 2696 2185; x_wconf 90' lang='lat' dir='ltr'><strong>in</strong></span> <span class='ocrx_word' id='word_1_615' title='bbox 2724 2132 3115 2187; x_wconf 86' lang='lat' dir='ltr'><strong>conscientiam</strong></span> <span class='ocrx_word' id='word_1_616' title='bbox 3156 2131 3376 2187; x_wconf 88' lang='lat' dir='ltr'><strong>advenit</strong></span> <span class='ocrx_word' id='word_1_617' title='bbox 3425 2134 3657 2203; x_wconf 84' lang='lat' dir='ltr'><strong>populis,</strong></span> <span class='ocrx_word' id='word_1_618' title='bbox 3683 2134 3810 2205; x_wconf 85' lang='lat' dir='ltr'><strong>depo-</strong></span> 
     </span>
    </p>
   </div>
   <div class='ocr_carea' id='block_1_83' title="bbox 2265 2222 3811 2295">
    <p class='ocr_par' dir='ltr' id='par_1_83' title="bbox 2265 2222 3811 2295">
     <span class='ocr_line' id='line_1_84' title="bbox 2265 2222 3811 2295; baseline 0.001 -18"><span class='ocrx_word' id='word_1_619' title='bbox 2265 2232 2447 2287; x_wconf 87' lang='lat' dir='ltr'><strong>natur,</strong></span> <span class='ocrx_word' id='word_1_620' title='bbox 2480 2222 2796 2293; x_wconf 80' lang='lat' dir='ltr'><strong>projieiatur</strong></span> <span class='ocrx_word' id='word_1_621' title='bbox 2824 2232 2976 2278; x_wconf 74' lang='lat' dir='ltr'><strong>extra</strong></span> <span class='ocrx_word' id='word_1_622' title='bbox 3003 2223 3308 2289; x_wconf 86' lang='lat' dir='ltr'><strong>ecclesiam,</strong></span> <span class='ocrx_word' id='word_1_623' title='bbox 3353 2233 3414 2277; x_wconf 92' lang='lat' dir='ltr'><strong>et</strong></span> <span class='ocrx_word' id='word_1_624' title='bbox 3442 2225 3679 2295; x_wconf 85' lang='lat' dir='ltr'><strong>peniteat</strong></span> <span class='ocrx_word' id='word_1_625' title='bbox 3704 2225 3811 2279; x_wconf 81' lang='lat' dir='ltr'><strong>inter</strong></span> 
     </span>
    </p>
   </div>
   <div class='ocr_carea' id='block_1_84' title="bbox 2264 2313 3810 2386">
    <p class='ocr_par' dir='ltr' id='par_1_84' title="bbox 2264 2313 3810 2386">
     <span class='ocr_line' id='line_1_85' title="bbox 2264 2313 3810 2386; baseline 0.001 -17"><span class='ocrx_word' id='word_1_626' title='bbox 2264 2315 2453 2380; x_wconf 87' lang='lat' dir='ltr'><strong>laicos,</strong></span> <span class='ocrx_word' id='word_1_627' title='bbox 2487 2314 2746 2385; x_wconf 89' lang='lat' dir='ltr'><strong>quamdiu</strong></span> <span class='ocrx_word' id='word_1_628' title='bbox 2775 2315 2989 2370; x_wconf 80' lang='lat' dir='ltr'><strong>vixerit.</strong></span> <span class='ocrx_word' id='word_1_629' title='bbox 3045 2313 3102 2369; x_wconf 90' lang='lat' dir='ltr'><strong>Si</strong></span> <span class='ocrx_word' id='word_1_630' title='bbox 3151 2316 3274 2386; x_wconf 88' lang='lat' dir='ltr'><strong>quis</strong></span> <span class='ocrx_word' id='word_1_631' title='bbox 3303 2331 3432 2371; x_wconf 91' lang='lat' dir='ltr'><strong>cum</strong></span> <span class='ocrx_word' id='word_1_632' title='bbox 3466 2328 3640 2371; x_wconf 85' lang='lat' dir='ltr'><strong>matre</strong></span> <span class='ocrx_word' id='word_1_633' title='bbox 3681 2315 3810 2371; x_wconf 81' lang='lat' dir='ltr'><strong>forni-</strong></span> 
     </span>
    </p>
   </div>
   <div class='ocr_carea' id='block_1_85' title="bbox 2264 2404 3807 2476">
    <p class='ocr_par' dir='ltr' id='par_1_85' title="bbox 2264 2404 3807 2476">
     <span class='ocr_line' id='line_1_86' title="bbox 2264 2404 3807 2476; baseline 0.001 -16"><span class='ocrx_word' id='word_1_634' title='bbox 2264 2407 2492 2473; x_wconf 89' lang='lat' dir='ltr'><strong>caverit,</strong></span> <span class='ocrx_word' id='word_1_635' title='bbox 2544 2404 2635 2460; x_wconf 77' lang='lat' dir='ltr'><strong>XII</strong></span> <span class='ocrx_word' id='word_1_636' title='bbox 2665 2420 2837 2460; x_wconf 90' lang='lat' dir='ltr'><strong>annos</strong></span> <span class='ocrx_word' id='word_1_637' title='bbox 2884 2406 3124 2476; x_wconf 87' lang='lat' dir='ltr'><strong>peniteat</strong></span> <span class='ocrx_word' id='word_1_638' title='bbox 3162 2420 3177 2458; x_wconf 88' lang='lat'><strong>:</strong></span> <span class='ocrx_word' id='word_1_639' title='bbox 3212 2414 3267 2461; x_wconf 92' lang='lat' dir='ltr'><strong>et</strong></span> <span class='ocrx_word' id='word_1_640' title='bbox 3323 2416 3612 2476; x_wconf 87' lang='lat' dir='ltr'><strong>nunquam</strong></span> <span class='ocrx_word' id='word_1_641' title='bbox 3658 2415 3807 2468; x_wconf 82' lang='lat' dir='ltr'><strong>mutet.</strong></span> 
     </span>
    </p>
   </div>
   <div class='ocr_carea' id='block_1_86' title="bbox 2263 2494 3806 2562">
    <p class='ocr_par' dir='ltr' id='par_1_86' title="bbox 2263 2494 3806 2562">
     <span class='ocr_line' id='line_1_87' title="bbox 2263 2494 3806 2562; baseline -0.001 -11"><span class='ocrx_word' id='word_1_642' title='bbox 2263 2496 2367 2552; x_wconf 91' lang='lat' dir='ltr'><strong>nisi</strong></span> <span class='ocrx_word' id='word_1_643' title='bbox 2397 2497 2448 2551; x_wconf 93' lang='lat' dir='ltr'><strong>in</strong></span> <span class='ocrx_word' id='word_1_644' title='bbox 2480 2497 2569 2551; x_wconf 88' lang='lat' dir='ltr'><strong>die</strong></span> <span class='ocrx_word' id='word_1_645' title='bbox 2596 2494 2899 2551; x_wconf 90' lang='lat' dir='ltr'><strong>Dominico.</strong></span> <span class='ocrx_word' id='word_1_646' title='bbox 2928 2495 3029 2562; x_wconf 88' lang='lat' dir='ltr'><strong>Qui</strong></span> <span class='ocrx_word' id='word_1_647' title='bbox 3062 2510 3184 2551; x_wconf 92' lang='lat' dir='ltr'><strong>cum</strong></span> <span class='ocrx_word' id='word_1_648' title='bbox 3206 2510 3421 2561; x_wconf 86' lang='lat' dir='ltr'><strong>sorore,</strong></span> <span class='ocrx_word' id='word_1_649' title='bbox 3451 2495 3806 2553; x_wconf 74' lang='lat' dir='ltr'><strong>hocmodoXll</strong></span> 
     </span>
    </p>
   </div>
   <div class='ocr_carea' id='block_1_87' title="bbox 2262 2584 2693 2656">
    <p class='ocr_par' dir='ltr' id='par_1_87' title="bbox 2262 2584 2693 2656">
     <span class='ocr_line' id='line_1_88' title="bbox 2262 2584 2693 2656; baseline -0.005 -15"><span class='ocrx_word' id='word_1_650' title='bbox 2262 2601 2434 2643; x_wconf 84' lang='lat' dir='ltr'><strong>annos</strong></span> <span class='ocrx_word' id='word_1_651' title='bbox 2463 2584 2693 2656; x_wconf 82' lang='lat' dir='ltr'><strong>jejunet.</strong></span> 
     </span>
    </p>
   </div>
   <div class='ocr_carea' id='block_1_88' title="bbox 2633 2696 3761 2762">
    <p class='ocr_par' dir='ltr' id='par_1_88' title="bbox 2633 2696 3761 2762">
     <span class='ocr_line' id='line_1_89' title="bbox 2633 2696 3761 2762; baseline -0.003 -12"><span class='ocrx_word' id='word_1_652' title='bbox 2633 2697 2848 2750; x_wconf 65' lang='lat' dir='ltr'><strong>Catiane:</strong></span> <span class='ocrx_word' id='word_1_653' title='bbox 2862 2696 3175 2752; x_wconf 63' lang='lat' dir='ltr'><strong>Audior-iuni</strong></span> <span class='ocrx_word' id='word_1_654' title='bbox 3197 2698 3319 2761; x_wconf 87' lang='lat'><strong>(66).</strong></span> <span class='ocrx_word' id='word_1_655' title='bbox 3348 2699 3424 2748; x_wconf 80' lang='lat' dir='ltr'><strong>De</strong></span> <span class='ocrx_word' id='word_1_656' title='bbox 3449 2698 3641 2750; x_wconf 72' lang='lat' dir='ltr'><strong>incestis</strong></span> <span class='ocrx_word' id='word_1_657' title='bbox 3661 2699 3761 2762; x_wconf 80' lang='lat'><strong>(67).</strong></span> 
     </span>
    </p>
   </div>
   <div class='ocr_carea' id='block_1_89' title="bbox 2248 2820 3805 2892">
    <p class='ocr_par' dir='ltr' id='par_1_89' title="bbox 2248 2820 3805 2892">
     <span class='ocr_line' id='line_1_90' title="bbox 2248 2820 3805 2892; baseline -0.003 -15"><span class='ocrx_word' id='word_1_658' title='bbox 2248 2858 2253 2863; x_wconf 62' lang='grc' dir='ltr'><strong><em>ε</em></strong></span> <span class='ocrx_word' id='word_1_659' title='bbox 2334 2820 2390 2877; x_wconf 91' lang='lat' dir='ltr'><strong>Si</strong></span> <span class='ocrx_word' id='word_1_660' title='bbox 2441 2821 2563 2891; x_wconf 67' lang='lat' dir='ltr'><strong>quis</strong></span> <span class='ocrx_word' id='word_1_661' title='bbox 2593 2836 2743 2877; x_wconf 91' lang='lat' dir='ltr'><strong>more</strong></span> <span class='ocrx_word' id='word_1_662' title='bbox 2776 2836 3031 2891; x_wconf 90' lang='lat' dir='ltr'><strong>pecorum</strong></span> <span class='ocrx_word' id='word_1_663' title='bbox 3075 2836 3197 2876; x_wconf 91' lang='lat' dir='ltr'><strong>cum</strong></span> <span class='ocrx_word' id='word_1_664' title='bbox 3231 2821 3549 2892; x_wconf 82' lang='lat' dir='ltr'><strong>propinquo</strong></span> <span class='ocrx_word' id='word_1_665' title='bbox 3591 2822 3805 2892; x_wconf 81' lang='lat' dir='ltr'><strong>sanguine</strong></span> 
     </span>
    </p>
   </div>
   <div class='ocr_carea' id='block_1_90' title="bbox 2263 2911 3802 2979">
    <p class='ocr_par' dir='ltr' id='par_1_90' title="bbox 2263 2911 3802 2979">
     <span class='ocr_line' id='line_1_91' title="bbox 2263 2911 3802 2979; baseline -0.001 -12"><span class='ocrx_word' id='word_1_666' title='bbox 2263 2914 2453 2970; x_wconf 89' lang='lat' dir='ltr'><strong>incesti</strong></span> <span class='ocrx_word' id='word_1_667' title='bbox 2483 2914 2760 2969; x_wconf 84' lang='lat' dir='ltr'><strong>commixti</strong></span> <span class='ocrx_word' id='word_1_668' title='bbox 2801 2922 2930 2968; x_wconf 88' lang='lat' dir='ltr'><strong>sunt</strong></span> <span class='ocrx_word' id='word_1_669' title='bbox 2972 2921 3097 2968; x_wconf 90' lang='lat' dir='ltr'><strong>ante</strong></span> <span class='ocrx_word' id='word_1_670' title='bbox 3127 2911 3224 2967; x_wconf 73' lang='lat' dir='ltr'><strong>XX</strong></span> <span class='ocrx_word' id='word_1_671' title='bbox 3269 2914 3438 2979; x_wconf 85' lang='lat' dir='ltr'><strong>etatis</strong></span> <span class='ocrx_word' id='word_1_672' title='bbox 3486 2928 3597 2969; x_wconf 71' lang='lat' dir='ltr'><strong>sua:</strong></span> <span class='ocrx_word' id='word_1_673' title='bbox 3622 2927 3802 2976; x_wconf 87' lang='lat' dir='ltr'><strong>annum,</strong></span> 
     </span>
    </p>
   </div>
   <div class='ocr_carea' id='block_1_91' title="bbox 2184 3004 3802 3084">
    <p class='ocr_par' dir='ltr' id='par_1_91' title="bbox 2184 3004 3802 3084">
     <span class='ocr_line' id='line_1_92' title="bbox 2184 3004 3802 3084; baseline -0.001 -26"><span class='ocrx_word' id='word_1_674' title='bbox 2184 3020 2230 3084; x_wconf 74' lang='grc' dir='ltr'><strong>ρ</strong></span> <span class='ocrx_word' id='word_1_675' title='bbox 2262 3004 2309 3058; x_wconf 76' lang='grc' dir='ltr'><strong>Χ</strong></span> <span class='ocrx_word' id='word_1_676' title='bbox 2357 3005 2513 3061; x_wconf 86' lang='lat' dir='ltr'><strong>annis</strong></span> <span class='ocrx_word' id='word_1_677' title='bbox 2565 3005 2759 3073; x_wconf 85' lang='lat' dir='ltr'><strong>tleinde</strong></span> <span class='ocrx_word' id='word_1_678' title='bbox 2806 3006 3075 3074; x_wconf 76' lang='lat' dir='ltr'><strong>peniteat;</strong></span> <span class='ocrx_word' id='word_1_679' title='bbox 3112 3006 3287 3061; x_wconf 75' lang='lat' dir='ltr'><strong>exacti</strong></span> <span class='ocrx_word' id='word_1_680' title='bbox 3341 3006 3596 3061; x_wconf 89' lang='lat' dir='ltr'><strong>oratione</strong></span> <span class='ocrx_word' id='word_1_681' title='bbox 3638 3015 3802 3060; x_wconf 78' lang='lat' dir='ltr'><strong>tantum</strong></span> 
     </span>
    </p>
   </div>
   <div class='ocr_carea' id='block_1_92' title="bbox 2264 3095 3805 3168">
    <p class='ocr_par' dir='ltr' id='par_1_92' title="bbox 2264 3095 3805 3168">
     <span class='ocr_line' id='line_1_93' title="bbox 2264 3095 3805 3168; baseline 0 -19"><span class='ocrx_word' id='word_1_682' title='bbox 2264 3095 2524 3166; x_wconf 85' lang='lat' dir='ltr'><strong>incipiant</strong></span> <span class='ocrx_word' id='word_1_683' title='bbox 2550 3096 2987 3163; x_wconf 80' lang='lat' dir='ltr'><strong>communicare;</strong></span> <span class='ocrx_word' id='word_1_684' title='bbox 3029 3106 3151 3168; x_wconf 87' lang='lat' dir='ltr'><strong>post</strong></span> <span class='ocrx_word' id='word_1_685' title='bbox 3192 3096 3292 3152; x_wconf 79' lang='lat' dir='ltr'><strong>XX</strong></span> <span class='ocrx_word' id='word_1_686' title='bbox 3321 3111 3460 3152; x_wconf 87' lang='lat' dir='ltr'><strong>vero</strong></span> <span class='ocrx_word' id='word_1_687' title='bbox 3489 3112 3656 3153; x_wconf 88' lang='lat' dir='ltr'><strong>annos</strong></span> <span class='ocrx_word' id='word_1_688' title='bbox 3689 3113 3805 3152; x_wconf 85' lang='lat' dir='ltr'><strong>com-</strong></span> 
     </span>
    </p>
   </div>
   <div class='ocr_carea' id='block_1_93' title="bbox 2264 3187 3803 3258">
    <p class='ocr_par' dir='ltr' id='par_1_93' title="bbox 2264 3187 3803 3258">
     <span class='ocr_line' id='line_1_94' title="bbox 2264 3187 3803 3258; baseline -0.003 -15"><span class='ocrx_word' id='word_1_689' title='bbox 2264 3188 2571 3243; x_wconf 90' lang='lat' dir='ltr'><strong>munionem</strong></span> <span class='ocrx_word' id='word_1_690' title='bbox 2602 3202 2725 3242; x_wconf 91' lang='lat' dir='ltr'><strong>cum</strong></span> <span class='ocrx_word' id='word_1_691' title='bbox 2752 3187 3026 3244; x_wconf 86' lang='lat' dir='ltr'><strong>oblatione</strong></span> <span class='ocrx_word' id='word_1_692' title='bbox 3069 3187 3472 3258; x_wconf 90' lang='lat' dir='ltr'><strong>suscipiantur;</strong></span> <span class='ocrx_word' id='word_1_693' title='bbox 3524 3187 3803 3243; x_wconf 79' lang='lat' dir='ltr'><strong>discutiatur</strong></span> 
     </span>
    </p>
   </div>
   <div class='ocr_carea' id='block_1_94' title="bbox 2262 3319 3803 3390">
    <p class='ocr_par' dir='ltr' id='par_1_94' title="bbox 2262 3319 3803 3390">
     <span class='ocr_line' id='line_1_95' title="bbox 2262 3319 3803 3390; baseline -0.001 -15"><span class='ocrx_word' id='word_1_694' title='bbox 2262 3335 2383 3375; x_wconf 84' lang='lat' dir='ltr'><strong>esse</strong></span> <span class='ocrx_word' id='word_1_695' title='bbox 2421 3319 2786 3390; x_wconf 87' lang='lat' dir='ltr'><strong>depromptos,</strong></span> <span class='ocrx_word' id='word_1_696' title='bbox 2812 3334 2878 3374; x_wconf 82' lang='lat' dir='ltr'><strong>ex</strong></span> <span class='ocrx_word' id='word_1_697' title='bbox 2906 3320 3048 3376; x_wconf 89' lang='lat' dir='ltr'><strong>notis</strong></span> <span class='ocrx_word' id='word_1_698' title='bbox 3061 3320 3185 3377; x_wconf 86' lang='lat' dir='ltr'><strong>hinc</strong></span> <span class='ocrx_word' id='word_1_699' title='bbox 3210 3320 3335 3376; x_wconf 89' lang='lat' dir='ltr'><strong>inde</strong></span> <span class='ocrx_word' id='word_1_700' title='bbox 3360 3336 3390 3375; x_wconf 91' lang='lat' dir='ltr'><strong>a</strong></span> <span class='ocrx_word' id='word_1_701' title='bbox 3424 3322 3587 3377; x_wconf 81' lang='lat' dir='ltr'><strong>nobis</strong></span> <span class='ocrx_word' id='word_1_702' title='bbox 3622 3319 3803 3389; x_wconf 73' lang='lat' dir='ltr'><strong>adjectis</strong></span> 
     </span>
    </p>
   </div>
   <div class='ocr_carea' id='block_1_95' title="bbox 2246 3389 3799 3460">
    <p class='ocr_par' dir='ltr' id='par_1_95' title="bbox 2246 3389 3799 3460">
     <span class='ocr_line' id='line_1_96' title="bbox 2246 3389 3799 3460; baseline 0 -17"><span class='ocrx_word' id='word_1_703' title='bbox 2246 3390 2439 3460; x_wconf 79' lang='lat' dir='ltr'><strong>palam</strong></span> <span class='ocrx_word' id='word_1_704' title='bbox 2476 3389 2565 3454; x_wconf 85' lang='lat' dir='ltr'><strong>lit;</strong></span> <span class='ocrx_word' id='word_1_705' title='bbox 2609 3389 2777 3444; x_wconf 74' lang='lat' dir='ltr'><strong>codex</strong></span> <span class='ocrx_word' id='word_1_706' title='bbox 2819 3406 2947 3446; x_wconf 87' lang='lat' dir='ltr'><strong>vero</strong></span> <span class='ocrx_word' id='word_1_707' title='bbox 2970 3431 2985 3455; x_wconf 93' lang='lat'><strong>,</strong></span> <span class='ocrx_word' id='word_1_708' title='bbox 3032 3407 3139 3460; x_wconf 82' lang='lat' dir='ltr'><strong>quo</strong></span> <span class='ocrx_word' id='word_1_709' title='bbox 3190 3392 3581 3457; x_wconf 87' lang='lat' dir='ltr'><strong>continentur,</strong></span> <span class='ocrx_word' id='word_1_710' title='bbox 3617 3391 3799 3447; x_wconf 70' lang='lat' dir='ltr'><strong>abbatis:</strong></span> 
     </span>
    </p>
   </div>
   <div class='ocr_carea' id='block_1_96' title="bbox 2264 3459 3799 3529">
    <p class='ocr_par' dir='ltr' id='par_1_96' title="bbox 2264 3459 3799 3529">
     <span class='ocr_line' id='line_1_97' title="bbox 2264 3459 3799 3529; baseline -0.002 -16"><span class='ocrx_word' id='word_1_711' title='bbox 2264 3459 2683 3529; x_wconf 78' lang='lat' dir='ltr'><strong>Reiuaugiensis,</strong></span> <span class='ocrx_word' id='word_1_712' title='bbox 2705 3474 2770 3515; x_wconf 91' lang='lat' dir='ltr'><strong>eo</strong></span> <span class='ocrx_word' id='word_1_713' title='bbox 2793 3460 2929 3517; x_wconf 76' lang='lat' dir='ltr'><strong>forte</strong></span> <span class='ocrx_word' id='word_1_714' title='bbox 2956 3459 3164 3516; x_wconf 82' lang='lat' dir='ltr'><strong>delatus</strong></span> <span class='ocrx_word' id='word_1_715' title='bbox 3186 3468 3270 3516; x_wconf 89' lang='lat' dir='ltr'><strong>est</strong></span> <span class='ocrx_word' id='word_1_716' title='bbox 3294 3476 3324 3515; x_wconf 89' lang='lat' dir='ltr'><strong>a</strong></span> <span class='ocrx_word' id='word_1_717' title='bbox 3346 3460 3404 3516; x_wconf 93' lang='lat' dir='ltr'><strong>S.</strong></span> <span class='ocrx_word' id='word_1_718' title='bbox 3449 3461 3714 3525; x_wconf 87' lang='lat' dir='ltr'><strong>Findano,</strong></span> <span class='ocrx_word' id='word_1_719' title='bbox 3732 3461 3799 3527; x_wconf 77' lang='lat' dir='ltr'><strong>qui</strong></span> 
     </span>
    </p>
   </div>
   <div class='ocr_carea' id='block_1_97' title="bbox 2262 3529 3801 3601">
    <p class='ocr_par' dir='ltr' id='par_1_97' title="bbox 2262 3529 3801 3601">
     <span class='ocr_line' id='line_1_98' title="bbox 2262 3529 3801 3601; baseline -0.002 -16"><span class='ocrx_word' id='word_1_720' title='bbox 2262 3540 2383 3599; x_wconf 91' lang='lat' dir='ltr'><strong>post</strong></span> <span class='ocrx_word' id='word_1_721' title='bbox 2414 3531 2565 3601; x_wconf 81' lang='lat' dir='ltr'><strong>initia</strong></span> <span class='ocrx_word' id='word_1_722' title='bbox 2595 3546 2721 3585; x_wconf 72' lang='lat' dir='ltr'><strong>saec.</strong></span> <span class='ocrx_word' id='word_1_723' title='bbox 2751 3547 2803 3585; x_wconf 64' lang='grc' dir='ltr'><strong>ιχ</strong></span> <span class='ocrx_word' id='word_1_724' title='bbox 2832 3546 2897 3585; x_wconf 77' lang='lat' dir='ltr'><strong>ex</strong></span> <span class='ocrx_word' id='word_1_725' title='bbox 2927 3529 3197 3601; x_wconf 59' lang='lat' dir='ltr'><strong>Hibernia:</strong></span> <span class='ocrx_word' id='word_1_726' title='bbox 3217 3532 3498 3601; x_wconf 86' lang='lat' dir='ltr'><strong>provincia</strong></span> <span class='ocrx_word' id='word_1_727' title='bbox 3524 3531 3801 3601; x_wconf 72' lang='lat' dir='ltr'><strong>Langenieu-</strong></span> 
     </span>
    </p>
   </div>
   <div class='ocr_carea' id='block_1_98' title="bbox 2261 3598 3801 3670">
    <p class='ocr_par' dir='ltr' id='par_1_98' title="bbox 2261 3598 3801 3670">
     <span class='ocr_line' id='line_1_99' title="bbox 2261 3598 3801 3670; baseline -0.003 -16"><span class='ocrx_word' id='word_1_728' title='bbox 2261 3598 2307 3654; x_wconf 84' lang='lat' dir='ltr'><strong>si</strong></span> <span class='ocrx_word' id='word_1_729' title='bbox 2340 3598 2632 3670; x_wconf 80' lang='lat' dir='ltr'><strong>profectus,</strong></span> <span class='ocrx_word' id='word_1_730' title='bbox 2658 3599 3196 3670; x_wconf 5' lang='lat' dir='ltr'><strong>postqiiaquuronis</strong></span> <span class='ocrx_word' id='word_1_731' title='bbox 3218 3598 3298 3655; x_wconf 51' lang='lat' dir='ltr'><strong>&#39;S.</strong></span> <span class='ocrx_word' id='word_1_732' title='bbox 3344 3598 3651 3655; x_wconf 77' lang='lat' dir='ltr'><strong>Martinam</strong></span> <span class='ocrx_word' id='word_1_733' title='bbox 3674 3601 3801 3654; x_wconf 78' lang='lat' dir='ltr'><strong>adiis-</strong></span> 
     </span>
    </p>
   </div>
   <div class='ocr_carea' id='block_1_99' title="bbox 2261 3668 3802 3740">
    <p class='ocr_par' dir='ltr' id='par_1_99' title="bbox 2261 3668 3802 3740">
     <span class='ocr_line' id='line_1_100' title="bbox 2261 3668 3802 3740; baseline -0.003 -17"><span class='ocrx_word' id='word_1_734' title='bbox 2261 3668 2361 3740; x_wconf 63' lang='lat' dir='ltr'><strong>set,</strong></span> <span class='ocrx_word' id='word_1_735' title='bbox 2390 3686 2453 3724; x_wconf 92' lang='lat' dir='ltr'><strong>ac</strong></span> <span class='ocrx_word' id='word_1_736' title='bbox 2484 3668 2765 3723; x_wconf 78' lang='lat' dir='ltr'><strong>Franciam</strong></span> <span class='ocrx_word' id='word_1_737' title='bbox 2798 3668 2855 3725; x_wconf 82' lang='lat' dir='ltr'><strong>et</strong></span> <span class='ocrx_word' id='word_1_738' title='bbox 2898 3668 3260 3724; x_wconf 76' lang='lat' dir='ltr'><strong>Alemanniam</strong></span> <span class='ocrx_word' id='word_1_739' title='bbox 3302 3680 3649 3740; x_wconf 74' lang='lat' dir='ltr'><strong>peragrasset</strong></span> <span class='ocrx_word' id='word_1_740' title='bbox 3674 3682 3802 3738; x_wconf 81' lang='lat' dir='ltr'><strong>atque</strong></span> 
     </span>
    </p>
   </div>
   <div class='ocr_carea' id='block_1_100' title="bbox 2263 3739 3801 3809">
    <p class='ocr_par' dir='ltr' id='par_1_100' title="bbox 2263 3739 3801 3809">
     <span class='ocr_line' id='line_1_101' title="bbox 2263 3739 3801 3809; baseline 0 -16"><span class='ocrx_word' id='word_1_741' title='bbox 2263 3739 2511 3807; x_wconf 84' lang='lat' dir='ltr'><strong>Italiam,</strong></span> <span class='ocrx_word' id='word_1_742' title='bbox 2557 3741 2646 3794; x_wconf 87' lang='lat' dir='ltr'><strong>ubi</strong></span> <span class='ocrx_word' id='word_1_743' title='bbox 2700 3742 2983 3795; x_wconf 85' lang='lat' dir='ltr'><strong>beatorum</strong></span> <span class='ocrx_word' id='word_1_744' title='bbox 3032 3739 3395 3809; x_wconf 81' lang='lat' dir='ltr'><strong>apostolorum</strong></span> <span class='ocrx_word' id='word_1_745' title='bbox 3446 3742 3629 3796; x_wconf 85' lang='lat' dir='ltr'><strong>limina</strong></span> <span class='ocrx_word' id='word_1_746' title='bbox 3674 3751 3801 3806; x_wconf 76' lang='lat' dir='ltr'><strong>atque</strong></span> 
     </span>
    </p>
   </div>
   <div class='ocr_carea' id='block_1_101' title="bbox 2261 3810 3798 3878">
    <p class='ocr_par' dir='ltr' id='par_1_101' title="bbox 2261 3810 3798 3878">
     <span class='ocr_line' id='line_1_102' title="bbox 2261 3810 3798 3878; baseline -0.002 -15"><span class='ocrx_word' id='word_1_747' title='bbox 2261 3811 2411 3865; x_wconf 91' lang='lat' dir='ltr'><strong>urbis</strong></span> <span class='ocrx_word' id='word_1_748' title='bbox 2440 3812 2555 3866; x_wconf 87' lang='lat' dir='ltr'><strong>loca</strong></span> <span class='ocrx_word' id='word_1_749' title='bbox 2586 3824 2738 3865; x_wconf 88' lang='lat' dir='ltr'><strong>sacra</strong></span> <span class='ocrx_word' id='word_1_750' title='bbox 2764 3810 3028 3875; x_wconf 79' lang='lat' dir='ltr'><strong>lustravit,</strong></span> <span class='ocrx_word' id='word_1_751' title='bbox 3059 3811 3226 3865; x_wconf 80' lang='lat' dir='ltr'><strong>redux</strong></span> <span class='ocrx_word' id='word_1_752' title='bbox 3245 3812 3461 3865; x_wconf 86' lang='lat' dir='ltr'><strong>tandem</strong></span> <span class='ocrx_word' id='word_1_753' title='bbox 3488 3810 3798 3878; x_wconf 76' lang='lat' dir='ltr'><strong>Rhinaugitnu</strong></span> 
     </span>
    </p>
   </div>
   <div class='ocr_carea' id='block_1_102' title="bbox 2262 3877 3798 3952">
    <p class='ocr_par' dir='ltr' id='par_1_102' title="bbox 2262 3877 3798 3952">
     <span class='ocr_line' id='line_1_103' title="bbox 2262 3877 3798 3952; baseline -0.004 -17"><span class='ocrx_word' id='word_1_754' title='bbox 2262 3894 2321 3952; x_wconf 80' lang='lat' dir='ltr'><strong>se</strong></span> <span class='ocrx_word' id='word_1_755' title='bbox 2351 3881 2572 3952; x_wconf 82' lang='lat' dir='ltr'><strong>recepit,</strong></span> <span class='ocrx_word' id='word_1_756' title='bbox 2602 3881 3001 3952; x_wconf 39' lang='lat' dir='ltr'><strong>seriusqnam.</strong></span> <span class='ocrx_word' id='word_1_757' title='bbox 3035 3888 3187 3950; x_wconf 87' lang='lat' dir='ltr'><strong>putat</strong></span> <span class='ocrx_word' id='word_1_758' title='bbox 3225 3879 3590 3936; x_wconf 79' lang='lat' dir='ltr'><strong>Mabillonius.</strong></span> <span class='ocrx_word' id='word_1_759' title='bbox 3640 3877 3798 3952; x_wconf 63' lang='lat' dir='ltr'><strong>Annal.</strong></span> 
     </span>
    </p>
   </div>
   <div class='ocr_carea' id='block_1_103' title="bbox 2260 3947 3798 4019">
    <p class='ocr_par' dir='ltr' id='par_1_103' title="bbox 2260 3947 3798 4019">
     <span class='ocr_line' id='line_1_104' title="bbox 2260 3947 3798 4019; baseline -0.002 -16"><span class='ocrx_word' id='word_1_760' title='bbox 2260 3949 2298 4002; x_wconf 87' lang='lat' dir='ltr'><strong>l.</strong></span> <span class='ocrx_word' id='word_1_761' title='bbox 2332 3947 2551 4013; x_wconf 64' lang='grc' dir='ltr'><strong>κχνιξι.</strong></span> <span class='ocrx_word' id='word_1_762' title='bbox 2597 3949 2670 4013; x_wconf 89' lang='lat' dir='ltr'><strong>Il,</strong></span> <span class='ocrx_word' id='word_1_763' title='bbox 2708 3965 2760 4019; x_wconf 93' lang='lat' dir='ltr'><strong>p.</strong></span> <span class='ocrx_word' id='word_1_764' title='bbox 2800 3947 2924 4005; x_wconf 73' lang='lat' dir='ltr'><strong>35L</strong></span> <span class='ocrx_word' id='word_1_765' title='bbox 2970 3947 3463 4005; x_wconf 43' lang='lat' dir='ltr'><strong>Sa&#39;cramenlarium</strong></span> <span class='ocrx_word' id='word_1_766' title='bbox 3522 3962 3689 4019; x_wconf 71' lang='lat' dir='ltr'><strong>tamen</strong></span> <span class='ocrx_word' id='word_1_767' title='bbox 3732 3947 3798 4019; x_wconf 72' lang='lat' dir='ltr'><strong>cui</strong></span> 
     </span>
    </p>
   </div>
   <div class='ocr_carea' id='block_1_104' title="bbox 2237 4016 3798 4091">
    <p class='ocr_par' dir='ltr' id='par_1_104' title="bbox 2237 4016 3798 4091">
     <span class='ocr_line' id='line_1_105' title="bbox 2237 4016 3798 4091; baseline -0.001 -18"><span class='ocrx_word' id='word_1_768' title='bbox 2237 4020 2607 4089; x_wconf 61' lang='lat' dir='ltr'><strong>praemittitur</strong></span> <span class='ocrx_word' id='word_1_769' title='bbox 2636 4016 2737 4075; x_wconf 82' lang='lat' dir='ltr'><strong>hoc</strong></span> <span class='ocrx_word' id='word_1_770' title='bbox 2760 4020 3133 4091; x_wconf 78' lang='lat' dir='ltr'><strong>pteuitentiale</strong></span> <span class='ocrx_word' id='word_1_771' title='bbox 3147 4021 3213 4073; x_wconf 88' lang='lat' dir='ltr'><strong>ad</strong></span> <span class='ocrx_word' id='word_1_772' title='bbox 3227 4036 3381 4074; x_wconf 90' lang='lat' dir='ltr'><strong>usum</strong></span> <span class='ocrx_word' id='word_1_773' title='bbox 3401 4022 3556 4089; x_wconf 77' lang='lat' dir='ltr'><strong>regni</strong></span> <span class='ocrx_word' id='word_1_774' title='bbox 3585 4016 3798 4091; x_wconf 61' lang='lat' dir='ltr'><strong>Francia</strong></span> 
     </span>
    </p>
   </div>
   <div class='ocr_carea' id='block_1_105' title="bbox 2261 4090 3798 4158">
    <p class='ocr_par' dir='ltr' id='par_1_105' title="bbox 2261 4090 3798 4158">
     <span class='ocr_line' id='line_1_106' title="bbox 2261 4090 3798 4158; baseline -0.007 -12"><span class='ocrx_word' id='word_1_775' title='bbox 2261 4099 2630 4158; x_wconf 87' lang='lat' dir='ltr'><strong>comparatum</strong></span> <span class='ocrx_word' id='word_1_776' title='bbox 2656 4090 2769 4157; x_wconf 83' lang='lat' dir='ltr'><strong>est,</strong></span> <span class='ocrx_word' id='word_1_777' title='bbox 2793 4106 2898 4146; x_wconf 89' lang='lat' dir='ltr'><strong>una</strong></span> <span class='ocrx_word' id='word_1_778' title='bbox 2928 4106 3086 4145; x_wconf 90' lang='lat' dir='ltr'><strong>manu</strong></span> <span class='ocrx_word' id='word_1_779' title='bbox 3120 4090 3798 4153; x_wconf 79' lang='lat' dir='ltr'><strong>exaratumebaracteribus</strong></span> 
     </span>
    </p>
   </div>
   <div class='ocr_carea' id='block_1_106' title="bbox 2263 4159 3796 4233">
    <p class='ocr_par' dir='ltr' id='par_1_106' title="bbox 2263 4159 3796 4233">
     <span class='ocr_line' id='line_1_107' title="bbox 2263 4159 3796 4233; baseline -0.004 -19"><span class='ocrx_word' id='word_1_780' title='bbox 2263 4161 2331 4214; x_wconf 88' lang='lat' dir='ltr'><strong>ad</strong></span> <span class='ocrx_word' id='word_1_781' title='bbox 2362 4159 2738 4233; x_wconf 75' lang='lat' dir='ltr'><strong>Meroviugiees</strong></span> <span class='ocrx_word' id='word_1_782' title='bbox 2768 4160 3171 4233; x_wconf 79' lang='lat' dir='ltr'><strong>accedentibus.</strong></span> <span class='ocrx_word' id='word_1_783' title='bbox 3215 4159 3272 4214; x_wconf 90' lang='lat' dir='ltr'><strong>In</strong></span> <span class='ocrx_word' id='word_1_784' title='bbox 3320 4160 3605 4233; x_wconf 78' lang='lat' dir='ltr'><strong>Germania</strong></span> <span class='ocrx_word' id='word_1_785' title='bbox 3648 4165 3796 4233; x_wconf 61' lang='lat' dir='ltr'><strong>nostra</strong></span> 
     </span>
    </p>
   </div>
   <div class='ocr_carea' id='block_1_107' title="bbox 2264 4228 3793 4301">
    <p class='ocr_par' dir='ltr' id='par_1_107' title="bbox 2264 4228 3793 4301">
     <span class='ocr_line' id='line_1_108' title="bbox 2264 4228 3793 4301; baseline -0.002 -19"><span class='ocrx_word' id='word_1_786' title='bbox 2264 4243 2411 4301; x_wconf 82' lang='lat' dir='ltr'><strong>spem</strong></span> <span class='ocrx_word' id='word_1_787' title='bbox 2445 4228 2658 4285; x_wconf 86' lang='lat' dir='ltr'><strong>clericis</strong></span> <span class='ocrx_word' id='word_1_788' title='bbox 2680 4230 2845 4301; x_wconf 87' lang='lat' dir='ltr'><strong>lapsis</strong></span> <span class='ocrx_word' id='word_1_789' title='bbox 2879 4230 2945 4284; x_wconf 86' lang='lat' dir='ltr'><strong>ad</strong></span> <span class='ocrx_word' id='word_1_790' title='bbox 2985 4231 3272 4301; x_wconf 85' lang='lat' dir='ltr'><strong>pristinum</strong></span> <span class='ocrx_word' id='word_1_791' title='bbox 3319 4232 3544 4300; x_wconf 76' lang='lat' dir='ltr'><strong>gradum</strong></span> <span class='ocrx_word' id='word_1_792' title='bbox 3577 4228 3793 4301; x_wconf 74' lang='lat' dir='ltr'><strong>redeundi</strong></span> 
     </span>
    </p>
   </div>
   <div class='ocr_carea' id='block_1_108' title="bbox 2267 4297 3792 4370">
    <p class='ocr_par' dir='ltr' id='par_1_108' title="bbox 2267 4297 3792 4370">
     <span class='ocr_line' id='line_1_109' title="bbox 2267 4297 3792 4370; baseline -0.001 -17"><span class='ocrx_word' id='word_1_793' title='bbox 2267 4297 2433 4355; x_wconf 76' lang='lat' dir='ltr'><strong>finisse</strong></span> <span class='ocrx_word' id='word_1_794' title='bbox 2458 4297 2831 4355; x_wconf 46' lang='lat' dir='ltr'><strong>conservat—am</strong></span> <span class='ocrx_word' id='word_1_795' title='bbox 2860 4297 3104 4355; x_wconf 52' lang='lat' dir='ltr'><strong>saecivm</strong></span> <span class='ocrx_word' id='word_1_796' title='bbox 3135 4297 3365 4355; x_wconf 75' lang='lat' dir='ltr'><strong>dubitari</strong></span> <span class='ocrx_word' id='word_1_797' title='bbox 3397 4306 3603 4370; x_wconf 84' lang='lat' dir='ltr'><strong>potest;</strong></span> <span class='ocrx_word' id='word_1_798' title='bbox 3625 4297 3792 4370; x_wconf 69' lang='lat' dir='ltr'><strong>eunjjn</strong></span> 
     </span>
    </p>
   </div>
   <div class='ocr_carea' id='block_1_109' title="bbox 2180 4363 3796 4440">
    <p class='ocr_par' dir='ltr' id='par_1_109' title="bbox 2180 4363 3796 4440">
     <span class='ocr_line' id='line_1_110' title="bbox 2180 4363 3796 4440; baseline -0.007 -11"><span class='ocrx_word' id='word_1_799' title='bbox 2180 4370 2231 4429; x_wconf 91' lang='lat' dir='ltr'><strong>D</strong></span> <span class='ocrx_word' id='word_1_800' title='bbox 2258 4370 2501 4439; x_wconf 75' lang='lat' dir='ltr'><strong>Gregorii</strong></span> <span class='ocrx_word' id='word_1_801' title='bbox 2533 4386 2568 4425; x_wconf 88' lang='grc' dir='ltr'><strong>ιι</strong></span> <span class='ocrx_word' id='word_1_802' title='bbox 2594 4371 2819 4440; x_wconf 89' lang='lat' dir='ltr'><strong>epistola</strong></span> <span class='ocrx_word' id='word_1_803' title='bbox 2845 4371 3105 4425; x_wconf 87' lang='lat' dir='ltr'><strong>canonica</strong></span> <span class='ocrx_word' id='word_1_804' title='bbox 3145 4371 3209 4424; x_wconf 87' lang='lat' dir='ltr'><strong>ad</strong></span> <span class='ocrx_word' id='word_1_805' title='bbox 3258 4370 3316 4425; x_wconf 91' lang='lat' dir='ltr'><strong>S.</strong></span> <span class='ocrx_word' id='word_1_806' title='bbox 3347 4363 3675 4440; x_wconf 79' lang='lat' dir='ltr'><strong>Bonifacium</strong></span> <span class='ocrx_word' id='word_1_807' title='bbox 3708 4363 3796 4418; x_wconf 77' lang='grc' dir='ltr'><strong>Ιοο</strong></span> 
     </span>
    </p>
   </div>
   <div class='ocr_carea' id='block_1_110' title="bbox 2258 4438 3795 4513">
    <p class='ocr_par' dir='ltr' id='par_1_110' title="bbox 2258 4438 3795 4513">
     <span class='ocr_line' id='line_1_111' title="bbox 2258 4438 3795 4513; baseline -0.004 -20"><span class='ocrx_word' id='word_1_808' title='bbox 2258 4438 2406 4512; x_wconf 78' lang='lat' dir='ltr'><strong>gunt.</strong></span> <span class='ocrx_word' id='word_1_809' title='bbox 2438 4455 2559 4510; x_wconf 90' lang='lat' dir='ltr'><strong>cap.</strong></span> <span class='ocrx_word' id='word_1_810' title='bbox 2609 4438 2669 4513; x_wconf 78' lang='lat' dir='ltr'><strong>Ill</strong></span> <span class='ocrx_word' id='word_1_811' title='bbox 2700 4441 2939 4513; x_wconf 84' lang='lat' dir='ltr'><strong>legamus</strong></span> <span class='ocrx_word' id='word_1_812' title='bbox 2968 4442 3342 4513; x_wconf 84' lang='lat' dir='ltr'><strong>presbyterum</strong></span> <span class='ocrx_word' id='word_1_813' title='bbox 3380 4442 3446 4495; x_wconf 86' lang='lat' dir='ltr'><strong>de</strong></span> <span class='ocrx_word' id='word_1_814' title='bbox 3488 4438 3708 4513; x_wconf 82' lang='lat' dir='ltr'><strong>crimine</strong></span> <span class='ocrx_word' id='word_1_815' title='bbox 3726 4448 3795 4513; x_wconf 67' lang='lat' dir='ltr'><strong>ac-</strong></span> 
     </span>
    </p>
   </div>
   <div class='ocr_carea' id='block_1_111' title="bbox 2259 4510 3794 4583">
    <p class='ocr_par' dir='ltr' id='par_1_111' title="bbox 2259 4510 3794 4583">
     <span class='ocr_line' id='line_1_112' title="bbox 2259 4510 3794 4583; baseline 0 -18"><span class='ocrx_word' id='word_1_816' title='bbox 2259 4510 2527 4583; x_wconf 84' lang='lat' dir='ltr'><strong>cusatum,</strong></span> <span class='ocrx_word' id='word_1_817' title='bbox 2578 4512 2673 4566; x_wconf 90' lang='lat' dir='ltr'><strong>sed</strong></span> <span class='ocrx_word' id='word_1_818' title='bbox 2722 4510 2825 4566; x_wconf 78' lang='lat' dir='ltr'><strong>non</strong></span> <span class='ocrx_word' id='word_1_819' title='bbox 2860 4511 3200 4583; x_wconf 74' lang='lat' dir='ltr'><strong>convictum,</strong></span> <span class='ocrx_word' id='word_1_820' title='bbox 3252 4524 3470 4583; x_wconf 81' lang='lat' dir='ltr'><strong>manere</strong></span> <span class='ocrx_word' id='word_1_821' title='bbox 3526 4510 3580 4583; x_wconf 66' lang='lat' dir='ltr'><strong>ig</strong></span> <span class='ocrx_word' id='word_1_822' title='bbox 3617 4510 3794 4583; x_wconf 51' lang='lat' dir='ltr'><strong>proprill</strong></span> 
     </span>
    </p>
   </div>
   <div class='ocr_carea' id='block_1_112' title="bbox 2260 4576 3794 4651">
    <p class='ocr_par' dir='ltr' id='par_1_112' title="bbox 2260 4576 3794 4651">
     <span class='ocr_line' id='line_1_113' title="bbox 2260 4576 3794 4651; baseline -0.005 -17"><span class='ocrx_word' id='word_1_823' title='bbox 2260 4582 2445 4651; x_wconf 75' lang='lat' dir='ltr'><strong>gradu,</strong></span> <span class='ocrx_word' id='word_1_824' title='bbox 2460 4596 2657 4650; x_wconf 84' lang='lat' dir='ltr'><strong>posse;</strong></span> <span class='ocrx_word' id='word_1_825' title='bbox 2704 4591 2865 4651; x_wconf 87' lang='lat' dir='ltr'><strong>atque</strong></span> <span class='ocrx_word' id='word_1_826' title='bbox 2894 4582 2947 4634; x_wconf 70' lang='lat' dir='ltr'><strong>ir.</strong></span> <span class='ocrx_word' id='word_1_827' title='bbox 2975 4581 3209 4635; x_wconf 90' lang='lat' dir='ltr'><strong>concilio</strong></span> <span class='ocrx_word' id='word_1_828' title='bbox 3257 4581 3489 4651; x_wconf 77' lang='lat' dir='ltr'><strong>quodam</strong></span> <span class='ocrx_word' id='word_1_829' title='bbox 3537 4576 3794 4651; x_wconf 68' lang='lat' dir='ltr'><strong>Germania!</strong></span> 
     </span>
    </p>
   </div>
   <div class='ocr_carea' id='block_1_113' title="bbox 2261 4646 3793 4721">
    <p class='ocr_par' dir='ltr' id='par_1_113' title="bbox 2261 4646 3793 4721">
     <span class='ocr_line' id='line_1_114' title="bbox 2261 4646 3793 4721; baseline -0.006 -17"><span class='ocrx_word' id='word_1_830' title='bbox 2261 4646 2500 4717; x_wconf 67' lang='lat' dir='ltr'><strong>ejusdem</strong></span> <span class='ocrx_word' id='word_1_831' title='bbox 2540 4650 2595 4705; x_wconf 87' lang='lat' dir='ltr'><strong>S.</strong></span> <span class='ocrx_word' id='word_1_832' title='bbox 2629 4646 2889 4721; x_wconf 66' lang='lat' dir='ltr'><strong>Bonifacii</strong></span> <span class='ocrx_word' id='word_1_833' title='bbox 2917 4651 3238 4721; x_wconf 81' lang='lat' dir='ltr'><strong>auctoritate</strong></span> <span class='ocrx_word' id='word_1_834' title='bbox 3272 4646 3364 4703; x_wconf 79' lang='lat' dir='ltr'><strong>an.</strong></span> <span class='ocrx_word' id='word_1_835' title='bbox 3396 4649 3521 4721; x_wconf 55' lang='lat'><strong>74?,</strong></span> <span class='ocrx_word' id='word_1_836' title='bbox 3559 4646 3793 4721; x_wconf 75' lang='lat' dir='ltr'><strong>celebrato</strong></span> 
     </span>
    </p>
   </div>
   <div class='ocr_carea' id='block_1_114' title="bbox 2260 4715 3791 4776">
    <p class='ocr_par' dir='ltr' id='par_1_114' title="bbox 2260 4715 3791 4776">
     <span class='ocr_line' id='line_1_115' title="bbox 2260 4715 3791 4776; baseline -0.009 0"><span class='ocrx_word' id='word_1_837' title='bbox 2260 4715 2381 4776; x_wconf 75' lang='lat' dir='ltr'><strong>can.</strong></span> <span class='ocrx_word' id='word_1_838' title='bbox 2428 4721 2461 4775; x_wconf 90' lang='lat'><strong>6</strong></span> <span class='ocrx_word' id='word_1_839' title='bbox 2510 4720 2692 4775; x_wconf 86' lang='lat' dir='ltr'><strong>clerici</strong></span> <span class='ocrx_word' id='word_1_840' title='bbox 2723 4730 2778 4776; x_wconf 92' lang='lat' dir='ltr'><strong>et</strong></span> <span class='ocrx_word' id='word_1_841' title='bbox 2827 4720 3078 4775; x_wconf 89' lang='lat' dir='ltr'><strong>monachi</strong></span> <span class='ocrx_word' id='word_1_842' title='bbox 3108 4721 3159 4774; x_wconf 91' lang='lat' dir='ltr'><strong>in</strong></span> <span class='ocrx_word' id='word_1_843' title='bbox 3201 4720 3404 4772; x_wconf 88' lang='lat' dir='ltr'><strong>crimen</strong></span> <span class='ocrx_word' id='word_1_844' title='bbox 3458 4715 3791 4773; x_wconf 51' lang='lat' dir='ltr'><strong>fornicadioais</strong></span> 
     </span>
    </p>
   </div>
   <div class='ocr_carea' id='block_1_115' title="bbox 2259 4783 3792 4865">
    <p class='ocr_par' dir='ltr' id='par_1_115' title="bbox 2259 4783 3792 4865">
     <span class='ocr_line' id='line_1_116' title="bbox 2259 4783 3792 4865; baseline -0.003 -22"><span class='ocrx_word' id='word_1_845' title='bbox 2259 4790 2495 4865; x_wconf 78' lang='lat' dir='ltr'><strong>prolapsi</strong></span> <span class='ocrx_word' id='word_1_846' title='bbox 2524 4790 2883 4865; x_wconf 26' lang='lat' dir='ltr'><strong>atlAseveram</strong></span> <span class='ocrx_word' id='word_1_847' title='bbox 2913 4791 3128 4865; x_wconf 78' lang='lat' dir='ltr'><strong>quidem</strong></span> <span class='ocrx_word' id='word_1_848' title='bbox 3181 4790 3610 4865; x_wconf 71' lang='lat' dir='ltr'><strong>condemnamur</strong></span> 
     </span>
    </p>
   </div>
   <div class='ocr_carea' id='block_1_116' title="bbox 2266 4856 3790 4930">
    <p class='ocr_par' dir='ltr' id='par_1_116' title="bbox 2266 4856 3790 4930">
     <span class='ocr_line' id='line_1_117' title="bbox 2266 4856 3790 4930; baseline -0.007 -16"><span class='ocrx_word' id='word_1_849' title='bbox 2266 4856 2507 4930; x_wconf 74' lang='lat' dir='ltr'><strong>tentiam,</strong></span> <span class='ocrx_word' id='word_1_850' title='bbox 2530 4861 2658 4930; x_wconf 84' lang='lat' dir='ltr'><strong>quin</strong></span> <span class='ocrx_word' id='word_1_851' title='bbox 2683 4870 2858 4914; x_wconf 88' lang='lat' dir='ltr'><strong>tamen</strong></span> <span class='ocrx_word' id='word_1_852' title='bbox 2884 4856 3164 4929; x_wconf 79' lang='lat' dir='ltr'><strong>vestigium</strong></span> <span class='ocrx_word' id='word_1_853' title='bbox 3194 4867 3451 4929; x_wconf 87' lang='lat' dir='ltr'><strong>appareat</strong></span> <span class='ocrx_word' id='word_1_854' title='bbox 3477 4856 3790 4911; x_wconf 81' lang='lat' dir='ltr'><strong>restitutionis</strong></span> 
     </span>
    </p>
   </div>
   <div class='ocr_carea' id='block_1_117' title="bbox 2263 4929 3775 5000">
    <p class='ocr_par' dir='ltr' id='par_1_117' title="bbox 2263 4929 3775 5000">
     <span class='ocr_line' id='line_1_118' title="bbox 2263 4929 3775 5000; baseline -0.003 -17"><span class='ocrx_word' id='word_1_855' title='bbox 2263 4929 2317 4984; x_wconf 91' lang='lat' dir='ltr'><strong>in</strong></span> <span class='ocrx_word' id='word_1_856' title='bbox 2353 4929 2586 5000; x_wconf 87' lang='lat' dir='ltr'><strong>priorem</strong></span> <span class='ocrx_word' id='word_1_857' title='bbox 2609 4929 2888 4999; x_wconf 85' lang='lat' dir='ltr'><strong>dignitatis</strong></span> <span class='ocrx_word' id='word_1_858' title='bbox 2916 4933 3162 4999; x_wconf 83' lang='lat' dir='ltr'><strong>gradum.</strong></span> <span class='ocrx_word' id='word_1_859' title='bbox 3418 4966 3423 4972; x_wconf 68' lang='grc' dir='ltr'><strong>ρ</strong></span> <span class='ocrx_word' id='word_1_860' title='bbox 3772 4938 3775 4945; x_wconf 84' lang='grc'><em>’</em></span> 
     </span>
    </p>
   </div>
   <div class='ocr_carea' id='block_1_118' title="bbox 2334 5021 3470 5093">
    <p class='ocr_par' dir='ltr' id='par_1_118' title="bbox 2334 5021 3470 5093">
     <span class='ocr_line' id='line_1_119' title="bbox 2334 5021 3470 5093; baseline -0.001 -17"><span class='ocrx_word' id='word_1_861' title='bbox 2334 5021 2444 5093; x_wconf 76' lang='grc'><strong>(65)</strong></span> <span class='ocrx_word' id='word_1_862' title='bbox 2484 5022 2538 5076; x_wconf 91' lang='lat' dir='ltr'><strong>In</strong></span> <span class='ocrx_word' id='word_1_863' title='bbox 2570 5023 2738 5091; x_wconf 85' lang='lat' dir='ltr'><strong>antiq.</strong></span> <span class='ocrx_word' id='word_1_864' title='bbox 2772 5021 2983 5076; x_wconf 87' lang='lat' dir='ltr'><strong>collect.</strong></span> <span class='ocrx_word' id='word_1_865' title='bbox 3011 5023 3103 5077; x_wconf 90' lang='lat' dir='ltr'><strong>cit.</strong></span> <span class='ocrx_word' id='word_1_866' title='bbox 3133 5022 3238 5077; x_wconf 85' lang='lat' dir='ltr'><strong>Deo</strong></span> <span class='ocrx_word' id='word_1_867' title='bbox 3265 5023 3470 5077; x_wconf 76' lang='lat' dir='ltr'><strong>caverit.</strong></span> 
     </span>
    </p>
   </div>
   <div class='ocr_carea' id='block_1_119' title="bbox 2332 5104 3334 5183">
    <p class='ocr_par' dir='ltr' id='par_1_119' title="bbox 2332 5104 3334 5183">
     <span class='ocr_line' id='line_1_120' title="bbox 2332 5104 3334 5183; baseline 0 -18"><span class='ocrx_word' id='word_1_868' title='bbox 2332 5111 2443 5183; x_wconf 80' lang='lat'><strong>(66)</strong></span> <span class='ocrx_word' id='word_1_869' title='bbox 2480 5111 2565 5176; x_wconf 89' lang='lat' dir='ltr'><strong>L.,</strong></span> <span class='ocrx_word' id='word_1_870' title='bbox 2597 5112 2669 5166; x_wconf 91' lang='lat' dir='ltr'><strong>De</strong></span> <span class='ocrx_word' id='word_1_871' title='bbox 2695 5104 3334 5183; x_wconf 79' lang='lat' dir='ltr'><strong>canonibusAncyranis.</strong></span> 
     </span>
    </p>
   </div>
   <div class='ocr_carea' id='block_1_120' title="bbox 2332 5196 3782 5278">
    <p class='ocr_par' dir='ltr' id='par_1_120' title="bbox 2332 5196 3782 5278">
     <span class='ocr_line' id='line_1_121' title="bbox 2332 5196 3782 5278; baseline 0 -26"><span class='ocrx_word' id='word_1_872' title='bbox 2332 5204 2443 5275; x_wconf 67' lang='lat'><strong>((57)</strong></span> <span class='ocrx_word' id='word_1_873' title='bbox 2481 5202 2697 5278; x_wconf 75' lang='lat' dir='ltr'><strong>Plenior</strong></span> <span class='ocrx_word' id='word_1_874' title='bbox 2726 5203 3010 5278; x_wconf 67' lang='lat' dir='ltr'><strong>inscriptio</strong></span> <span class='ocrx_word' id='word_1_875' title='bbox 3036 5203 3351 5278; x_wconf 38' lang='lat' dir='ltr'><strong>habeturuin</strong></span> <span class='ocrx_word' id='word_1_876' title='bbox 3383 5202 3600 5278; x_wconf 73' lang='lat' dir='ltr'><strong>collect.</strong></span> <span class='ocrx_word' id='word_1_877' title='bbox 3645 5196 3782 5278; x_wconf 53' lang='lat' dir='ltr'><strong>antiq-</strong></span> 
     </span>
    </p>
   </div>
   <div class='ocr_carea' id='block_1_121' title="bbox 2261 5265 3783 5334">
    <p class='ocr_par' dir='ltr' id='par_1_121' title="bbox 2261 5265 3783 5334">
     <span class='ocr_line' id='line_1_122' title="bbox 2261 5265 3783 5334; baseline -0.003 -6"><span class='ocrx_word' id='word_1_878' title='bbox 2261 5265 2381 5328; x_wconf 80' lang='lat' dir='ltr'><strong>can.</strong></span> <span class='ocrx_word' id='word_1_879' title='bbox 2413 5265 2604 5334; x_wconf 65' lang='lat' dir='ltr'><strong>uomit.</strong></span> <span class='ocrx_word' id='word_1_880' title='bbox 2637 5273 2701 5334; x_wconf 92' lang='lat' dir='ltr'><strong>(t.</strong></span> <span class='ocrx_word' id='word_1_881' title='bbox 2740 5273 2760 5327; x_wconf 87' lang='grc' dir='ltr'><strong>Ι</strong></span> <span class='ocrx_word' id='word_1_882' title='bbox 2791 5265 3043 5334; x_wconf 69' lang='lat' dir='ltr'><strong>Spieileg.</strong></span> <span class='ocrx_word' id='word_1_883' title='bbox 3076 5274 3206 5327; x_wconf 86' lang='lat' dir='ltr'><strong>Luc.</strong></span> <span class='ocrx_word' id='word_1_884' title='bbox 3252 5272 3543 5334; x_wconf 78' lang='lat' dir='ltr'><strong>d‘At-berii,</strong></span> <span class='ocrx_word' id='word_1_885' title='bbox 3592 5287 3640 5334; x_wconf 90' lang='lat' dir='ltr'><strong>p.</strong></span> <span class='ocrx_word' id='word_1_886' title='bbox 3684 5265 3783 5323; x_wconf 72' lang='lat'><strong>525.</strong></span> 
     </span>
    </p>
   </div>
  </div>
