3962 6326
82 346 195 401 973

1298 349 1616 410 JUDICIUM
1649 353 2124 412 PCENITE'NTIS.

3247 345 3358 403 97$

85 469 202 514 tem
235 458 427 515 mortis
467 457 776 529 periculum
807 457 1052 524 incurrit,
1092 458 1179 515 111.
1232 475 1405 517 annos
1445 463 1672 518 inermis
1698 475 1747 533 Α
1775 463 2005 530 ciderit,
2068 461 2178 516 Xll.
2240 461 2355 531 (99)
2414 475 2587 516 annos
2635 458 2914 530 peniteat,
2966 435 3024 512 et
3080 469 3356 526 nunquam

83 549 217 605 exul
237 543 296 606 in
327 563 464 620 pane
492 559 550 604 et
576 565 714 620 aqua
762 550 938 622 petiit.
985 559 1040 605 et
1084 551 1220 607 duos
1257 552 1530 608 abstineat
1559 566 1619 607 se
1645 568 1676 607 a

81 642 218 696 vino
244 651 298 696 et
328 631 606 708 carnibus,
628 652 684 696 et
709 642 949 698 dimittat
974 658 1072 713 pro
1115 657 1172 697 se
1202 658 1419 698 servum
1462 653 1556 698 aut
1583 659 1681 698 an-

82 734 269 790 cillam
297 724 592 804 ingenuam
616 745 672 788 et
692 750 791 806 per
815 734 874 788 ll.
897 749 1067 788 annos
1096 734 1446 790 elemosinam
1487 735 1677 802 faciat,

1778 565 1994 620 mutet,
2061 554 2168 609 nisi
2240 554 2328 609 die
2391 552 2692 608 Dominico.
2759 550 2954 606 Mulier
3015 549 3363 620 pauperrima

1779 647 1887 702 llll.
1935 663 2106 702 annos
2153 647 2394 716 peniteat
2437 646 2608 716 (100).
2657 644 2849 700 Mulier
2897 644 2942 698 si
2995 642 3258 699 occiderit
3301 640 3368 696 fi-

1779 739 1912 794 lium
1978 755 2133 794 suum
2181 739 2234 792 in
2281 748 2437 792 utero
2507 745 2634 791 ante
2681 735 2793 790 XL.
2853 736 3007 797 dies,
3069 749 3268 788 annum
3323 733 3358 787 Ι.

82 832 290 893 etpost
320 815 428 877 1111.
471 837 642 877 annos
667 823 733 877 ad
753 821 1014 890 judicium
1043 824 1344 879 sacerdotis
1373 825 1681 880 communia
1775 831 2058 898 peniteat;
2108 829 2153 884 si
2197 843 2326 882 vero
2371 826 2483 881 XL.
2527 827 2643 881 dies
2687 841 2716 878 a
2760 826 3131 894 conceptione,
3173 824 3370 878 111110-

83 925 216 981 cet;
262 917 352 986 qui
399 932 527 970 vero
576 917 902 971 necessitate
944 925 1168 972 coactus
1203 917 1296 983 sit,
1324 917 1412 972 Ill.
1445 918 1681 988 quadra-

84 1011 336 1080 gesimis.
381 1009 480 1076 Qui
507 1011 698 1065 ductus
721 1020 804 1066 est
836 1012 890 1066 in
920 1012 1160 1081 periurio
1199 1013 1476 1084 ignorans,
1511 1022 1566 1069 et
1588 1030 1682 1085 po-

86 1116 208 1159 stea
237 1104 592 1176 recognoscit,
627 1120 828 1158 annum
849 1105 1123 1175 peniteat;
1164 1105 1257 1176 qui
1287 1120 1413 1162 vero
1435 1107 1681 1178 suspica-

87 1211 226 1269 tur,
285 1203 428 1272 quod
489 1203 726 1272 periurio
789 1203 1051 1268 ducitur,
1136 1212 1316 1258 tamen
1379 1203 1523 1258 iurat
1585 1216 1684 1271 per

85 1307 442 1356 consensum,
473 1292 538 1346 11.
571 1307 745 1348 annos
770 1294 1028 1364 peniteat.
1059 1294 1166 1350 Pro
1189 1293 1325 1349 falso
1364 1293 1682 1348 testimonio

88 1383 226 1438 laici
266 1399 429 1438 unum
455 1399 679 1450 annum,
706 1385 939 1442 clericus
956 1387 1020 1441 ﬂ.
1038 1387 1412 1442 subdiaconus
1445 1385 1530 1440 111.
1560 1385 1679 1440 dia-

86 1488 270 1529 conus
311 1472 420 1528 1111.
463 1472 734 1544 presbiter
759 1473 826 1528 ν.
875 1475 1161 1547 episcopus
1187 1476 1274 1531 111.
1306 1490 1477 1530 annos
1511 1475 1678 1544 penit.

87 1564 317 1620 Falsum
367 1563 738 1620 testimonium
788 1565 978 1622 dicens
1026 1567 1240 1637 placeat
1290 1565 1537 1636 proximo
1568 1567 1681 1637 (95)

96 1671 202 1712 suo
228 1656 424 1726 primo,
470 1654 628 1725 quale
670 1654 826 1710 fratri
859 1657 1134 1728 imposuit,
1166 1658 1263 1714 tali
1302 1657 1507 1728 judicio
1533 1658 1683 1713 dam-

87 1757 260 1802 netur
278 1745 486 1816 judicio
513 1747 839 1804 sacerdotis.
870 1749 1097 1805 Mendax
1147 1765 1275 1806 vero
1304 1766 1402 1821 per
1428 1750 1681 1820 ignoran-

1782 920 1980 975 mieida
2030 919 2269 989 peniteat
2324 915 2410 971 Ill.
2459 931 2650 970 annos.
2707 915 2762 970 Si
2820 915 2943 984 quis
2997 914 3228 970 clericus
3272 913 3368 968 lio-

1779 1010 2058 1068 mieidium
2106 1009 2334 1073 fecerit,
2399 1006 2468 1060 X.
2513 1022 2686 1061 annos
2731 1007 2898 1076 penit.
2963 1005 3108 1067 exul,
3163 1003 3246 1058 111.
3300 1018 3368 1058 ex

1782 1101 1869 1156 his
1911 1101 1964 1155 in
2015 1115 2154 1170 pane
2198 1107 2258 1154 et
2309 1114 2472 1168 aqua.
2526 1096 2583 1153 Si
2656 1097 2778 1166 quis
2824 1097 3172 1151 homicidium
3236 1110 3368 1152 casu

1783 1189 1974 1246 fecerit
2017 1204 2122 1244 non
2171 1188 2379 1252 volens,
2445 1189 2509 1241 γ.
2563 1202 2737 1241 annos
2811 1186 2980 1256 peuit.
3026 1185 3113 1239 111.
3160 1199 3222 1238 ex
3282 1184 3368 1240 his

1783 1280 1837 1334 in
1877 1294 2018 1350 pane
2070 1289 2126 1334 et
2165 1294 2325 1348 aqua.
2372 1277 2429 1332 Si
2484 1278 2551 1332 ad
2599 1277 2948 1332 homicidium
2996 1275 3361 1336 consenserit.

1783 1379 1838 1424 et
1887 1369 2086 1424 factum
2135 1369 2317 1434 fuerit,
2371 1367 2490 1428 (VII.
2536 1382 2708 1422 annos
2770 1367 3027 1436 peniteat.
3077 1365 3134 1420 Si
3186 1366 3370 1421 volue-

1783 1461 1854 1516 rit
1878 1469 2058 1515 etnon
2087 1460 2344 1530 potuerit,
2368 1457 2454 1513 111.
2505 1474 2677 1514 annos
2704 1459 2871 1527 penit.
2921 1457 2978 1512 Si
3009 1458 3130 1527 quis
3179 1458 3370 1512 homo-

1783 1550 1982 1604 cidium
2011 1550 2224 1615 fecerit,
2248 1549 2372 1605 laici
2399 1549 2484 1603 111.
2515 1548 2756 1604 Clericus
2790 1545 2850 1601 V.
2882 1545 3257 1604 subdiaconus
3283 1545 3370 1600 Vl.

1785 1639 2052 1696 Diaconus
2091 1639 2201 1694 Vll.
2228 1639 2572 1706 Presbiterus
2596 1637 2663 1692 Χ.
2711 1637 3007 1707 Episcopus
3056 1635 3168 1691 ΧΗ.
3203 1651 3372 1692 annos

1781 1731 2041 1801 peniteat.
2081 1729 2138 1786 Si
2167 1730 2342 1786 laicus
2372 1731 2679 1800 proximum
2708 1745 2866 1784 suum
2895 1728 3157 1784 occiderit
3181 1727 3244 1781 ν.
3277 1744 3376 1782 auo

91 1840 230 1894 tiam
253 1848 312 1894 et
336 1853 442 1894 non
467 1839 668 1904 nocuit,
694 1841 1022 1897 conﬁteatur
1048 1842 1123 1907 ei,
1175 1842 1262 1898 cui
1294 1818 1552 1898 mentitus
1575 1851 1680 1908 est,

1804 1837 1884 1878 lOS
1917 1823 2040 1878 exul
2068 1824 2236 1892 ponit.
2269 1823 2328 1878 Si
2353 1823 2477 1893 quis
2510 1823 2675 1877 alium
2701 1823 3037 1893 percusserit
3071 1832 3131 1878 et
3158 1823 3374 1894 sangui-

80 1939 154 1985 et
175 1931 466 1997 sacerdoti,
499 1931 632 1986 hora
648 1933 864 1988 tacendi
896 1933 1202 1998 damnetur,
1237 1933 1322 1989 vel
1347 1931 1462 1987 Xll.
1483 1931 1680 2004 psalm.

93 2031 302 2078 cantet.
355 2021 413 2077 Si
452 2037 582 2078 vero
635 2024 704 2079 de
733 2024 1022 2090 industria,
1076 2024 1164 2080 111.
1213 2025 1332 2081 dies
1357 2025 1571 2080 tacendi
1600 2024 1684 2079 vel

93 2112 272 2168 XXX.
305 2113 348 2168 si
371 2121 559 2183 potest
598 2113 736 2184 (94).
777 2115 1008 2171 Mendax
1034 2130 1132 2186 per
1174 2117 1549 2188 cupiditatem,
1575 2115 1687 2188 pla-

95 2211 227 2258 ceat
253 2203 502 2272 largitate
531 2203 606 2271 ei,
632 2205 722 2261 cui
756 2204 1100 2260 fraustravit.

102 2319 182 2374 De
204 2320 487 2393 homicidio
521 2331 568 2374 et
590 2322 864 2393 sanguinis
893 2321 1147 2393 e/fusione
1171 2323 1284 2376 sine
1315 2336 1499 2385 morte,
1528 2332 1576 2375 et
1598 2324 1689 2392 qui

171 2390 422 2462 paruulos
445 2390 715 2462 oppressos
739 2393 823 2447 hic
843 2390 1066 2462 qui‘sine
1085 2392 1342 2461 baptismo
1365 2390 1686 2456 moriuntur,

168 2470 219 2512 et
247 2461 483 2534 abortus,
525 2470 572 2514 et
601 2464 690 2532 qui
722 2461 954 2534 membra
992 2479 1090 2517 sua
1138 2462 1473 2526 abscindunt,
1522 2472 1568 2516 et
1598 2464 1688 2534 qui

169 2529 409 2599 pmbcnt
437 2529 689 2585 ducatum
716 2531 992 2587 Barba‘ris.

537 2618 761 2672 Chaones
785 2622 1108 2673 Anchouitani
1133 2622 1260 2685 (95).

174 2698 280 2767 Qui
303 2698 604 2755 voluntarie
642 2701 991 2757 homicidium
1036 2701 1288 2769 fecerint,
1350 2702 1416 2756 ad
1445 2702 1692 2773 peniten-

107 2791 242 2845 tiam
267 2805 328 2846 se
349 2791 556 2862 jugiter
583 2792 925 2859 submittant,
950 2793 1094 2849 circa
1125 2794 1328 2849 exitum
1361 2803 1541 2849 autem
1569 2795 1694 2849 vita:

107 2885 490 2938 communione
536 2884 681 2955 digni
741 2884 1062 2940 habeantur.
1112 2883 1215 2952 Qui
1264 2901 1370 2941 non
1416 2885 1694 2942 voluntate

108 2976 202 3032 sed
237 2992 364 3032 casu
406 2977 758 3033 homicidium
801 2986 1170 3049 perpetratur,
1222 2979 1286 3035 V.
1320 2994 1494 3034 annos
1537 2978 1694 3048 peni-

108 3077 220 3122 teat
247 3067 383 3139 (96).
433 3069 683 3124 Mulieres
731 3071 823 3140 qui
873 3069 1236 3138 fornicamur,
1263 3080 1319 3126 et
1359 3079 1546 3142 partus
1568 3085 1697 3126 suos

106 3167 329 3230 negant,
365 3168 417 3214 et
445 3175 538 3216 eas
563 3175 669 3230 que
694 3169 860 3232 agunt
891 3169 950 3216 ut
999 3171 1184 3218 uteros
1209 3169 1500 3232 conceptos
1535 3176 1696 3217 escu-
1724 3171 1770 3233 ί]

77 3253 274 3316 'tiant,
325 3250 532 3320 antiqui
559 3251 750 3304 Patres
777 3249 1126 3306 instituerunt
1157 3265 1330 3322 usque
1378 3249 1446 3328 ad
1488 3250 1694 3306 exitum

100 3347 255 3411 vitae,
281 3359 423 3398 nunc
451 3345 738 3399 humanius
763 3343 1045 3400 adtinitum
1088 3354 1197 3406 est.
1229 3344 1298 3400 X.
1331 3359 1502 3402 annos
1549 3345 1700 3416 peni-

105 3443 286 3489 teant.
318 3435 428 3504 (97)
464 3434 519 3489 Si
561 3435 681 3505 quis
719 3435 980 3490 occiderit
1033 3437 1358 3492 monachum
1408 3436 1493 3491 vel
1542 3435 1702 3491 cleri-

104 3538 256 3587 cum,
289 3537 440 3597 arma
473 3522 745 3592 relinquat
766 3532 822 3578 et
857 3523 970 3579 Deo
1000 3524 1226 3590 serviat,
1273 3523 1356 3578 vel
1385 3522 1495 3578 Vl].
1529 3537 1701 3577 annos

103 3615 373 3687 peniteat.
403 3613 698 3682 Quiautem
724 3615 1035 3687 episcopum
1058 3615 1143 3670 vel
1166 3615 1529 3686 presbiterum
1557 3612 1703 3668 occi-

106 3705 279 3767 derit,
337 3705 481 3775 regis
522 3703 786 3774 judicium
827 3714 916 3761 est
966 3707 1032 3762 de
1087 3721 1170 3762 eo.
1224 3705 1280 3760 Si
1334 3705 1501 3760 laicus
1538 3703 1701 3758 alium

106 3791 381 3848 occiderit
416 3795 524 3850 odii
573 3795 924 3851 meditatione
973 3793 1084 3868 (98)
1144 3796 1188 3852 si
1238 3811 1344 3851 non
1395 3795 1511 3850 vult
1552 3809 1700 3849 arma

107 3885 446 3955 relinquere,
479 3884 592 3940 Vll.
640 3903 815 3943 annos
844 3887 1085 3958 peniteat
1121 3888 1238 3944 sine
1280 3903 1446 3943 carne
1475 3896 1530 3942 et
1556 3887 1700 3941 vino.

110 3976 220 4045 Qui
252 3976 551 4034 hocciderit
581 3979 854 4034 hominem
885 3979 1001 4036 XL.
1059 3981 1178 4036 dies
1207 3982 1490 4037 absteneat
1533 3995 1592 4036 se
1634 3981 1704 4037 ab

113 4069 378 4135 ecclesia,
408 4079 462 4126 et
491 4080 675 4141 postea
707 4075 1128 4145 superscriptam
1160 4076 1514 4147 penitentiam
1551 4083 1699 4144 agat.

115 4158 488 4228 Quijussione
536 4161 745 4216 Domini
796 4164 878 4218 sui
910 4163 1183 4219 hominem
1218 4164 1535 4226 hocciderit,
1587 4162 1700 4218 XL.

112 4251 238 4304 dies
283 4250 559 4318 peniteat;
612 4259 668 4305 et
715 4252 804 4322 qui
861 4253 1158 4308 hocciderit
1198 4253 1471 4308 hominem
1509 4253 1560 4307 in
1609 4269 1706 4322 pu-

113 4340 265 4396 blico
295 4341 450 4404 bello,
495 4357 617 4397 cum
671 4358 798 4414 rege
844 4343 955 4397 XL.
997 4343 1114 4400 dies
1169 4343 1340 4413 penit.
1388 4343 1434 4397 si
1492 4358 1708 4413 perpo-

113 4429 333 4501 eulum_
358 4430 442 4485 vel
482 4445 580 4502 per
627 4442 799 4487 artem
840 4433 1076 4502 aliquam
1119 4433 1340 4499 malam,
1392 4433 1501 4488 VII.
1537 4450 1709 4492 annos

1783 1928 1906 1969 nem
1931 1912 2200 1979 effuderit,
2250 1913 2316 1978 Χ.
2357 1914 2472 1970 dies
2521 1913 2576 1968 in
2622 1928 2760 1984 pane
2779 1922 2837 1968 et
2873 1928 3051 1991 aqua;
3103 1913 3148 1966 si
3196 1913 3375 1968 dicam

1790 2016 1998 2077 septem
2025 2020 2266 2072 menses,
2307 2007 2578 2078 presbiter
2604 2006 2643 2060 1.
2683 2021 2884 2060 annum
2934 2005 3176 2076 peniteat
3203 2003 3375 2074 (101).

1785 2098 1952 2168 Cujus
1977 2099 2234 2169 parvulus
2278 2099 2333 2154 in
2373 2098 2698 2170 negligentia
2753 2097 2872 2152 sine
2915 2097 3184 2167 baptismo
3229 2111 3377 2152 mor-

1789 2205 1913 2253 tuus
1932 2197 2119 2262 fuerit,
2142 2196 2224 2251 Ill.
2251 2210 2443 2252 annos.
2466 2195 2504 2250 l.
2539 2211 2606 2250 ex
2631 2195 2713 2250 his
2737 2194 2790 2249 in
2808 2208 2947 2265 pane
2968 2203 3025 2250 et
3044 2210 3182 2264 aqua
3204 2185 3396 2265 (102)(

1789 2287 1849 2342 Si
1903 2289 2028 2345 laici
2089 2287 2326 2342 infantes
2391 2302 2548 2341 suum
2605 2287 3016 2356 ohpresserint,
3081 2302 3280 2341 annuat
3336 2287 3380 2341 1.

1791 2378 1845 2432 1η
1877 2392 2016 2447 pane
2033 2386 2098 2433 et
2120 2392 2258 2447 aqua
2286 2376 2454 2446 penit.
2488 2387 2543 2430 et
2571 2375 2634 2429 ll.
2665 2391 2695 2429 a
2727 2376 2854 2430 vino
2886 2384 2940 2430 et
2961 2390 3148 2439 carne,
3176 2383 3232 2430 et
3256 2375 3384 2430 abs-

1791 2469 1964 2524 tineat
2007 2483 2068 2524 se
2110 2467 2178 2522 ab
2221 2481 2391 2522 uxore
2426 2475 2670 2536 tempore
2721 2466 3050 2535 penitentize.
3087 2464 3142 2520 Si
3185 2465 3384 2521 mulier

1792 2558 2044 2615 abortum
2070 2558 2264 2614 fecerit
2285 2557 2588 2613 voluntarie
2605 2556 2694 2611 111.
2727 2571 2899 2612 annos
2921 2557 2972 2610 in
2997 2573 3133 2627 pane
3155 2565 3210 2612 et
3241 2571 3386 2627 aqua

1793 2650 1968 2721 penit.
1997 2648 2099 2716 Qui
2131 2663 2228 2718 per
2249 2648 2422 2703 rixam
2452 2647 2618 2702 ictum
2647 2646 2795 2717 (105)
2833 2646 3063 2702 debilem
3095 2646 3178 2700 vel
3206 2647 3386 2702 defor-

1793 2763 1936 2805 mem
1955 2748 2238 2804 hominem
2263 2747 2474 2813 fecerit,
2507 2747 2699 2802 reddat
2726 2746 2964 2818 inpensis
2989 2747 3210 2803 mediae
3237 2747 3387 2818 (101)

1795 2848 1851 2896 et
1879 2839 2190 2911 egritudine
2244 2839 2514 2905 restituat,
2547 2847 2603 2894 et
2645 2839 2825 2894 medio
2860 2855 3004 2895 anno
3043 2841 3094 2894 in
3139 2856 3278 2910 pane
3331 2847 3390 2895 et

1797 2949 1936 3004 aqua
1962 2932 2205 3004 peniteat
2231 2950 2246 3000 ;
2297 2933 2342 2987 si
2375 2948 2482 2987 non
2513 2931 2782 2998 habuerit,
2808 2933 2955 2988 unde
2985 2933 3194 2996 reddat,
3222 2950 3389 2986 unum

1797 3045 1996 3088 annum
2027 3033 2286 3104 peniteat.
2315 3032 2371 3086 Si
2399 3032 2570 3088 laicus
2605 3047 2702 3103 per
2728 3032 3042 3087 scandalum
3070 3035 3389 3106 sanguinem

1802 3131 2072 3195 eﬂuderit,
2117 3130 2308 3187 reddat
2336 3131 2412 3186 ill.
2447 3140 2654 3185 tantum
2684 3141 2945 3202 quantum
3001 3135 3215 3200 nocuit,
3249 3144 3304 3188 et
3338 3135 3389 3190 si

1801 3238 1908 3278 non
1944 3220 2164 3286 habeat,
2191 3222 2335 3277 unde
2362 3221 2574 3286 reddat,
2615 3222 2787 3277 solvet
2827 3239 2989 3291 opera
3021 3225 3252 3294 proximi
3288 3226 3392 3286 sui.

1802 3312 2064 3384 quamdiu
2096 3312 2472 3368 ille'inlirmus
2510 3320 2634 3367 est:
2691 3322 2746 3368 et
2772 3316 3014 3382 peniteat
3052 3314 3142 3369 XL
3191 3315 3308 3370 dies
3340 3333 3391 3369 111

1804 3417 1948 3475 pane
1987 3413 2042 3458 et
2074 3419 2236 3474 aqua.
2279 3401 2378 3470 Qui
2431 3404 2594 3458 ictum
2643 3405 2892 3474 proximo
2941 3405 3150 3460 deJerit
3189 3415 3243 3460 et
3289 3422 3395 3460 nun

1801 3496 2010 3560 nocult,
2060 3494 2102 3549 1.
2154 3494 2238 3548 vel
2265 3495 2328 3548 11.
2377 3494 2456 3547 vel
2501 3495 2586 3550 111.
2628 3496 3031 3566 quadragesim.
3073 3497 3125 3551 in
3158 3513 3296 3566 pane
3345 3509 3401 3551 et

1803 3601 1945 3657 aqua
1969 3585 2231 3656 peniteat.
2263 3584 2320 3639 Si
2347 3583 2600 3652 clericus,
2643 3601 2842 3640 annum
2872 3587 2954 3639 vel
2995 3587 3298 3641 dimidium.
3334 3589 3395 3642 Si

1803 3674 1927 3744 quis
1963 3673 2243 3743 quodlibet
2290 3674 2574 3728 menbrum
2615 3676 2897 3730 voluntate
2947 3680 3281 3732 truncavcrit
3309 3677 3395 3732 111.

1805 3778 1997 3818 annos.
2034 3762 2073 3816 l.
2127 3777 2190 3816 ex
2229 3761 2314 3817 his
2354 3763 2407 3816 in
2444 3778 2585 3834 pane
2609 3772 2664 3820 et
2689 3780 2848 3834 aqua.
2900 3764 3112 3820 Partoli
3165 3765 3397 3822 invicem

1804 3853 2172 3926 percutientes
2205 3848 2313 3908 Vill.
2339 3855 2473 3910 dies.
2505 3855 2562 3910 Si
2591 3870 2719 3909 vero
2743 3855 3113 3912 adolescentes
3142 3856 3252 3911 XL.
3283 3858 3398 3913 dies
3443 3911 3453 3933 ι

1806 3947 2105 4016 peniteant.
2157 3945 2214 4002 Si
2266 3962 2365 4017 per
2394 3946 2688 4002 vindictam
2723 3949 2990 4004 fratribus
3024 3950 3171 4020 (105)
3220 3951 3398 4006 homi-

1806 4053 1929 4093 nem
1958 4037 2238 4102 occiderit,
2267 4037 2352 4092 111.
2393 4054 2595 4093 annum
2628 4040 2795 4108 penit.
2822 4040 2866 4094 si
2897 4049 3060 4110 epont
3090 4041 3235 4111 (i06)
3273 4058 3401 4110 pro-

1807 4132 2028 4203 pinquis
2070 4131 2293 4187 dimidio
2335 4131 2566 4201 spatium
2617 4132 2786 4204 (107).
2820 4133 2919 4200 Qui
2954 4135 3194 4204 praebent
3237 4136 3402 4191 ducao

1809 4233 1921 4279 tum
1953 4223 2222 4290 barbaris,
2256 4223 2343 4279 111.
2387 4241 2560 4280 annos
2591 4227 2848 4296 peniteat.
2880 4227 2971 4296 qui
3008 4227 3250 4298 hospites
3296 4245 3403 4284 non

1810 4318 2017 4388 recepit
2046 4317 2099 4372 in
2145 4319 2308 4375 domo
2357 4335 2475 4385 sua,
2536 4319 2676 4374 sicut
2721 4319 2984 4375 Dominus
3017 4312 3311 4392 praecepit,
3346 4333 3403 4378 et

1811 4435 1979 4490 regna
2011 4421 2251 4476 colorum
2290 4423 2562 4490 promisit,
2597 4423 2685 4478 ubi
2714 4427 2844 4477 diett
2873 4404 2899 4475 τ’
2927 4423 3109 4476 venite
3134 4425 3405 4480 benedicti

115 4523 405 4594 peniteat,
460 4533 554 4579 aut
626 4521 767 4594 plus.
820 4522 877 4580 Si
935 4533 1110 4582 male:
1161 4525 1330 4582 ﬁlium
1373 4541 1534 4582 suum
1577 4527 1709 4584 hoc-
1738 4520 1872 4593 Det
1898 4522 2146 4591 reliqua;
2181 4531 2384 4591 quanto
2416 4533 2658 4592 tempore
2693 4522 2935 4592 hospites
2960 4538 3066 4577 non
3103 4525 3324 4594 recepit,
3349 4535 3406 4580 et

222 4635 315 4704 95)
335 4633 374 4688 l.
407 4635 574 4704 placet
599 4638 898 4704 proximum
926 4655 1099 4694 suum.

217 4705 309 4778 9})
341 4705 396 4759 ln
419 4706 510 4760 lib.
537 4707 609 4778 de
646 4707 870 4762 Remed.
899 4719 1109 4778 peccat.
1137 4709 1291 4764 Mart.
1311 4709 1379 4774 1.,
1403 4725 1481 4776 c.,
1510 4711 1613 4766 col.
1639 4712 1710 4767 25

117 4773 456 4849 finiintegre
487 4794 500 4829 :
527 4773 584 4830 Si
626 4792 743 4849 uero
796 4773 915 4832 nan'
944 4796 1038 4848 per
1076 4773 1475 4849 ignorantiam,
1506 4781 1711 4836 duobus

117 4845 528 4921 diebustaceat,
572 4846 650 4900 vel
673 4847 889 4917 triginta
921 4845 1174 4919 psalmos,
1214 4851 1260 4904 si
1289 4858 1494 4920 pracst,
1521 4861 1713 4921 cantet,

119 4913 377 4990 ungules
398 4915 535 4990 enim
554 4927 732 4990 tacere
745 4913 854 4972 non
883 4913 1101 4990 possunt

197 4985 314 5056 (95)
339 4985 377 5038 l.
409 4987 696 5054 Ancyrani.

198 5055 314 5126 (96)
338 5056 397 5127 la
430 5056 558 5110 edit.
612 5071 676 5110 ex
697 5058 904 5127 interp.
955 5057 1141 5113 lsidori
1172 5074 1292 5114 can.
1319 5060 1392 5115 22
1416 5075 1573 5116 eone.
1607 5063 1716 5115 An-

123 5142 243 5207 εγ.
283 5125 301 5175 i
337 5125 442 5180 Eos
464 5140 590 5180 vere
617 5125 1170 5207 quinon'volnntate,
1200 5130 1297 5183 sed
1325 5146 1453 5185 casu
1486 5131 1715 5187 homici-

122 5199 278 5251 dium
320 5193 578 5261 fecerint,
646 5211 793 5265 prior
848 5198 1072 5266 quidem
1115 5199 1294 5266 regula
1340 5209 1462 5266 post
1504 5210 1715 5266 septem

561 5237 578 5261 ,
646 5215 793 5265 prior
848 5215 1072 5266 quidem
1115 5215 1294 5268 regula
1340 5215 1462 5268 pOSt
1504 5215 1715 5268 septem

123 5215 278 5251 utum
320 5215 578 5261 iecerint,
646 5215 793 5265 prior
848 5215 1072 5266 qutuem‘
1115 5215 1294 5269 regula
1340 5215 1462 5268 pOSt
1504 5215 1713 5270 septem

123 5280 396 5320 annorum
413 5266 783 5333 paenitentiam
802 5269 1163 5322 communioni
1183 5270 1406 5325 sociavit
1419 5271 1713 5326 secundum

123 5334 334 5404 gradus
379 5337 722 5392 constitutos.
781 5336 904 5392 Haec
948 5353 1080 5396 vero
1131 5341 1421 5396 humanior
1470 5341 1712 5396 definitio

125 5405 468 5476 quinquenni
503 5415 713 5476 tempus
736 5408 941 5464 tribuit.
991 5428 1009 5461 1

201 5475 321 5546 (97)
351 5475 470 5529 Vid.
486 5475 627 5546 (sup;
651 5491 702 5546 p.

202 5491 321 5544 (ut)
359 5491 470 5529 για.
498 5491 616 5598 app.
651 5491 702 5546 p.

202 5544 321 5626 (9)5)
345 5544 498 5626 Apud
573 5555 704 5626 ρης,
748 5546 962 5626 collect:
989 5556 1160 5626 antiq.
1204 5547 1305 5605 col.
1333 5550 1423 5617 41,
1454 5550 1671 5607 additur
1701 5566 1715 5605 :

135 5635 154 5666 1
180 5615 635 5687 velpossidendte
666 5617 996 5674 haereditatis
1015 5615 1152 5687 ejus.
1182 5639 1204 5674 1

203 5684 322 5754 (99)
356 5686 506 5754 Apud
543 5685 697 5740 Mart.
738 5687 775 5740 l.
801 5703 873 5754 c.,
909 5689 977 5743 15
1011 5684 1198 5745 annos.

204 5756 376 5832 (100),
403 5756 436 5809 l.
470 5771 520 5812 c.
559 5775 571 5811 :
610 5756 803 5812 Mulier
828 5760 1148 5831 paupercuia
1191 5762 1238 5817 si
1277 5762 1521 5818 occiderit
1552 5761 1721 5832 [ilium

1813 4649 1987 4696 suum,
2021 4633 2052 4684 7
2079 4649 2243 4703 annos
2267 4636 2530 4703 peniteat.
2707 4675 2710 4680 .
2857 4675 2860 4678 .

1889 4703 2034 4774 (101)
2065 4699 2287 4758 ΟοΙΙεςτ.
2315 4705 2483 4773 antiq.
2509 4703 2663 4758 Mart.
2681 4703 2786 4757 col.
2806 4704 2864 4758 11
2898 4719 2919 4774 εν
2948 4722 2966 4755 ‹
3005 4704 3061 4760 Si
3094 4706 3216 4774 quis
3241 4705 3406 4762 alium

1820 4773 1977 4828 aliter
2005 4774 2352 4843 percusserit,
2395 4784 2449 4827 et
2502 4774 2819 4843 sanguinem
2869 4773 3144 4841 effuderit,
3177 4776 3247 4832 40
3283 4779 3405 4834 dies

1820 4843 2086 4913 paeniteat
2114 4852 2170 4897 et
2191 4843 2384 4897 vulnus
2411 4845 2683 4898 restituat.
2711 4843 2766 4898 Si
2795 4845 3057 4901 diaconus
3084 4846 3118 4898 6
3159 4863 3398 4911 menses,

1823 4915 1868 4969 si
1895 4914 2177 4984 presbyter
2197 4929 2360 4967 unum
2393 4929 2593 4984 annum
2627 4915 2906 4983 pmniteat.
2934 4935 2952 4965 1

1897 4983 2120 5056 (101)).
2151 4983 2490 5056 c.,col.‘2:
2534 4984 2596 5038 Si
2649 4987 2868 5038 moritur
2919 4986 3098 5054 infans
3157 4988 3268 5042 sine
3316 4989 3410 5040 ba-

1815 5054 2024 5126 ptismo,
2043 5054 2258 5126 3annos
2286 5054 2500 5116 habens,
2541 5063 2690 5120 pater
2717 5066 2764 5108 et
2791 5065 2960 5110 mater
2989 5058 3024 5112 5
3050 5075 3214 5111 annos
3240 5060 3408 5126 paeni-

1816 5133 1942 5196 teat,
1974 5125 2011 5196 1
2029 5141 2094 5196 ea;
2113 5127 2194 5196 Itis
2221 5125 2276 5178 in
2301 5141 2435 5194 pane
2461 5135 2508 5177 et
2537 5141 2696 5196 aqua.

1918 5194 2038 5260 105)
2077 5194 2114 5248 Ι.
2142 5195 2268 5247 ictu.

1916 5265 2039 5338 101)
2095 5263 2130 5319 l.
2172 5266 2788 5338 ΔἱιιιρειιειιζεᾹηιεςίέιοίηιε.
2835 5267 2891 5322 In
2942 5266 3034 5321 lib.
3087 5269 3152 5338 de
3179 5266 3407 5338 Remed.

1816 5349 1967 5405 pecc.
1989 5335 2147 5407 Mart.
2172 5333 2209 5387 l.
2233 5349 2314 5407 c.,
2335 5334 2525 5390 coL26
2551 5335 2792 5407 {Reddet
2821 5339 3056 5407 impensa
3082 5337 3133 5390 in
3158 5337 3408 5403 medicos,

1819 5415 1866 5460 et
1915 5404 2137 5459 macula:
2188 5406 2430 5474 pretium,
2459 5405 2680 5473 etopus
2707 5408 2870 5460 donec
2894 5404 3129 5462 sanetur
3168 5407 3409 5462 restituat

1825 5476 1926 5548 (se.
1969 5483 2215 5548 tantum,
2240 5485 2500 5544 quantum
2532 5491 2631 5529 suo
2658 5477 2858 5538 labore.
2883 5478 3166 5547 acquirere
3199 5478 3410 5548 potuis-

1821 5546 1924 5614 set)
1953 5556 1999 5616 et
2029 5546 2250 5600 dimidio
2273 5549 2398 5599 anni
2422 5548 2682 5616 paeniteat.
2968 5546 2980 5547 ί
3006 5585 3011 5590 .

1897 5615 2358 5686 (1(11ς)1.[ηιιν11ςε
2401 5614 2431 5682 ᾗ
2467 5627 2494 5659 κ
2810 5645 2815 5654 .

1898 5685 2047 5756 (106)
2077 5685 2110 5738 l.
2141 5689 2420 5755 componit,
2448 5687 2483 5742 i.
2514 5702 2563 5742 e.
2594 5685 2888 5742 satisfacit‘

1898 5755 2111 5830 (l07)l.
2153 5759 2338 5826 spatio.
2435 5775 2452 5780 "
2577 5773 2582 5778 '
2681 5767 2688 5774 ‘
