  <div class='ocr_page' id='page_1' title='image "/cluster/home/n/w/nwhite01/storage/ocr_20150623/138/hvd.32044015471774/494.png"; bbox 0 0 3962 6326; ppageno 0'>
   <div class='ocr_carea' id='block_1_1' title="bbox 96 387 203 442">
    <p class='ocr_par' dir='ltr' id='par_1_1' title="bbox 96 387 203 442">
     <span class='ocr_line' id='line_1_1' title="bbox 96 387 203 442; baseline -0.019 0"><span class='ocrx_word' id='word_1_1' title='bbox 96 387 203 442; x_wconf 79' lang='lat'><strong>977</strong></span> 
     </span>
    </p>
   </div>
   <div class='ocr_carea' id='block_1_2' title="bbox 1301 394 2123 458">
    <p class='ocr_par' dir='ltr' id='par_1_2' title="bbox 1301 394 2123 458">
     <span class='ocr_line' id='line_1_2' title="bbox 1301 394 2123 458; baseline 0.005 -8"><span class='ocrx_word' id='word_1_2' title='bbox 1301 394 1618 456; x_wconf 75' lang='lat' dir='ltr'><strong>JUDICIUM</strong></span> <span class='ocrx_word' id='word_1_3' title='bbox 1661 397 2123 458; x_wconf 72' lang='lat' dir='ltr'><strong>PCENITENTIS.</strong></span> 
     </span>
    </p>
   </div>
   <div class='ocr_carea' id='block_1_3' title="bbox 3257 417 3360 472">
    <p class='ocr_par' dir='ltr' id='par_1_3' title="bbox 3257 417 3360 472">
     <span class='ocr_line' id='line_1_3' title="bbox 3257 417 3360 472; baseline 0 -1"><span class='ocrx_word' id='word_1_4' title='bbox 3257 417 3360 472; x_wconf 77' lang='lat'><strong>978</strong></span> 
     </span>
    </p>
   </div>
   <div class='ocr_carea' id='block_1_4' title="bbox 97 506 3362 598">
    <p class='ocr_par' dir='ltr' id='par_1_4' title="bbox 97 506 3362 598">
     <span class='ocr_line' id='line_1_4' title="bbox 97 506 3362 598; baseline 0.008 -41"><span class='ocrx_word' id='word_1_5' title='bbox 97 506 311 598; x_wconf 60' lang='lat' dir='ltr'><strong>caverit</strong></span> <span class='ocrx_word' id='word_1_6' title='bbox 363 521 462 564; x_wconf 87' lang='lat' dir='ltr'><strong>nec</strong></span> <span class='ocrx_word' id='word_1_7' title='bbox 511 507 766 574; x_wconf 77' lang='lat' dir='ltr'><strong>ignorans</strong></span> <span class='ocrx_word' id='word_1_8' title='bbox 816 510 1283 596; x_wconf 79' lang='lat' dir='ltr'><strong>excommunicato</strong></span> <span class='ocrx_word' id='word_1_9' title='bbox 1327 511 1397 567; x_wconf 88' lang='lat' dir='ltr'><strong>ab</strong></span> <span class='ocrx_word' id='word_1_10' title='bbox 1451 512 1682 569; x_wconf 81' lang='lat' dir='ltr'><strong>ecclesia</strong></span> <span class='ocrx_word' id='word_1_11' title='bbox 1711 517 1759 575; x_wconf 78' lang='grc' dir='ltr'>Α</span> <span class='ocrx_word' id='word_1_12' title='bbox 1791 515 1859 570; x_wconf 88' lang='lat' dir='ltr'><strong>rit</strong></span> <span class='ocrx_word' id='word_1_13' title='bbox 1887 517 2233 585; x_wconf 86' lang='lat' dir='ltr'><strong>sacriﬁcium,</strong></span> <span class='ocrx_word' id='word_1_14' title='bbox 2257 529 2311 576; x_wconf 93' lang='lat' dir='ltr'><strong>et</strong></span> <span class='ocrx_word' id='word_1_15' title='bbox 2327 523 2857 592; x_wconf 89' lang='lat' dir='ltr'><strong>muscomeditillud,</strong></span> <span class='ocrx_word' id='word_1_16' title='bbox 2874 525 2964 582; x_wconf 77' lang='lat' dir='ltr'><strong>XL</strong></span> <span class='ocrx_word' id='word_1_17' title='bbox 2981 525 3362 598; x_wconf 85' lang='lat' dir='ltr'><strong>dicspcmtcat.</strong></span> 
     </span>
    </p>
   </div>
   <div class='ocr_carea' id='block_1_5' title="bbox 98 595 1684 672">
    <p class='ocr_par' dir='ltr' id='par_1_5' title="bbox 98 595 1684 672">
     <span class='ocr_line' id='line_1_5' title="bbox 98 595 1684 672; baseline 0.006 -22"><span class='ocrx_word' id='word_1_18' title='bbox 98 595 218 650; x_wconf 70' lang='lat' dir='ltr'><strong>XL.</strong></span> <span class='ocrx_word' id='word_1_19' title='bbox 254 596 370 652; x_wconf 89' lang='lat' dir='ltr'><strong>dies</strong></span> <span class='ocrx_word' id='word_1_20' title='bbox 403 598 665 667; x_wconf 79' lang='lat' dir='ltr'><strong>peniteat.</strong></span> <span class='ocrx_word' id='word_1_21' title='bbox 707 599 848 656; x_wconf 83' lang='lat' dir='ltr'><strong>Ante</strong></span> <span class='ocrx_word' id='word_1_22' title='bbox 875 595 1342 658; x_wconf 88' lang='lat' dir='ltr'><strong>consumationem</strong></span> <span class='ocrx_word' id='word_1_23' title='bbox 1369 604 1684 672; x_wconf 83' lang='lat' dir='ltr'><strong>penitentiae</strong></span> 
     </span>
    </p>
   </div>
   <div class='ocr_carea' id='block_1_6' title="bbox 96 687 1686 758">
    <p class='ocr_par' dir='ltr' id='par_1_6' title="bbox 96 687 1686 758">
     <span class='ocr_line' id='line_1_6' title="bbox 96 687 1686 758; baseline 0.006 -18"><span class='ocrx_word' id='word_1_24' title='bbox 96 687 410 758; x_wconf 86' lang='lat' dir='ltr'><strong>penitentes</strong></span> <span class='ocrx_word' id='word_1_25' title='bbox 430 689 728 746; x_wconf 86' lang='lat' dir='ltr'><strong>secundum</strong></span> <span class='ocrx_word' id='word_1_26' title='bbox 747 705 984 746; x_wconf 83' lang='lat' dir='ltr'><strong>canones</strong></span> <span class='ocrx_word' id='word_1_27' title='bbox 1022 707 1130 747; x_wconf 88' lang='lat' dir='ltr'><strong>non</strong></span> <span class='ocrx_word' id='word_1_28' title='bbox 1170 692 1366 748; x_wconf 83' lang='lat' dir='ltr'><strong>debent</strong></span> <span class='ocrx_word' id='word_1_29' title='bbox 1388 695 1686 750; x_wconf 89' lang='lat' dir='ltr'><strong>communi-</strong></span> 
     </span>
    </p>
   </div>
   <div class='ocr_carea' id='block_1_7' title="bbox 95 779 1684 855">
    <p class='ocr_par' dir='ltr' id='par_1_7' title="bbox 95 779 1684 855">
     <span class='ocr_line' id='line_1_7' title="bbox 95 779 1684 855; baseline 0.004 -21"><span class='ocrx_word' id='word_1_30' title='bbox 95 795 229 834; x_wconf 86' lang='lat' dir='ltr'><strong>care</strong></span> <span class='ocrx_word' id='word_1_31' title='bbox 255 779 426 851; x_wconf 88' lang='grc'><strong>(122),</strong></span> <span class='ocrx_word' id='word_1_32' title='bbox 455 796 554 836; x_wconf 87' lang='lat' dir='ltr'><strong>nos</strong></span> <span class='ocrx_word' id='word_1_33' title='bbox 581 791 766 837; x_wconf 84' lang='lat' dir='ltr'><strong>autent</strong></span> <span class='ocrx_word' id='word_1_34' title='bbox 790 799 888 853; x_wconf 91' lang='lat' dir='ltr'><strong>pro</strong></span> <span class='ocrx_word' id='word_1_35' title='bbox 919 785 1289 840; x_wconf 80' lang='lat' dir='ltr'><strong>misericordia</strong></span> <span class='ocrx_word' id='word_1_36' title='bbox 1322 795 1444 855; x_wconf 91' lang='lat' dir='ltr'><strong>post</strong></span> <span class='ocrx_word' id='word_1_37' title='bbox 1483 801 1684 841; x_wconf 79' lang='lat' dir='ltr'><strong>annuat</strong></span> 
     </span>
    </p>
   </div>
   <div class='ocr_carea' id='block_1_8' title="bbox 96 870 1686 945">
    <p class='ocr_par' dir='ltr' id='par_1_8' title="bbox 96 870 1686 945">
     <span class='ocr_line' id='line_1_8' title="bbox 96 870 1686 945; baseline 0.006 -21"><span class='ocrx_word' id='word_1_38' title='bbox 96 880 198 925; x_wconf 90' lang='lat' dir='ltr'><strong>ant</strong></span> <span class='ocrx_word' id='word_1_39' title='bbox 231 870 320 928; x_wconf 83' lang='lat' dir='ltr'><strong>Vl.</strong></span> <span class='ocrx_word' id='word_1_40' title='bbox 377 888 594 930; x_wconf 90' lang='lat' dir='ltr'><strong>menses</strong></span> <span class='ocrx_word' id='word_1_41' title='bbox 641 875 914 933; x_wconf 75' lang='lat' dir='ltr'><strong>licentiam</strong></span> <span class='ocrx_word' id='word_1_42' title='bbox 952 877 1164 933; x_wconf 87' lang='lat' dir='ltr'><strong>damus.</strong></span> <span class='ocrx_word' id='word_1_43' title='bbox 1195 877 1298 945; x_wconf 85' lang='lat' dir='ltr'><strong>Qui</strong></span> <span class='ocrx_word' id='word_1_44' title='bbox 1341 878 1509 934; x_wconf 88' lang='lat' dir='ltr'><strong>multa</strong></span> <span class='ocrx_word' id='word_1_45' title='bbox 1545 879 1686 935; x_wconf 86' lang='lat' dir='ltr'><strong>mala</strong></span> 
     </span>
    </p>
   </div>
   <div class='ocr_carea' id='block_1_9' title="bbox 95 962 1686 1040">
    <p class='ocr_par' dir='ltr' id='par_1_9' title="bbox 95 962 1686 1040">
     <span class='ocr_line' id='line_1_9' title="bbox 95 962 1686 1040; baseline 0.006 -23"><span class='ocrx_word' id='word_1_46' title='bbox 95 962 317 1031; x_wconf 90' lang='lat' dir='ltr'><strong>fecerit,</strong></span> <span class='ocrx_word' id='word_1_47' title='bbox 343 965 396 1020; x_wconf 93' lang='lat' dir='ltr'><strong>id</strong></span> <span class='ocrx_word' id='word_1_48' title='bbox 441 976 524 1022; x_wconf 87' lang='lat' dir='ltr'><strong>est</strong></span> <span class='ocrx_word' id='word_1_49' title='bbox 552 967 924 1036; x_wconf 82' lang='lat' dir='ltr'><strong>homicidium,</strong></span> <span class='ocrx_word' id='word_1_50' title='bbox 951 970 1278 1027; x_wconf 88' lang='lat' dir='ltr'><strong>adulterium</strong></span> <span class='ocrx_word' id='word_1_51' title='bbox 1302 971 1388 1026; x_wconf 81' lang='lat' dir='ltr'><strong>vel</strong></span> <span class='ocrx_word' id='word_1_52' title='bbox 1411 986 1534 1027; x_wconf 90' lang='lat' dir='ltr'><strong>cum</strong></span> <span class='ocrx_word' id='word_1_53' title='bbox 1559 988 1686 1040; x_wconf 83' lang='lat' dir='ltr'><strong>qua-</strong></span> 
     </span>
    </p>
   </div>
   <div class='ocr_carea' id='block_1_10' title="bbox 94 1057 1685 1128">
    <p class='ocr_par' dir='ltr' id='par_1_10' title="bbox 94 1057 1685 1128">
     <span class='ocr_line' id='line_1_10' title="bbox 94 1057 1685 1128; baseline 0.004 -17"><span class='ocrx_word' id='word_1_54' title='bbox 94 1057 368 1127; x_wconf 85' lang='lat' dir='ltr'><strong>drupedia</strong></span> <span class='ocrx_word' id='word_1_55' title='bbox 395 1057 765 1127; x_wconf 86' lang='lat' dir='ltr'><strong>fornicaverit,</strong></span> <span class='ocrx_word' id='word_1_56' title='bbox 788 1070 882 1116; x_wconf 90' lang='lat' dir='ltr'><strong>aut</strong></span> <span class='ocrx_word' id='word_1_57' title='bbox 903 1062 1045 1117; x_wconf 86' lang='lat' dir='ltr'><strong>furta</strong></span> <span class='ocrx_word' id='word_1_58' title='bbox 1077 1062 1242 1118; x_wconf 93' lang='lat' dir='ltr'><strong>multa</strong></span> <span class='ocrx_word' id='word_1_59' title='bbox 1273 1061 1483 1128; x_wconf 88' lang='lat' dir='ltr'><strong>fecerit,</strong></span> <span class='ocrx_word' id='word_1_60' title='bbox 1512 1071 1604 1118; x_wconf 91' lang='lat' dir='ltr'><strong>eat</strong></span> <span class='ocrx_word' id='word_1_61' title='bbox 1629 1063 1685 1117; x_wconf 92' lang='lat' dir='ltr'><strong>in</strong></span> 
     </span>
    </p>
   </div>
   <div class='ocr_carea' id='block_1_11' title="bbox 92 1148 1689 1222">
    <p class='ocr_par' dir='ltr' id='par_1_11' title="bbox 92 1148 1689 1222">
     <span class='ocr_line' id='line_1_11' title="bbox 92 1148 1689 1222; baseline 0.008 -22"><span class='ocrx_word' id='word_1_62' title='bbox 92 1148 490 1203; x_wconf 77' lang='lat' dir='ltr'><strong>monasterium</strong></span> <span class='ocrx_word' id='word_1_63' title='bbox 520 1157 576 1204; x_wconf 91' lang='lat' dir='ltr'><strong>et</strong></span> <span class='ocrx_word' id='word_1_64' title='bbox 621 1151 856 1220; x_wconf 87' lang='lat' dir='ltr'><strong>peniteat</strong></span> <span class='ocrx_word' id='word_1_65' title='bbox 884 1167 1054 1220; x_wconf 90' lang='lat' dir='ltr'><strong>usque</strong></span> <span class='ocrx_word' id='word_1_66' title='bbox 1082 1152 1148 1206; x_wconf 88' lang='lat' dir='ltr'><strong>ad</strong></span> <span class='ocrx_word' id='word_1_67' title='bbox 1177 1159 1426 1208; x_wconf 88' lang='lat' dir='ltr'><strong>mortem.</strong></span> <span class='ocrx_word' id='word_1_68' title='bbox 1458 1151 1515 1208; x_wconf 87' lang='lat' dir='ltr'><strong>Si</strong></span> <span class='ocrx_word' id='word_1_69' title='bbox 1563 1153 1689 1222; x_wconf 31' lang='lat' dir='ltr'><strong>quis.</strong></span> 
     </span>
    </p>
   </div>
   <div class='ocr_carea' id='block_1_12' title="bbox 91 1239 1685 1313">
    <p class='ocr_par' dir='ltr' id='par_1_12' title="bbox 91 1239 1685 1313">
     <span class='ocr_line' id='line_1_12' title="bbox 91 1239 1685 1313; baseline 0.006 -24"><span class='ocrx_word' id='word_1_70' title='bbox 91 1239 371 1306; x_wconf 72' lang='lat' dir='ltr'><strong>presbiter</strong></span> <span class='ocrx_word' id='word_1_71' title='bbox 401 1240 754 1308; x_wconf 86' lang='lat' dir='ltr'><strong>penitentiam</strong></span> <span class='ocrx_word' id='word_1_72' title='bbox 785 1242 1140 1300; x_wconf 87' lang='lat' dir='ltr'><strong>morientibus</strong></span> <span class='ocrx_word' id='word_1_73' title='bbox 1163 1243 1531 1313; x_wconf 79' lang='lat' dir='ltr'><strong>abnegaverit,</strong></span> <span class='ocrx_word' id='word_1_74' title='bbox 1561 1258 1685 1300; x_wconf 87' lang='lat' dir='ltr'><strong>reus</strong></span> 
     </span>
    </p>
   </div>
   <div class='ocr_carea' id='block_1_13' title="bbox 92 1329 1686 1404">
    <p class='ocr_par' dir='ltr' id='par_1_13' title="bbox 92 1329 1686 1404">
     <span class='ocr_line' id='line_1_13' title="bbox 92 1329 1686 1404; baseline 0.004 -22"><span class='ocrx_word' id='word_1_75' title='bbox 92 1329 206 1382; x_wconf 85' lang='lat' dir='ltr'><strong>erit</strong></span> <span class='ocrx_word' id='word_1_76' title='bbox 235 1330 561 1397; x_wconf 88' lang='lat' dir='ltr'><strong>animarum,</strong></span> <span class='ocrx_word' id='word_1_77' title='bbox 596 1333 722 1401; x_wconf 87' lang='lat' dir='ltr'><strong>quia</strong></span> <span class='ocrx_word' id='word_1_78' title='bbox 753 1331 1014 1388; x_wconf 90' lang='lat' dir='ltr'><strong>Dominus</strong></span> <span class='ocrx_word' id='word_1_79' title='bbox 1035 1333 1168 1388; x_wconf 85' lang='lat' dir='ltr'><strong>dicit</strong></span> <span class='ocrx_word' id='word_1_80' title='bbox 1202 1351 1215 1386; x_wconf 91' lang='lat'>:</span> <span class='ocrx_word' id='word_1_81' title='bbox 1244 1347 1566 1404; x_wconf 88' lang='lat' dir='ltr'><strong>quacunque</strong></span> <span class='ocrx_word' id='word_1_82' title='bbox 1599 1333 1686 1389; x_wconf 92' lang='lat' dir='ltr'><strong>die</strong></span> 
     </span>
    </p>
   </div>
   <div class='ocr_carea' id='block_1_14' title="bbox 91 1419 1687 1492">
    <p class='ocr_par' dir='ltr' id='par_1_14' title="bbox 91 1419 1687 1492">
     <span class='ocr_line' id='line_1_14' title="bbox 91 1419 1687 1492; baseline 0.006 -23"><span class='ocrx_word' id='word_1_83' title='bbox 91 1435 397 1476; x_wconf 83' lang='lat' dir='ltr'><strong>conversus</strong></span> <span class='ocrx_word' id='word_1_84' title='bbox 423 1419 586 1477; x_wconf 89' lang='lat' dir='ltr'><strong>fuerit</strong></span> <span class='ocrx_word' id='word_1_85' title='bbox 634 1432 911 1492; x_wconf 80' lang='lat' dir='ltr'><strong>peccator,</strong></span> <span class='ocrx_word' id='word_1_86' title='bbox 941 1423 1052 1477; x_wconf 89' lang='lat' dir='ltr'><strong>vita</strong></span> <span class='ocrx_word' id='word_1_87' title='bbox 1082 1424 1225 1478; x_wconf 89' lang='lat' dir='ltr'><strong>vivet</strong></span> <span class='ocrx_word' id='word_1_88' title='bbox 1251 1433 1306 1478; x_wconf 92' lang='lat' dir='ltr'><strong>et</strong></span> <span class='ocrx_word' id='word_1_89' title='bbox 1351 1439 1454 1479; x_wconf 90' lang='lat' dir='ltr'><strong>non</strong></span> <span class='ocrx_word' id='word_1_90' title='bbox 1488 1423 1687 1479; x_wconf 88' lang='lat' dir='ltr'><strong>morie-</strong></span> 
     </span>
    </p>
   </div>
   <div class='ocr_carea' id='block_1_15' title="bbox 95 1513 1687 1584">
    <p class='ocr_par' dir='ltr' id='par_1_15' title="bbox 95 1513 1687 1584">
     <span class='ocr_line' id='line_1_15' title="bbox 95 1513 1687 1584; baseline 0.003 -21"><span class='ocrx_word' id='word_1_91' title='bbox 95 1519 190 1563; x_wconf 90' lang='lat' dir='ltr'><strong>tur</strong></span> <span class='ocrx_word' id='word_1_92' title='bbox 219 1528 238 1576; x_wconf 90' lang='lat'><strong>;</strong></span> <span class='ocrx_word' id='word_1_93' title='bbox 263 1526 391 1568; x_wconf 88' lang='lat' dir='ltr'><strong>vera</strong></span> <span class='ocrx_word' id='word_1_94' title='bbox 420 1513 565 1568; x_wconf 89' lang='lat' dir='ltr'><strong>enim</strong></span> <span class='ocrx_word' id='word_1_95' title='bbox 612 1514 898 1570; x_wconf 82' lang='lat' dir='ltr'><strong>conversio</strong></span> <span class='ocrx_word' id='word_1_96' title='bbox 926 1515 978 1568; x_wconf 88' lang='lat' dir='ltr'><strong>in</strong></span> <span class='ocrx_word' id='word_1_97' title='bbox 1019 1513 1210 1569; x_wconf 88' lang='lat' dir='ltr'><strong>ultimo</strong></span> <span class='ocrx_word' id='word_1_98' title='bbox 1244 1523 1485 1584; x_wconf 87' lang='lat' dir='ltr'><strong>tempore</strong></span> <span class='ocrx_word' id='word_1_99' title='bbox 1509 1521 1687 1584; x_wconf 89' lang='lat' dir='ltr'><strong>potest</strong></span> 
     </span>
    </p>
   </div>
   <div class='ocr_carea' id='block_1_16' title="bbox 91 1603 1685 1676">
    <p class='ocr_par' dir='ltr' id='par_1_16' title="bbox 91 1603 1685 1676">
     <span class='ocr_line' id='line_1_16' title="bbox 91 1603 1685 1676; baseline 0.004 -22"><span class='ocrx_word' id='word_1_100' title='bbox 91 1617 244 1668; x_wconf 86' lang='lat' dir='ltr'><strong>esse,</strong></span> <span class='ocrx_word' id='word_1_101' title='bbox 274 1604 401 1672; x_wconf 84' lang='lat' dir='ltr'><strong>quia</strong></span> <span class='ocrx_word' id='word_1_102' title='bbox 433 1604 692 1660; x_wconf 89' lang='lat' dir='ltr'><strong>Dominus</strong></span> <span class='ocrx_word' id='word_1_103' title='bbox 717 1621 824 1660; x_wconf 90' lang='lat' dir='ltr'><strong>non</strong></span> <span class='ocrx_word' id='word_1_104' title='bbox 857 1605 1031 1661; x_wconf 85' lang='lat' dir='ltr'><strong>solum</strong></span> <span class='ocrx_word' id='word_1_105' title='bbox 1073 1605 1354 1676; x_wconf 82' lang='lat' dir='ltr'><strong>temporis,</strong></span> <span class='ocrx_word' id='word_1_106' title='bbox 1381 1604 1477 1662; x_wconf 86' lang='lat' dir='ltr'><strong>sed</strong></span> <span class='ocrx_word' id='word_1_107' title='bbox 1503 1603 1685 1660; x_wconf 88' lang='lat' dir='ltr'><strong>cordis</strong></span> 
     </span>
    </p>
   </div>
   <div class='ocr_carea' id='block_1_17' title="bbox 96 1693 1684 1765">
    <p class='ocr_par' dir='ltr' id='par_1_17' title="bbox 96 1693 1684 1765">
     <span class='ocr_line' id='line_1_17' title="bbox 96 1693 1684 1765; baseline 0.003 -19"><span class='ocrx_word' id='word_1_108' title='bbox 96 1693 380 1765; x_wconf 87' lang='lat' dir='ltr'><strong>inspector</strong></span> <span class='ocrx_word' id='word_1_109' title='bbox 400 1704 508 1762; x_wconf 88' lang='lat' dir='ltr'><strong>est,</strong></span> <span class='ocrx_word' id='word_1_110' title='bbox 536 1696 678 1752; x_wconf 88' lang='lat' dir='ltr'><strong>sicut</strong></span> <span class='ocrx_word' id='word_1_111' title='bbox 705 1697 844 1752; x_wconf 81' lang='lat' dir='ltr'><strong>latro</strong></span> <span class='ocrx_word' id='word_1_112' title='bbox 873 1697 1033 1752; x_wconf 91' lang='lat' dir='ltr'><strong>unius</strong></span> <span class='ocrx_word' id='word_1_113' title='bbox 1062 1697 1320 1752; x_wconf 88' lang='lat' dir='ltr'><strong>momenti</strong></span> <span class='ocrx_word' id='word_1_114' title='bbox 1347 1695 1544 1751; x_wconf 87' lang='lat' dir='ltr'><strong>meruit</strong></span> <span class='ocrx_word' id='word_1_115' title='bbox 1563 1710 1684 1752; x_wconf 88' lang='lat' dir='ltr'><strong>esse</strong></span> 
     </span>
    </p>
   </div>
   <div class='ocr_carea' id='block_1_18' title="bbox 91 1784 1684 1857">
    <p class='ocr_par' dir='ltr' id='par_1_18' title="bbox 91 1784 1684 1857">
     <span class='ocr_line' id='line_1_18' title="bbox 91 1784 1684 1857; baseline 0.003 -21"><span class='ocrx_word' id='word_1_116' title='bbox 91 1785 151 1836; x_wconf 89' lang='lat' dir='ltr'><strong>in</strong></span> <span class='ocrx_word' id='word_1_117' title='bbox 191 1785 448 1855; x_wconf 83' lang='lat' dir='ltr'><strong>paradiso</strong></span> <span class='ocrx_word' id='word_1_118' title='bbox 474 1786 528 1841; x_wconf 91' lang='lat' dir='ltr'><strong>in</strong></span> <span class='ocrx_word' id='word_1_119' title='bbox 553 1787 712 1843; x_wconf 87' lang='lat' dir='ltr'><strong>unius</strong></span> <span class='ocrx_word' id='word_1_120' title='bbox 760 1787 1021 1842; x_wconf 85' lang='lat' dir='ltr'><strong>momenti</strong></span> <span class='ocrx_word' id='word_1_121' title='bbox 1069 1786 1343 1843; x_wconf 77' lang='lat' dir='ltr'><strong>confessor</strong></span> <span class='ocrx_word' id='word_1_122' title='bbox 1378 1785 1547 1857; x_wconf 78' lang='grc'><strong>(125).</strong></span> <span class='ocrx_word' id='word_1_123' title='bbox 1577 1784 1684 1840; x_wconf 86' lang='lat' dir='ltr'><strong>Pro</strong></span> 
     </span>
    </p>
   </div>
   <div class='ocr_carea' id='block_1_19' title="bbox 1789 607 3360 688">
    <p class='ocr_par' dir='ltr' id='par_1_19' title="bbox 1789 607 3360 688">
     <span class='ocr_line' id='line_1_19' title="bbox 1789 607 3360 688; baseline 0.007 -27"><span class='ocrx_word' id='word_1_124' title='bbox 1789 607 1892 674; x_wconf 85' lang='lat' dir='ltr'><strong>Qui</strong></span> <span class='ocrx_word' id='word_1_125' title='bbox 1919 618 2100 666; x_wconf 88' lang='lat' dir='ltr'><strong>autem</strong></span> <span class='ocrx_word' id='word_1_126' title='bbox 2125 611 2420 680; x_wconf 87' lang='lat' dir='ltr'><strong>perdiderit</strong></span> <span class='ocrx_word' id='word_1_127' title='bbox 2445 615 2498 668; x_wconf 92' lang='lat' dir='ltr'><strong>in</strong></span> <span class='ocrx_word' id='word_1_128' title='bbox 2529 615 2756 670; x_wconf 88' lang='lat' dir='ltr'><strong>ecclesia</strong></span> <span class='ocrx_word' id='word_1_129' title='bbox 2774 655 2788 681; x_wconf 95' lang='lat'><strong>,</strong></span> <span class='ocrx_word' id='word_1_130' title='bbox 2820 627 2912 671; x_wconf 92' lang='lat' dir='ltr'><strong>aut</strong></span> <span class='ocrx_word' id='word_1_131' title='bbox 2934 634 3060 688; x_wconf 89' lang='lat' dir='ltr'><strong>pars</strong></span> <span class='ocrx_word' id='word_1_132' title='bbox 3087 620 3360 682; x_wconf 75' lang='lat' dir='ltr'><strong>ceciderit,</strong></span> 
     </span>
    </p>
   </div>
   <div class='ocr_carea' id='block_1_20' title="bbox 1787 702 3366 778">
    <p class='ocr_par' dir='ltr' id='par_1_20' title="bbox 1787 702 3366 778">
     <span class='ocr_line' id='line_1_20' title="bbox 1787 702 3366 778; baseline 0.008 -24"><span class='ocrx_word' id='word_1_133' title='bbox 1787 709 1844 754; x_wconf 89' lang='lat' dir='ltr'><strong>et</strong></span> <span class='ocrx_word' id='word_1_134' title='bbox 1863 716 1970 755; x_wconf 92' lang='lat' dir='ltr'><strong>non</strong></span> <span class='ocrx_word' id='word_1_135' title='bbox 1995 702 2212 759; x_wconf 85' lang='lat' dir='ltr'><strong>inventa</strong></span> <span class='ocrx_word' id='word_1_136' title='bbox 2242 703 2422 770; x_wconf 91' lang='lat' dir='ltr'><strong>fuerit,</strong></span> <span class='ocrx_word' id='word_1_137' title='bbox 2448 705 2546 760; x_wconf 81' lang='lat' dir='ltr'><strong>XX</strong></span> <span class='ocrx_word' id='word_1_138' title='bbox 2569 707 2685 762; x_wconf 87' lang='lat' dir='ltr'><strong>dies</strong></span> <span class='ocrx_word' id='word_1_139' title='bbox 2711 708 2966 777; x_wconf 89' lang='lat' dir='ltr'><strong>peniteat.</strong></span> <span class='ocrx_word' id='word_1_140' title='bbox 2992 709 3091 775; x_wconf 85' lang='lat' dir='ltr'><strong>Qui</strong></span> <span class='ocrx_word' id='word_1_141' title='bbox 3121 711 3366 778; x_wconf 82' lang='lat' dir='ltr'><strong>perdide-</strong></span> 
     </span>
    </p>
   </div>
   <div class='ocr_carea' id='block_1_21' title="bbox 1790 791 3366 867">
    <p class='ocr_par' dir='ltr' id='par_1_21' title="bbox 1790 791 3366 867">
     <span class='ocr_line' id='line_1_21' title="bbox 1790 791 3366 867; baseline 0.006 -23"><span class='ocrx_word' id='word_1_142' title='bbox 1790 791 1860 845; x_wconf 91' lang='lat' dir='ltr'><strong>rit</strong></span> <span class='ocrx_word' id='word_1_143' title='bbox 1888 805 2048 846; x_wconf 87' lang='lat' dir='ltr'><strong>suum</strong></span> <span class='ocrx_word' id='word_1_144' title='bbox 2073 793 2315 858; x_wconf 87' lang='lat' dir='ltr'><strong>Crisma,</strong></span> <span class='ocrx_word' id='word_1_145' title='bbox 2345 807 2438 849; x_wconf 91' lang='lat' dir='ltr'><strong>aut</strong></span> <span class='ocrx_word' id='word_1_146' title='bbox 2463 793 2634 850; x_wconf 91' lang='lat' dir='ltr'><strong>solum</strong></span> <span class='ocrx_word' id='word_1_147' title='bbox 2681 797 3006 851; x_wconf 90' lang='lat' dir='ltr'><strong>sacriﬁcium</strong></span> <span class='ocrx_word' id='word_1_148' title='bbox 3046 797 3096 850; x_wconf 92' lang='lat' dir='ltr'><strong>in</strong></span> <span class='ocrx_word' id='word_1_149' title='bbox 3147 799 3366 867; x_wconf 81' lang='lat' dir='ltr'><strong>regione</strong></span> 
     </span>
    </p>
   </div>
   <div class='ocr_carea' id='block_1_22' title="bbox 1787 883 3364 958">
    <p class='ocr_par' dir='ltr' id='par_1_22' title="bbox 1787 883 3364 958">
     <span class='ocr_line' id='line_1_22' title="bbox 1787 883 3364 958; baseline 0.003 -20"><span class='ocrx_word' id='word_1_150' title='bbox 1787 883 2045 953; x_wconf 85' lang='lat' dir='ltr'><strong>qualibet,</strong></span> <span class='ocrx_word' id='word_1_151' title='bbox 2075 895 2130 941; x_wconf 91' lang='lat' dir='ltr'><strong>et</strong></span> <span class='ocrx_word' id='word_1_152' title='bbox 2157 900 2263 941; x_wconf 91' lang='lat' dir='ltr'><strong>non</strong></span> <span class='ocrx_word' id='word_1_153' title='bbox 2295 885 2630 951; x_wconf 89' lang='lat' dir='ltr'><strong>inveniatur,</strong></span> <span class='ocrx_word' id='word_1_154' title='bbox 2655 886 2717 941; x_wconf 91' lang='lat' dir='ltr'><strong>Ill</strong></span> <span class='ocrx_word' id='word_1_155' title='bbox 2740 887 2996 958; x_wconf 86' lang='lat' dir='ltr'><strong>quadrag.</strong></span> <span class='ocrx_word' id='word_1_156' title='bbox 3021 888 3104 942; x_wconf 83' lang='lat' dir='ltr'><strong>vel</strong></span> <span class='ocrx_word' id='word_1_157' title='bbox 3124 905 3323 942; x_wconf 89' lang='lat' dir='ltr'><strong>annum</strong></span> <span class='ocrx_word' id='word_1_158' title='bbox 3347 888 3364 942; x_wconf 96' lang='lat' dir='ltr'><strong>I</strong></span> 
     </span>
    </p>
   </div>
   <div class='ocr_carea' id='block_1_23' title="bbox 1787 975 3364 1048">
    <p class='ocr_par' dir='ltr' id='par_1_23' title="bbox 1787 975 3364 1048">
     <span class='ocr_line' id='line_1_23' title="bbox 1787 975 3364 1048; baseline 0.003 -18"><span class='ocrx_word' id='word_1_159' title='bbox 1787 975 2047 1046; x_wconf 88' lang='lat' dir='ltr'><strong>peniteat.</strong></span> <span class='ocrx_word' id='word_1_160' title='bbox 2078 975 2414 1032; x_wconf 87' lang='lat' dir='ltr'><strong>Perfundens</strong></span> <span class='ocrx_word' id='word_1_161' title='bbox 2444 977 2648 1048; x_wconf 87' lang='lat' dir='ltr'><strong>aliquid</strong></span> <span class='ocrx_word' id='word_1_162' title='bbox 2688 979 2754 1032; x_wconf 89' lang='lat' dir='ltr'><strong>de</strong></span> <span class='ocrx_word' id='word_1_163' title='bbox 2791 979 2960 1034; x_wconf 87' lang='lat' dir='ltr'><strong>calice</strong></span> <span class='ocrx_word' id='word_1_164' title='bbox 2981 994 3142 1048; x_wconf 89' lang='lat' dir='ltr'><strong>super</strong></span> <span class='ocrx_word' id='word_1_165' title='bbox 3170 978 3364 1042; x_wconf 85' lang='lat' dir='ltr'><strong>altare,</strong></span> 
     </span>
    </p>
   </div>
   <div class='ocr_carea' id='block_1_24' title="bbox 1786 1063 3364 1139">
    <p class='ocr_par' dir='ltr' id='par_1_24' title="bbox 1786 1063 3364 1139">
     <span class='ocr_line' id='line_1_24' title="bbox 1786 1063 3364 1139; baseline 0.004 -23"><span class='ocrx_word' id='word_1_166' title='bbox 1786 1063 2001 1133; x_wconf 89' lang='lat' dir='ltr'><strong>quando</strong></span> <span class='ocrx_word' id='word_1_167' title='bbox 2027 1063 2203 1122; x_wconf 90' lang='lat' dir='ltr'><strong>aufert</strong></span> <span class='ocrx_word' id='word_1_168' title='bbox 2243 1066 2565 1131; x_wconf 88' lang='lat' dir='ltr'><strong>linteamen,</strong></span> <span class='ocrx_word' id='word_1_169' title='bbox 2596 1067 2683 1123; x_wconf 75' lang='lat' dir='ltr'><strong>VII</strong></span> <span class='ocrx_word' id='word_1_170' title='bbox 2712 1068 2824 1125; x_wconf 78' lang='lat' dir='ltr'><strong>dies</strong></span> <span class='ocrx_word' id='word_1_171' title='bbox 2860 1070 3025 1139; x_wconf 82' lang='lat' dir='ltr'><strong>ponit.</strong></span> <span class='ocrx_word' id='word_1_172' title='bbox 3063 1077 3157 1124; x_wconf 90' lang='lat' dir='ltr'><strong>ant</strong></span> <span class='ocrx_word' id='word_1_173' title='bbox 3193 1070 3236 1125; x_wconf 86' lang='lat' dir='ltr'><strong>si</strong></span> <span class='ocrx_word' id='word_1_174' title='bbox 3266 1069 3364 1124; x_wconf 85' lang='lat' dir='ltr'><strong>ha-</strong></span> 
     </span>
    </p>
   </div>
   <div class='ocr_carea' id='block_1_25' title="bbox 1785 1156 3368 1229">
    <p class='ocr_par' dir='ltr' id='par_1_25' title="bbox 1785 1156 3368 1229">
     <span class='ocr_line' id='line_1_25' title="bbox 1785 1156 3368 1229; baseline 0 -18"><span class='ocrx_word' id='word_1_175' title='bbox 1785 1156 2115 1211; x_wconf 89' lang='lat' dir='ltr'><strong>bundantius</strong></span> <span class='ocrx_word' id='word_1_176' title='bbox 2167 1158 2688 1228; x_wconf 89' lang='lat' dir='ltr'><strong>superpositionibus</strong></span> <span class='ocrx_word' id='word_1_177' title='bbox 2715 1159 2800 1215; x_wconf 90' lang='lat' dir='ltr'><strong>VII</strong></span> <span class='ocrx_word' id='word_1_178' title='bbox 2834 1160 2996 1227; x_wconf 89' lang='lat' dir='ltr'><strong>penit.</strong></span> <span class='ocrx_word' id='word_1_179' title='bbox 3030 1160 3074 1212; x_wconf 88' lang='lat' dir='ltr'><strong>si</strong></span> <span class='ocrx_word' id='word_1_180' title='bbox 3103 1175 3262 1229; x_wconf 86' lang='lat' dir='ltr'><strong>super</strong></span> <span class='ocrx_word' id='word_1_181' title='bbox 3289 1158 3368 1212; x_wconf 86' lang='lat' dir='ltr'><strong>al-</strong></span> 
     </span>
    </p>
   </div>
   <div class='ocr_carea' id='block_1_26' title="bbox 1787 1243 3367 1313">
    <p class='ocr_par' dir='ltr' id='par_1_26' title="bbox 1787 1243 3367 1313">
     <span class='ocr_line' id='line_1_26' title="bbox 1787 1243 3367 1313; baseline 0 -13"><span class='ocrx_word' id='word_1_182' title='bbox 1787 1253 1906 1301; x_wconf 84' lang='lat' dir='ltr'><strong>tare</strong></span> <span class='ocrx_word' id='word_1_183' title='bbox 1929 1243 2216 1301; x_wconf 89' lang='lat' dir='ltr'><strong>stillaverit</strong></span> <span class='ocrx_word' id='word_1_184' title='bbox 2242 1247 2405 1313; x_wconf 88' lang='lat' dir='ltr'><strong>calix,</strong></span> <span class='ocrx_word' id='word_1_185' title='bbox 2433 1247 2654 1302; x_wconf 86' lang='lat' dir='ltr'><strong>sorbeat</strong></span> <span class='ocrx_word' id='word_1_186' title='bbox 2681 1248 2929 1302; x_wconf 87' lang='lat' dir='ltr'><strong>minister</strong></span> <span class='ocrx_word' id='word_1_187' title='bbox 2957 1248 3157 1302; x_wconf 83' lang='lat' dir='ltr'><strong>stillam</strong></span> <span class='ocrx_word' id='word_1_188' title='bbox 3181 1257 3238 1300; x_wconf 89' lang='lat' dir='ltr'><strong>ct</strong></span> <span class='ocrx_word' id='word_1_189' title='bbox 3267 1256 3367 1300; x_wconf 60' lang='lat' dir='ltr'><strong>ter.</strong></span> 
     </span>
    </p>
   </div>
   <div class='ocr_carea' id='block_1_27' title="bbox 1786 1335 3370 1408">
    <p class='ocr_par' dir='ltr' id='par_1_27' title="bbox 1786 1335 3370 1408">
     <span class='ocr_line' id='line_1_27' title="bbox 1786 1335 3370 1408; baseline 0.001 -18"><span class='ocrx_word' id='word_1_190' title='bbox 1786 1337 1872 1391; x_wconf 90' lang='lat' dir='ltr'><strong>nis</strong></span> <span class='ocrx_word' id='word_1_191' title='bbox 1897 1335 2088 1394; x_wconf 88' lang='lat' dir='ltr'><strong>diebus</strong></span> <span class='ocrx_word' id='word_1_192' title='bbox 2115 1338 2375 1408; x_wconf 87' lang='lat' dir='ltr'><strong>peniteat.</strong></span> <span class='ocrx_word' id='word_1_193' title='bbox 2406 1338 2472 1392; x_wconf 86' lang='lat' dir='ltr'><strong>Et</strong></span> <span class='ocrx_word' id='word_1_194' title='bbox 2493 1338 2538 1394; x_wconf 88' lang='lat' dir='ltr'><strong>si</strong></span> <span class='ocrx_word' id='word_1_195' title='bbox 2561 1354 2658 1407; x_wconf 91' lang='lat' dir='ltr'><strong>per</strong></span> <span class='ocrx_word' id='word_1_196' title='bbox 2679 1338 2840 1394; x_wconf 89' lang='lat' dir='ltr'><strong>lintea</strong></span> <span class='ocrx_word' id='word_1_197' title='bbox 2871 1339 2935 1396; x_wconf 86' lang='lat' dir='ltr'><strong>ad</strong></span> <span class='ocrx_word' id='word_1_198' title='bbox 2963 1338 3066 1394; x_wconf 84' lang='lat' dir='ltr'><strong>alia</strong></span> <span class='ocrx_word' id='word_1_199' title='bbox 3093 1339 3370 1393; x_wconf 85' lang='lat' dir='ltr'><strong>transierit</strong></span> 
     </span>
    </p>
   </div>
   <div class='ocr_carea' id='block_1_28' title="bbox 1792 1427 3370 1499">
    <p class='ocr_par' dir='ltr' id='par_1_28' title="bbox 1792 1427 3370 1499">
     <span class='ocr_line' id='line_1_28' title="bbox 1792 1427 3370 1499; baseline 0.002 -18"><span class='ocrx_word' id='word_1_200' title='bbox 1792 1427 1876 1482; x_wconf 94' lang='lat' dir='ltr'><strong>VII</strong></span> <span class='ocrx_word' id='word_1_201' title='bbox 1905 1429 2020 1484; x_wconf 90' lang='lat' dir='ltr'><strong>dics</strong></span> <span class='ocrx_word' id='word_1_202' title='bbox 2049 1429 2320 1498; x_wconf 88' lang='lat' dir='ltr'><strong>peniteat;</strong></span> <span class='ocrx_word' id='word_1_203' title='bbox 2345 1429 2388 1484; x_wconf 89' lang='lat' dir='ltr'><strong>si</strong></span> <span class='ocrx_word' id='word_1_204' title='bbox 2415 1444 2584 1499; x_wconf 87' lang='lat' dir='ltr'><strong>usque</strong></span> <span class='ocrx_word' id='word_1_205' title='bbox 2613 1430 2772 1486; x_wconf 91' lang='lat' dir='ltr'><strong>tertio</strong></span> <span class='ocrx_word' id='word_1_206' title='bbox 2800 1429 2928 1485; x_wconf 72' lang='lat' dir='ltr'><strong>\‘llll</strong></span> <span class='ocrx_word' id='word_1_207' title='bbox 2957 1429 3094 1494; x_wconf 87' lang='lat' dir='ltr'><strong>dics,</strong></span> <span class='ocrx_word' id='word_1_208' title='bbox 3125 1431 3168 1484; x_wconf 90' lang='lat' dir='ltr'><strong>si</strong></span> <span class='ocrx_word' id='word_1_209' title='bbox 3199 1444 3370 1499; x_wconf 86' lang='lat' dir='ltr'><strong>usque</strong></span> 
     </span>
    </p>
   </div>
   <div class='ocr_carea' id='block_1_29' title="bbox 1787 1519 3371 1592">
    <p class='ocr_par' dir='ltr' id='par_1_29' title="bbox 1787 1519 3371 1592">
     <span class='ocr_line' id='line_1_29' title="bbox 1787 1519 3371 1592; baseline 0.001 -20"><span class='ocrx_word' id='word_1_210' title='bbox 1787 1528 1983 1588; x_wconf 84' lang='lat' dir='ltr'><strong>quarto</strong></span> <span class='ocrx_word' id='word_1_211' title='bbox 2014 1519 2104 1574; x_wconf 83' lang='lat' dir='ltr'>XII</span> <span class='ocrx_word' id='word_1_212' title='bbox 2133 1520 2267 1582; x_wconf 89' lang='lat' dir='ltr'><strong>dies.</strong></span> <span class='ocrx_word' id='word_1_213' title='bbox 2301 1527 2358 1576; x_wconf 90' lang='lat' dir='ltr'><strong>et</strong></span> <span class='ocrx_word' id='word_1_214' title='bbox 2384 1519 2698 1575; x_wconf 90' lang='lat' dir='ltr'><strong>linteamina</strong></span> <span class='ocrx_word' id='word_1_215' title='bbox 2728 1536 2850 1590; x_wconf 71' lang='lat' dir='ltr'><strong>qua:</strong></span> <span class='ocrx_word' id='word_1_216' title='bbox 2874 1520 3111 1592; x_wconf 80' lang='lat' dir='ltr'><strong>tetigerit</strong></span> <span class='ocrx_word' id='word_1_217' title='bbox 3137 1520 3281 1576; x_wconf 88' lang='lat' dir='ltr'><strong>stilla</strong></span> <span class='ocrx_word' id='word_1_218' title='bbox 3302 1519 3371 1576; x_wconf 92' lang='lat' dir='ltr'><strong>III</strong></span> 
     </span>
    </p>
   </div>
   <div class='ocr_carea' id='block_1_30' title="bbox 1789 1611 3372 1682">
    <p class='ocr_par' dir='ltr' id='par_1_30' title="bbox 1789 1611 3372 1682">
     <span class='ocr_line' id='line_1_30' title="bbox 1789 1611 3372 1682; baseline 0 -16"><span class='ocrx_word' id='word_1_219' title='bbox 1789 1612 2071 1682; x_wconf 88' lang='lat' dir='ltr'><strong>perabluat</strong></span> <span class='ocrx_word' id='word_1_220' title='bbox 2105 1611 2248 1667; x_wconf 85' lang='lat' dir='ltr'><strong>feces</strong></span> <span class='ocrx_word' id='word_1_221' title='bbox 2270 1611 2440 1669; x_wconf 89' lang='lat' dir='ltr'><strong>calice</strong></span> <span class='ocrx_word' id='word_1_222' title='bbox 2464 1613 2650 1668; x_wconf 88' lang='lat' dir='ltr'><strong>subter</strong></span> <span class='ocrx_word' id='word_1_223' title='bbox 2675 1614 2869 1682; x_wconf 90' lang='lat' dir='ltr'><strong>posito,</strong></span> <span class='ocrx_word' id='word_1_224' title='bbox 2895 1621 2949 1668; x_wconf 89' lang='lat' dir='ltr'><strong>et</strong></span> <span class='ocrx_word' id='word_1_225' title='bbox 2976 1628 3118 1682; x_wconf 88' lang='lat' dir='ltr'><strong>aqua</strong></span> <span class='ocrx_word' id='word_1_226' title='bbox 3142 1612 3372 1667; x_wconf 86' lang='lat' dir='ltr'><strong>ablutio-</strong></span> 
     </span>
    </p>
   </div>
   <div class='ocr_carea' id='block_1_31' title="bbox 1788 1701 3406 1774">
    <p class='ocr_par' dir='ltr' id='par_1_31' title="bbox 1788 1701 3406 1774">
     <span class='ocr_line' id='line_1_31' title="bbox 1788 1701 3406 1774; baseline -0.001 -16"><span class='ocrx_word' id='word_1_227' title='bbox 1788 1703 1872 1759; x_wconf 92' lang='lat' dir='ltr'><strong>nis</strong></span> <span class='ocrx_word' id='word_1_228' title='bbox 1899 1713 2176 1768; x_wconf 88' lang='lat' dir='ltr'><strong>sumatur;</strong></span> <span class='ocrx_word' id='word_1_229' title='bbox 2207 1703 2256 1758; x_wconf 88' lang='lat' dir='ltr'><strong>si</strong></span> <span class='ocrx_word' id='word_1_230' title='bbox 2284 1719 2412 1759; x_wconf 85' lang='lat' dir='ltr'><strong>vero</strong></span> <span class='ocrx_word' id='word_1_231' title='bbox 2441 1718 2540 1772; x_wconf 87' lang='lat' dir='ltr'><strong>per</strong></span> <span class='ocrx_word' id='word_1_232' title='bbox 2577 1703 2959 1774; x_wconf 78' lang='lat' dir='ltr'><strong>negligentiam</strong></span> <span class='ocrx_word' id='word_1_233' title='bbox 2987 1705 3052 1759; x_wconf 91' lang='lat' dir='ltr'><strong>de</strong></span> <span class='ocrx_word' id='word_1_234' title='bbox 3081 1703 3248 1758; x_wconf 80' lang='lat' dir='ltr'><strong>calice</strong></span> <span class='ocrx_word' id='word_1_235' title='bbox 3277 1701 3369 1756; x_wconf 83' lang='lat' dir='ltr'><strong>ali-</strong></span> <span class='ocrx_word' id='word_1_236' title='bbox 3403 1732 3406 1736; x_wconf 92' lang='lat'><strong>-</strong></span> 
     </span>
    </p>
   </div>
   <div class='ocr_carea' id='block_1_32' title="bbox 1785 1795 3369 1866">
    <p class='ocr_par' dir='ltr' id='par_1_32' title="bbox 1785 1795 3369 1866">
     <span class='ocr_line' id='line_1_32' title="bbox 1785 1795 3369 1866; baseline 0.001 -16"><span class='ocrx_word' id='word_1_237' title='bbox 1785 1795 1914 1866; x_wconf 88' lang='lat' dir='ltr'><strong>quid</strong></span> <span class='ocrx_word' id='word_1_238' title='bbox 1940 1795 2225 1851; x_wconf 84' lang='lat' dir='ltr'><strong>stillaverit</strong></span> <span class='ocrx_word' id='word_1_239' title='bbox 2251 1795 2304 1850; x_wconf 91' lang='lat' dir='ltr'><strong>in</strong></span> <span class='ocrx_word' id='word_1_240' title='bbox 2337 1805 2503 1861; x_wconf 90' lang='lat' dir='ltr'><strong>terra,</strong></span> <span class='ocrx_word' id='word_1_241' title='bbox 2529 1796 2709 1866; x_wconf 83' lang='lat' dir='ltr'><strong>lingua</strong></span> <span class='ocrx_word' id='word_1_242' title='bbox 2737 1795 2973 1862; x_wconf 86' lang='lat' dir='ltr'><strong>bibatur,</strong></span> <span class='ocrx_word' id='word_1_243' title='bbox 3001 1797 3180 1852; x_wconf 87' lang='lat' dir='ltr'><strong>tabula</strong></span> <span class='ocrx_word' id='word_1_244' title='bbox 3207 1796 3369 1851; x_wconf 82' lang='lat' dir='ltr'><strong>rada-</strong></span> 
     </span>
    </p>
   </div>
   <div class='ocr_carea' id='block_1_33' title="bbox 89 1876 3378 1954">
    <p class='ocr_par' dir='ltr' id='par_1_33' title="bbox 89 1876 3378 1954">
     <span class='ocr_line' id='line_1_33' title="bbox 89 1876 3378 1954; baseline 0.002 -22"><span class='ocrx_word' id='word_1_245' title='bbox 89 1878 354 1936; x_wconf 85' lang='lat' dir='ltr'><strong>defuncto</strong></span> <span class='ocrx_word' id='word_1_246' title='bbox 372 1883 634 1936; x_wconf 82' lang='lat' dir='ltr'><strong>monacho</strong></span> <span class='ocrx_word' id='word_1_247' title='bbox 660 1881 825 1937; x_wconf 89' lang='lat' dir='ltr'><strong>missa</strong></span> <span class='ocrx_word' id='word_1_248' title='bbox 873 1889 1104 1953; x_wconf 79' lang='lat' dir='ltr'><strong>agantur</strong></span> <span class='ocrx_word' id='word_1_249' title='bbox 1127 1881 1215 1937; x_wconf 89' lang='lat' dir='ltr'><strong>die</strong></span> <span class='ocrx_word' id='word_1_250' title='bbox 1239 1879 1515 1950; x_wconf 76' lang='lat' dir='ltr'><strong>sepultura</strong></span> <span class='ocrx_word' id='word_1_251' title='bbox 1543 1876 1680 1946; x_wconf 87' lang='lat' dir='ltr'><strong>ejus,</strong></span> <span class='ocrx_word' id='word_1_252' title='bbox 1715 1885 1759 1944; x_wconf 82' lang='grc' dir='ltr'><strong><em>Β</em></strong></span> <span class='ocrx_word' id='word_1_253' title='bbox 1789 1897 1897 1951; x_wconf 87' lang='lat' dir='ltr'><strong>tur,</strong></span> <span class='ocrx_word' id='word_1_254' title='bbox 1930 1887 1976 1941; x_wconf 90' lang='lat' dir='ltr'><strong>si</strong></span> <span class='ocrx_word' id='word_1_255' title='bbox 1999 1901 2108 1946; x_wconf 84' lang='lat' dir='ltr'><strong>non</strong></span> <span class='ocrx_word' id='word_1_256' title='bbox 2136 1885 2297 1942; x_wconf 85' lang='lat' dir='ltr'><strong>fuerit</strong></span> <span class='ocrx_word' id='word_1_257' title='bbox 2328 1887 2528 1952; x_wconf 88' lang='lat' dir='ltr'><strong>tabula,</strong></span> <span class='ocrx_word' id='word_1_258' title='bbox 2557 1889 2756 1954; x_wconf 83' lang='lat' dir='ltr'><strong>mittat,</strong></span> <span class='ocrx_word' id='word_1_259' title='bbox 2787 1898 2845 1942; x_wconf 88' lang='lat' dir='ltr'><strong>ut</strong></span> <span class='ocrx_word' id='word_1_260' title='bbox 2867 1903 2973 1942; x_wconf 91' lang='lat' dir='ltr'><strong>non</strong></span> <span class='ocrx_word' id='word_1_261' title='bbox 3000 1888 3378 1952; x_wconf 74' lang='lat' dir='ltr'><strong>conculcetur,</strong></span> 
     </span>
    </p>
   </div>
   <div class='ocr_carea' id='block_1_34' title="bbox 92 1968 1686 2041">
    <p class='ocr_par' dir='ltr' id='par_1_34' title="bbox 92 1968 1686 2041">
     <span class='ocr_line' id='line_1_34' title="bbox 92 1968 1686 2041; baseline -0.001 -19"><span class='ocrx_word' id='word_1_262' title='bbox 92 1978 156 2022; x_wconf 83' lang='lat' dir='ltr'><strong>et</strong></span> <span class='ocrx_word' id='word_1_263' title='bbox 198 1970 361 2024; x_wconf 85' lang='lat' dir='ltr'><strong>tertia</strong></span> <span class='ocrx_word' id='word_1_264' title='bbox 407 1970 511 2024; x_wconf 78' lang='lat' dir='ltr'><strong>dia:</strong></span> <span class='ocrx_word' id='word_1_265' title='bbox 556 1979 613 2025; x_wconf 90' lang='lat' dir='ltr'><strong>et</strong></span> <span class='ocrx_word' id='word_1_266' title='bbox 665 1980 854 2041; x_wconf 84' lang='lat' dir='ltr'><strong>postea</strong></span> <span class='ocrx_word' id='word_1_267' title='bbox 895 1979 1156 2041; x_wconf 89' lang='lat' dir='ltr'><strong>quantum</strong></span> <span class='ocrx_word' id='word_1_268' title='bbox 1208 1968 1440 2025; x_wconf 86' lang='lat' dir='ltr'><strong>voluerit</strong></span> <span class='ocrx_word' id='word_1_269' title='bbox 1482 1968 1686 2024; x_wconf 77' lang='lat' dir='ltr'><strong>Abbas.</strong></span> 
     </span>
    </p>
   </div>
   <div class='ocr_carea' id='block_1_35' title="bbox 95 2063 1699 2138">
    <p class='ocr_par' dir='ltr' id='par_1_35' title="bbox 95 2063 1699 2138">
     <span class='ocr_line' id='line_1_35' title="bbox 95 2063 1699 2138; baseline -0.001 -20"><span class='ocrx_word' id='word_1_270' title='bbox 95 2065 206 2120; x_wconf 82' lang='lat' dir='ltr'><strong>Pro</strong></span> <span class='ocrx_word' id='word_1_271' title='bbox 229 2065 368 2121; x_wconf 88' lang='lat' dir='ltr'><strong>laico</strong></span> <span class='ocrx_word' id='word_1_272' title='bbox 395 2067 539 2123; x_wconf 89' lang='lat' dir='ltr'><strong>bono</strong></span> <span class='ocrx_word' id='word_1_273' title='bbox 590 2068 758 2124; x_wconf 90' lang='lat' dir='ltr'><strong>tercio</strong></span> <span class='ocrx_word' id='word_1_274' title='bbox 805 2069 892 2124; x_wconf 91' lang='lat' dir='ltr'><strong>die</strong></span> <span class='ocrx_word' id='word_1_275' title='bbox 939 2067 1024 2124; x_wconf 90' lang='lat' dir='ltr'><strong>vel</strong></span> <span class='ocrx_word' id='word_1_276' title='bbox 1071 2068 1302 2138; x_wconf 87' lang='lat' dir='ltr'><strong>septimo</strong></span> <span class='ocrx_word' id='word_1_277' title='bbox 1335 2073 1514 2137; x_wconf 87' lang='lat' dir='ltr'><strong>potest</strong></span> <span class='ocrx_word' id='word_1_278' title='bbox 1551 2063 1699 2132; x_wconf 78' lang='lat' dir='ltr'><strong>jeju-</strong></span> 
     </span>
    </p>
   </div>
   <div class='ocr_carea' id='block_1_36' title="bbox 91 2153 1689 2229">
    <p class='ocr_par' dir='ltr' id='par_1_36' title="bbox 91 2153 1689 2229">
     <span class='ocr_line' id='line_1_36' title="bbox 91 2153 1689 2229; baseline -0.003 -17"><span class='ocrx_word' id='word_1_279' title='bbox 91 2160 246 2213; x_wconf 83' lang='lat' dir='ltr'><strong>nium</strong></span> <span class='ocrx_word' id='word_1_280' title='bbox 274 2173 372 2229; x_wconf 90' lang='lat' dir='ltr'><strong>pro</strong></span> <span class='ocrx_word' id='word_1_281' title='bbox 403 2158 702 2228; x_wconf 87' lang='lat' dir='ltr'><strong>penitentia</strong></span> <span class='ocrx_word' id='word_1_282' title='bbox 748 2158 917 2213; x_wconf 72' lang='lat' dir='ltr'><strong>XXX.</strong></span> <span class='ocrx_word' id='word_1_283' title='bbox 964 2159 1081 2214; x_wconf 89' lang='lat' dir='ltr'><strong>dies</strong></span> <span class='ocrx_word' id='word_1_284' title='bbox 1111 2158 1194 2213; x_wconf 87' lang='lat' dir='ltr'><strong>vel</strong></span> <span class='ocrx_word' id='word_1_285' title='bbox 1228 2157 1336 2214; x_wconf 93' lang='lat' dir='ltr'><strong>Vll.</strong></span> <span class='ocrx_word' id='word_1_286' title='bbox 1368 2165 1423 2211; x_wconf 89' lang='lat' dir='ltr'><strong>et</strong></span> <span class='ocrx_word' id='word_1_287' title='bbox 1467 2153 1689 2226; x_wconf 87' lang='lat' dir='ltr'><strong>propin-</strong></span> 
     </span>
    </p>
   </div>
   <div class='ocr_carea' id='block_1_37' title="bbox 88 2245 1691 2319">
    <p class='ocr_par' dir='ltr' id='par_1_37' title="bbox 88 2245 1691 2319">
     <span class='ocr_line' id='line_1_37' title="bbox 88 2245 1691 2319; baseline 0.001 -17"><span class='ocrx_word' id='word_1_288' title='bbox 88 2249 218 2318; x_wconf 78' lang='lat' dir='ltr'><strong>quis</strong></span> <span class='ocrx_word' id='word_1_289' title='bbox 237 2246 356 2316; x_wconf 82' lang='lat' dir='ltr'><strong>ejus</strong></span> <span class='ocrx_word' id='word_1_290' title='bbox 383 2257 601 2318; x_wconf 86' lang='lat' dir='ltr'><strong>oportet</strong></span> <span class='ocrx_word' id='word_1_291' title='bbox 621 2248 873 2319; x_wconf 88' lang='lat' dir='ltr'><strong>jejunare</strong></span> <span class='ocrx_word' id='word_1_292' title='bbox 922 2249 1105 2304; x_wconf 83' lang='lat' dir='ltr'><strong>Vllmo</strong></span> <span class='ocrx_word' id='word_1_293' title='bbox 1132 2249 1222 2304; x_wconf 91' lang='lat' dir='ltr'><strong>die</strong></span> <span class='ocrx_word' id='word_1_294' title='bbox 1271 2247 1420 2318; x_wconf 63' lang='grc'><strong>(124)</strong></span> <span class='ocrx_word' id='word_1_295' title='bbox 1453 2255 1508 2304; x_wconf 90' lang='lat' dir='ltr'><strong>et</strong></span> <span class='ocrx_word' id='word_1_296' title='bbox 1547 2245 1691 2303; x_wconf 82' lang='lat' dir='ltr'><strong>obla-</strong></span> 
     </span>
    </p>
   </div>
   <div class='ocr_carea' id='block_1_38' title="bbox 91 2339 1688 2408">
    <p class='ocr_par' dir='ltr' id='par_1_38' title="bbox 91 2339 1688 2408">
     <span class='ocr_line' id='line_1_38' title="bbox 91 2339 1688 2408; baseline -0.001 -11"><span class='ocrx_word' id='word_1_297' title='bbox 91 2345 298 2398; x_wconf 87' lang='lat' dir='ltr'><strong>tionem</strong></span> <span class='ocrx_word' id='word_1_298' title='bbox 337 2340 536 2397; x_wconf 83' lang='lat' dir='ltr'><strong>ofl&#39;erre</strong></span> <span class='ocrx_word' id='word_1_299' title='bbox 558 2341 625 2397; x_wconf 90' lang='lat' dir='ltr'><strong>ad</strong></span> <span class='ocrx_word' id='word_1_300' title='bbox 648 2341 842 2408; x_wconf 85' lang='lat' dir='ltr'><strong>altare,</strong></span> <span class='ocrx_word' id='word_1_301' title='bbox 890 2341 1031 2396; x_wconf 87' lang='lat' dir='ltr'><strong>sicut</strong></span> <span class='ocrx_word' id='word_1_302' title='bbox 1079 2341 1132 2396; x_wconf 92' lang='lat' dir='ltr'><strong>in</strong></span> <span class='ocrx_word' id='word_1_303' title='bbox 1167 2341 1324 2396; x_wconf 88' lang='lat' dir='ltr'><strong>lhcsu</strong></span> <span class='ocrx_word' id='word_1_304' title='bbox 1350 2340 1460 2395; x_wconf 92' lang='lat' dir='ltr'><strong>ﬁlio</strong></span> <span class='ocrx_word' id='word_1_305' title='bbox 1495 2339 1688 2395; x_wconf 89' lang='lat' dir='ltr'><strong>Sirach</strong></span> 
     </span>
    </p>
   </div>
   <div class='ocr_carea' id='block_1_39' title="bbox 92 2432 1687 2507">
    <p class='ocr_par' dir='ltr' id='par_1_39' title="bbox 92 2432 1687 2507">
     <span class='ocr_line' id='line_1_39' title="bbox 92 2432 1687 2507; baseline -0.002 -19"><span class='ocrx_word' id='word_1_306' title='bbox 92 2436 316 2507; x_wconf 77' lang='lat' dir='ltr'><strong>legitur,</strong></span> <span class='ocrx_word' id='word_1_307' title='bbox 349 2444 406 2490; x_wconf 90' lang='lat' dir='ltr'><strong>et</strong></span> <span class='ocrx_word' id='word_1_308' title='bbox 433 2449 532 2506; x_wconf 91' lang='lat' dir='ltr'><strong>pro</strong></span> <span class='ocrx_word' id='word_1_309' title='bbox 554 2432 683 2489; x_wconf 89' lang='lat' dir='ltr'><strong>Saul</strong></span> <span class='ocrx_word' id='word_1_310' title='bbox 727 2433 821 2488; x_wconf 92' lang='lat' dir='ltr'><strong>ﬁlii</strong></span> <span class='ocrx_word' id='word_1_311' title='bbox 872 2433 1036 2490; x_wconf 89' lang='lat' dir='ltr'><strong>Israel</strong></span> <span class='ocrx_word' id='word_1_312' title='bbox 1065 2432 1472 2504; x_wconf 86' lang='lat' dir='ltr'><strong>jejunaverunt,</strong></span> <span class='ocrx_word' id='word_1_313' title='bbox 1500 2441 1687 2503; x_wconf 84' lang='lat' dir='ltr'><strong>postea</strong></span> 
     </span>
    </p>
   </div>
   <div class='ocr_carea' id='block_1_40' title="bbox 88 2525 1693 2598">
    <p class='ocr_par' dir='ltr' id='par_1_40' title="bbox 88 2525 1693 2598">
     <span class='ocr_line' id='line_1_40' title="bbox 88 2525 1693 2598; baseline -0.001 -16"><span class='ocrx_word' id='word_1_314' title='bbox 88 2543 359 2598; x_wconf 88' lang='lat' dir='ltr'><strong>quantum</strong></span> <span class='ocrx_word' id='word_1_315' title='bbox 394 2527 958 2598; x_wconf 85' lang='lat' dir='ltr'><strong>volueritprcsbiter;</strong></span> <span class='ocrx_word' id='word_1_316' title='bbox 991 2525 1151 2582; x_wconf 78' lang='lat' dir='ltr'><strong>Missa</strong></span> <span class='ocrx_word' id='word_1_317' title='bbox 1189 2526 1517 2582; x_wconf 80' lang='lat' dir='ltr'><strong>secularium</strong></span> <span class='ocrx_word' id='word_1_318' title='bbox 1551 2539 1693 2580; x_wconf 85' lang='lat' dir='ltr'><strong>mor-</strong></span> 
     </span>
    </p>
   </div>
   <div class='ocr_carea' id='block_1_41' title="bbox 94 2615 1689 2684">
    <p class='ocr_par' dir='ltr' id='par_1_41' title="bbox 94 2615 1689 2684">
     <span class='ocr_line' id='line_1_41' title="bbox 94 2615 1689 2684; baseline -0.001 -13"><span class='ocrx_word' id='word_1_319' title='bbox 94 2630 315 2673; x_wconf 90' lang='lat' dir='ltr'><strong>tuorum</strong></span> <span class='ocrx_word' id='word_1_320' title='bbox 344 2617 432 2672; x_wconf 93' lang='lat' dir='ltr'>III.</span> <span class='ocrx_word' id='word_1_321' title='bbox 465 2618 518 2672; x_wconf 93' lang='lat' dir='ltr'><strong>in</strong></span> <span class='ocrx_word' id='word_1_322' title='bbox 549 2632 712 2684; x_wconf 89' lang='lat' dir='ltr'><strong>anno,</strong></span> <span class='ocrx_word' id='word_1_323' title='bbox 766 2615 936 2672; x_wconf 90' lang='lat' dir='ltr'><strong>tercio</strong></span> <span class='ocrx_word' id='word_1_324' title='bbox 970 2615 1060 2670; x_wconf 88' lang='lat' dir='ltr'><strong>die</strong></span> <span class='ocrx_word' id='word_1_325' title='bbox 1103 2624 1160 2672; x_wconf 91' lang='lat' dir='ltr'><strong>et</strong></span> <span class='ocrx_word' id='word_1_326' title='bbox 1186 2631 1331 2671; x_wconf 92' lang='lat' dir='ltr'><strong>nono</strong></span> <span class='ocrx_word' id='word_1_327' title='bbox 1353 2616 1464 2682; x_wconf 91' lang='lat' dir='ltr'><strong>die,</strong></span> <span class='ocrx_word' id='word_1_328' title='bbox 1510 2624 1567 2670; x_wconf 93' lang='lat' dir='ltr'><strong>et</strong></span> <span class='ocrx_word' id='word_1_329' title='bbox 1596 2616 1689 2670; x_wconf 88' lang='lat' dir='ltr'><strong>tri-</strong></span> 
     </span>
    </p>
   </div>
   <div class='ocr_carea' id='block_1_42' title="bbox 87 2706 1691 2780">
    <p class='ocr_par' dir='ltr' id='par_1_42' title="bbox 87 2706 1691 2780">
     <span class='ocr_line' id='line_1_42' title="bbox 87 2706 1691 2780; baseline -0.001 -18"><span class='ocrx_word' id='word_1_330' title='bbox 87 2710 304 2780; x_wconf 80' lang='lat' dir='ltr'><strong>gesimo</strong></span> <span class='ocrx_word' id='word_1_331' title='bbox 335 2708 459 2774; x_wconf 70' lang='lat' dir='ltr'><strong>dire,</strong></span> <span class='ocrx_word' id='word_1_332' title='bbox 513 2708 639 2779; x_wconf 87' lang='lat' dir='ltr'><strong>quia</strong></span> <span class='ocrx_word' id='word_1_333' title='bbox 677 2707 837 2762; x_wconf 89' lang='lat' dir='ltr'><strong>tertia</strong></span> <span class='ocrx_word' id='word_1_334' title='bbox 884 2707 990 2764; x_wconf 72' lang='lat' dir='ltr'><strong>dia:</strong></span> <span class='ocrx_word' id='word_1_335' title='bbox 1019 2708 1258 2762; x_wconf 81' lang='lat' dir='ltr'><strong>surrexit</strong></span> <span class='ocrx_word' id='word_1_336' title='bbox 1309 2706 1588 2770; x_wconf 89' lang='lat' dir='ltr'><strong>Dominus,</strong></span> <span class='ocrx_word' id='word_1_337' title='bbox 1633 2715 1691 2762; x_wconf 91' lang='lat' dir='ltr'><strong>et</strong></span> 
     </span>
    </p>
   </div>
   <div class='ocr_carea' id='block_1_43' title="bbox 91 2795 1685 2869">
    <p class='ocr_par' dir='ltr' id='par_1_43' title="bbox 91 2795 1685 2869">
     <span class='ocr_line' id='line_1_43' title="bbox 91 2795 1685 2869; baseline -0.001 -16"><span class='ocrx_word' id='word_1_338' title='bbox 91 2803 229 2854; x_wconf 87' lang='lat' dir='ltr'><strong>hora</strong></span> <span class='ocrx_word' id='word_1_339' title='bbox 266 2813 411 2853; x_wconf 84' lang='lat' dir='ltr'><strong>nona</strong></span> <span class='ocrx_word' id='word_1_340' title='bbox 455 2798 638 2853; x_wconf 90' lang='lat' dir='ltr'><strong>emisit</strong></span> <span class='ocrx_word' id='word_1_341' title='bbox 665 2798 940 2869; x_wconf 91' lang='lat' dir='ltr'><strong>spiritum,</strong></span> <span class='ocrx_word' id='word_1_342' title='bbox 971 2805 1028 2853; x_wconf 92' lang='lat' dir='ltr'><strong>et</strong></span> <span class='ocrx_word' id='word_1_343' title='bbox 1055 2795 1295 2852; x_wconf 74' lang='lat' dir='ltr'><strong>XXXmo</strong></span> <span class='ocrx_word' id='word_1_344' title='bbox 1322 2797 1424 2853; x_wconf 82' lang='lat' dir='ltr'><strong>diae</strong></span> <span class='ocrx_word' id='word_1_345' title='bbox 1466 2795 1685 2868; x_wconf 77' lang='lat' dir='ltr'><strong>Moysen</strong></span> 
     </span>
    </p>
   </div>
   <div class='ocr_carea' id='block_1_44' title="bbox 89 2887 1685 2961">
    <p class='ocr_par' dir='ltr' id='par_1_44' title="bbox 89 2887 1685 2961">
     <span class='ocr_line' id='line_1_44' title="bbox 89 2887 1685 2961; baseline 0.002 -18"><span class='ocrx_word' id='word_1_346' title='bbox 89 2891 428 2961; x_wconf 77' lang='lat' dir='ltr'><strong>planxerunt</strong></span> <span class='ocrx_word' id='word_1_347' title='bbox 451 2889 543 2944; x_wconf 90' lang='lat' dir='ltr'><strong>ﬁlii</strong></span> <span class='ocrx_word' id='word_1_348' title='bbox 580 2887 746 2945; x_wconf 85' lang='lat' dir='ltr'><strong>Israel</strong></span> <span class='ocrx_word' id='word_1_349' title='bbox 779 2907 793 2944; x_wconf 88' lang='lat'><strong>:</strong></span> <span class='ocrx_word' id='word_1_350' title='bbox 827 2888 1078 2944; x_wconf 80' lang='lat' dir='ltr'><strong>Mulieres</strong></span> <span class='ocrx_word' id='word_1_351' title='bbox 1119 2898 1345 2960; x_wconf 86' lang='lat' dir='ltr'><strong>possunt</strong></span> <span class='ocrx_word' id='word_1_352' title='bbox 1372 2889 1472 2944; x_wconf 89' lang='lat' dir='ltr'><strong>sub</strong></span> <span class='ocrx_word' id='word_1_353' title='bbox 1528 2890 1685 2960; x_wconf 84' lang='lat' dir='ltr'><strong>nigro</strong></span> 
     </span>
    </p>
   </div>
   <div class='ocr_carea' id='block_1_45' title="bbox 93 2980 1685 3052">
    <p class='ocr_par' dir='ltr' id='par_1_45' title="bbox 93 2980 1685 3052">
     <span class='ocr_line' id='line_1_45' title="bbox 93 2980 1685 3052; baseline 0.005 -20"><span class='ocrx_word' id='word_1_354' title='bbox 93 2981 367 3035; x_wconf 80' lang='lat' dir='ltr'><strong>velamine</strong></span> <span class='ocrx_word' id='word_1_355' title='bbox 392 2981 641 3052; x_wconf 88' lang='lat' dir='ltr'><strong>accipere</strong></span> <span class='ocrx_word' id='word_1_356' title='bbox 668 2980 997 3038; x_wconf 82' lang='lat' dir='ltr'><strong>sacrificium</strong></span> <span class='ocrx_word' id='word_1_357' title='bbox 1025 2997 1041 3050; x_wconf 92' lang='lat'><strong>;</strong></span> <span class='ocrx_word' id='word_1_358' title='bbox 1071 2991 1292 3038; x_wconf 89' lang='lat' dir='ltr'><strong>sanctus</strong></span> <span class='ocrx_word' id='word_1_359' title='bbox 1319 2983 1548 3039; x_wconf 77' lang='lat' dir='ltr'><strong>Basilius</strong></span> <span class='ocrx_word' id='word_1_360' title='bbox 1580 2984 1685 3040; x_wconf 78' lang='lat' dir='ltr'><strong>hec</strong></span> 
     </span>
    </p>
   </div>
   <div class='ocr_carea' id='block_1_46' title="bbox 83 3072 352 3140">
    <p class='ocr_par' dir='ltr' id='par_1_46' title="bbox 83 3072 352 3140">
     <span class='ocr_line' id='line_1_46' title="bbox 83 3072 352 3140; baseline 0.007 -16"><span class='ocrx_word' id='word_1_361' title='bbox 83 3072 352 3140; x_wconf 83' lang='lat' dir='ltr'><strong>judicavit</strong></span> 
     </span>
    </p>
   </div>
   <div class='ocr_carea' id='block_1_47' title="bbox 587 3166 1186 3235">
    <p class='ocr_par' dir='ltr' id='par_1_47' title="bbox 587 3166 1186 3235">
     <span class='ocr_line' id='line_1_47' title="bbox 587 3166 1186 3235; baseline 0 -15"><span class='ocrx_word' id='word_1_362' title='bbox 587 3166 666 3220; x_wconf 80' lang='lat' dir='ltr'><strong>De</strong></span> <span class='ocrx_word' id='word_1_363' title='bbox 693 3177 874 3222; x_wconf 81' lang='lat' dir='ltr'><strong>sancto</strong></span> <span class='ocrx_word' id='word_1_364' title='bbox 900 3166 1186 3235; x_wconf 76' lang='lat' dir='ltr'><strong>sacriﬁcio.</strong></span> 
     </span>
    </p>
   </div>
   <div class='ocr_carea' id='block_1_48' title="bbox 1792 1978 3374 2050">
    <p class='ocr_par' dir='ltr' id='par_1_48' title="bbox 1792 1978 3374 2050">
     <span class='ocr_line' id='line_1_48' title="bbox 1792 1978 3374 2050; baseline 0 -18"><span class='ocrx_word' id='word_1_365' title='bbox 1792 1978 1900 2050; x_wconf 89' lang='lat' dir='ltr'><strong>igni</strong></span> <span class='ocrx_word' id='word_1_366' title='bbox 1929 1988 2176 2035; x_wconf 87' lang='lat' dir='ltr'><strong>sumatur</strong></span> <span class='ocrx_word' id='word_1_367' title='bbox 2205 1979 2354 2048; x_wconf 73' lang='grc'><strong>(125)</strong></span> <span class='ocrx_word' id='word_1_368' title='bbox 2381 1988 2437 2032; x_wconf 92' lang='lat' dir='ltr'><strong>ut</strong></span> <span class='ocrx_word' id='word_1_369' title='bbox 2463 1995 2625 2050; x_wconf 86' lang='lat' dir='ltr'><strong>supra</strong></span> <span class='ocrx_word' id='word_1_370' title='bbox 2656 1979 2911 2035; x_wconf 88' lang='lat' dir='ltr'><strong>sacerdos</strong></span> <span class='ocrx_word' id='word_1_371' title='bbox 2933 1979 2974 2033; x_wconf 77' lang='lat' dir='ltr'><strong>I.</strong></span> <span class='ocrx_word' id='word_1_372' title='bbox 2995 1980 3111 2035; x_wconf 88' lang='lat' dir='ltr'><strong>dies</strong></span> <span class='ocrx_word' id='word_1_373' title='bbox 3137 1979 3300 2048; x_wconf 87' lang='lat' dir='ltr'><strong>penit.</strong></span> <span class='ocrx_word' id='word_1_374' title='bbox 3325 1978 3374 2032; x_wconf 88' lang='lat' dir='ltr'><strong>si</strong></span> 
     </span>
    </p>
   </div>
   <div class='ocr_carea' id='block_1_49' title="bbox 1791 2067 3374 2141">
    <p class='ocr_par' dir='ltr' id='par_1_49' title="bbox 1791 2067 3374 2141">
     <span class='ocr_line' id='line_1_49' title="bbox 1791 2067 3374 2141; baseline -0.001 -17"><span class='ocrx_word' id='word_1_375' title='bbox 1791 2070 2007 2141; x_wconf 85' lang='lat' dir='ltr'><strong>quando</strong></span> <span class='ocrx_word' id='word_1_376' title='bbox 2032 2069 2356 2125; x_wconf 86' lang='lat' dir='ltr'><strong>interluetur</strong></span> <span class='ocrx_word' id='word_1_377' title='bbox 2385 2070 2526 2125; x_wconf 89' lang='lat' dir='ltr'><strong>calix</strong></span> <span class='ocrx_word' id='word_1_378' title='bbox 2563 2070 2878 2138; x_wconf 88' lang='lat' dir='ltr'><strong>stillaverit;</strong></span> <span class='ocrx_word' id='word_1_379' title='bbox 2926 2071 3099 2140; x_wconf 88' lang='lat' dir='ltr'><strong>prima</strong></span> <span class='ocrx_word' id='word_1_380' title='bbox 3129 2069 3246 2124; x_wconf 91' lang='lat' dir='ltr'><strong>vice</strong></span> <span class='ocrx_word' id='word_1_381' title='bbox 3279 2067 3374 2123; x_wconf 74' lang='lat' dir='ltr'>XII</span> 
     </span>
    </p>
   </div>
   <div class='ocr_carea' id='block_1_50' title="bbox 1791 2159 3370 2232">
    <p class='ocr_par' dir='ltr' id='par_1_50' title="bbox 1791 2159 3370 2232">
     <span class='ocr_line' id='line_1_50' title="bbox 1791 2159 3370 2232; baseline -0.003 -15"><span class='ocrx_word' id='word_1_382' title='bbox 1791 2160 2025 2231; x_wconf 88' lang='lat' dir='ltr'><strong>psalmos</strong></span> <span class='ocrx_word' id='word_1_383' title='bbox 2053 2169 2258 2216; x_wconf 87' lang='lat' dir='ltr'><strong>cantet.</strong></span> <span class='ocrx_word' id='word_1_384' title='bbox 2303 2161 2405 2228; x_wconf 88' lang='lat' dir='ltr'><strong>Qui</strong></span> <span class='ocrx_word' id='word_1_385' title='bbox 2456 2161 2509 2216; x_wconf 90' lang='lat' dir='ltr'><strong>in</strong></span> <span class='ocrx_word' id='word_1_386' title='bbox 2555 2161 2752 2217; x_wconf 88' lang='lat' dir='ltr'><strong>flumen</strong></span> <span class='ocrx_word' id='word_1_387' title='bbox 2785 2161 2997 2232; x_wconf 84' lang='lat' dir='ltr'><strong>mergit,</strong></span> <span class='ocrx_word' id='word_1_388' title='bbox 3047 2159 3370 2216; x_wconf 84' lang='lat' dir='ltr'><strong>sacriﬁcium</strong></span> 
     </span>
    </p>
   </div>
   <div class='ocr_carea' id='block_1_51' title="bbox 1758 2250 3374 2323">
    <p class='ocr_par' dir='ltr' id='par_1_51' title="bbox 1758 2250 3374 2323">
     <span class='ocr_line' id='line_1_51' title="bbox 1758 2250 3374 2323; baseline -0.004 -15"><span class='ocrx_word' id='word_1_389' title='bbox 1758 2253 2048 2309; x_wconf 79' lang='lat' dir='ltr'><strong>‘continuo</strong></span> <span class='ocrx_word' id='word_1_390' title='bbox 2073 2254 2225 2309; x_wconf 89' lang='lat' dir='ltr'><strong>bibat</strong></span> <span class='ocrx_word' id='word_1_391' title='bbox 2246 2267 2442 2323; x_wconf 88' lang='lat' dir='ltr'><strong>aquam</strong></span> <span class='ocrx_word' id='word_1_392' title='bbox 2470 2264 2589 2322; x_wconf 81' lang='lat' dir='ltr'><strong>quae</strong></span> <span class='ocrx_word' id='word_1_393' title='bbox 2615 2254 2668 2308; x_wconf 92' lang='lat' dir='ltr'><strong>in</strong></span> <span class='ocrx_word' id='word_1_394' title='bbox 2695 2252 2904 2308; x_wconf 90' lang='lat' dir='ltr'><strong>Crisma</strong></span> <span class='ocrx_word' id='word_1_395' title='bbox 2933 2251 3096 2308; x_wconf 90' lang='lat' dir='ltr'><strong>fuerit</strong></span> <span class='ocrx_word' id='word_1_396' title='bbox 3120 2293 3134 2318; x_wconf 94' lang='lat'><strong>,</strong></span> <span class='ocrx_word' id='word_1_397' title='bbox 3168 2250 3374 2306; x_wconf 88' lang='lat' dir='ltr'><strong>sacriﬁ-</strong></span> 
     </span>
    </p>
   </div>
   <div class='ocr_carea' id='block_1_52' title="bbox 1791 2341 3375 2421">
    <p class='ocr_par' dir='ltr' id='par_1_52' title="bbox 1791 2341 3375 2421">
     <span class='ocr_line' id='line_1_52' title="bbox 1791 2341 3375 2421; baseline -0.004 -21"><span class='ocrx_word' id='word_1_398' title='bbox 1791 2344 1934 2400; x_wconf 90' lang='lat' dir='ltr'><strong>cium</strong></span> <span class='ocrx_word' id='word_1_399' title='bbox 1978 2353 2158 2400; x_wconf 86' lang='lat' dir='ltr'><strong>sumat</strong></span> <span class='ocrx_word' id='word_1_400' title='bbox 2199 2353 2254 2400; x_wconf 92' lang='lat' dir='ltr'><strong>et</strong></span> <span class='ocrx_word' id='word_1_401' title='bbox 2311 2344 2565 2399; x_wconf 80' lang='lat' dir='ltr'><strong>emendet</strong></span> <span class='ocrx_word' id='word_1_402' title='bbox 2621 2360 2719 2414; x_wconf 87' lang='lat' dir='ltr'><strong>per</strong></span> <span class='ocrx_word' id='word_1_403' title='bbox 2766 2342 2813 2396; x_wconf 78' lang='grc' dir='ltr'><strong>Χ</strong></span> <span class='ocrx_word' id='word_1_404' title='bbox 2871 2343 2987 2398; x_wconf 86' lang='lat' dir='ltr'><strong>dies</strong></span> <span class='ocrx_word' id='word_1_405' title='bbox 3015 2341 3242 2421; x_wconf 82' lang='lat' dir='ltr'><strong>culpam</strong></span> <span class='ocrx_word' id='word_1_406' title='bbox 3289 2355 3375 2395; x_wconf 84' lang='lat' dir='ltr'><strong>so-</strong></span> 
     </span>
    </p>
   </div>
   <div class='ocr_carea' id='block_1_53' title="bbox 1791 2429 3372 2506">
    <p class='ocr_par' dir='ltr' id='par_1_53' title="bbox 1791 2429 3372 2506">
     <span class='ocr_line' id='line_1_53' title="bbox 1791 2429 3372 2506; baseline -0.003 -18"><span class='ocrx_word' id='word_1_407' title='bbox 1791 2435 1875 2492; x_wconf 89' lang='lat' dir='ltr'><strong>lus</strong></span> <span class='ocrx_word' id='word_1_408' title='bbox 1905 2435 2074 2506; x_wconf 87' lang='grc'><strong>(126).</strong></span> <span class='ocrx_word' id='word_1_409' title='bbox 2113 2434 2215 2501; x_wconf 92' lang='lat' dir='ltr'><strong>Qui</strong></span> <span class='ocrx_word' id='word_1_410' title='bbox 2239 2434 2620 2506; x_wconf 84' lang='lat' dir='ltr'><strong>negligentiam</strong></span> <span class='ocrx_word' id='word_1_411' title='bbox 2649 2449 2777 2502; x_wconf 85' lang='lat' dir='ltr'><strong>erga</strong></span> <span class='ocrx_word' id='word_1_412' title='bbox 2807 2432 3132 2488; x_wconf 85' lang='lat' dir='ltr'><strong>sacrificium</strong></span> <span class='ocrx_word' id='word_1_413' title='bbox 3162 2429 3372 2493; x_wconf 85' lang='lat' dir='ltr'><strong>fecerit,</strong></span> 
     </span>
    </p>
   </div>
   <div class='ocr_carea' id='block_1_54' title="bbox 1789 2520 3376 2597">
    <p class='ocr_par' dir='ltr' id='par_1_54' title="bbox 1789 2520 3376 2597">
     <span class='ocr_line' id='line_1_54' title="bbox 1789 2520 3376 2597; baseline -0.006 -14"><span class='ocrx_word' id='word_1_414' title='bbox 1789 2537 1886 2583; x_wconf 89' lang='lat' dir='ltr'><strong>aut</strong></span> <span class='ocrx_word' id='word_1_415' title='bbox 1909 2528 2144 2591; x_wconf 78' lang='lat' dir='ltr'><strong>siccatis,</strong></span> <span class='ocrx_word' id='word_1_416' title='bbox 2167 2526 2546 2597; x_wconf 87' lang='lat' dir='ltr'><strong>vermibusquc</strong></span> <span class='ocrx_word' id='word_1_417' title='bbox 2573 2531 2914 2581; x_wconf 87' lang='lat' dir='ltr'><strong>consumtum</strong></span> <span class='ocrx_word' id='word_1_418' title='bbox 2945 2522 3012 2578; x_wconf 91' lang='lat' dir='ltr'><strong>ad</strong></span> <span class='ocrx_word' id='word_1_419' title='bbox 3037 2521 3264 2576; x_wconf 89' lang='lat' dir='ltr'><strong>nihilum</strong></span> <span class='ocrx_word' id='word_1_420' title='bbox 3287 2520 3376 2574; x_wconf 87' lang='lat' dir='ltr'><strong>de-</strong></span> 
     </span>
    </p>
   </div>
   <div class='ocr_carea' id='block_1_55' title="bbox 1794 2612 3375 2688">
    <p class='ocr_par' dir='ltr' id='par_1_55' title="bbox 1794 2612 3375 2688">
     <span class='ocr_line' id='line_1_55' title="bbox 1794 2612 3375 2688; baseline -0.005 -14"><span class='ocrx_word' id='word_1_421' title='bbox 1794 2620 1942 2675; x_wconf 85' lang='lat' dir='ltr'><strong>venit</strong></span> <span class='ocrx_word' id='word_1_422' title='bbox 1965 2619 2052 2674; x_wconf 92' lang='lat' dir='ltr'><strong>IlI.</strong></span> <span class='ocrx_word' id='word_1_423' title='bbox 2086 2617 2358 2688; x_wconf 86' lang='lat' dir='ltr'><strong>Quadrag.</strong></span> <span class='ocrx_word' id='word_1_424' title='bbox 2385 2633 2509 2673; x_wconf 91' lang='lat' dir='ltr'><strong>cum</strong></span> <span class='ocrx_word' id='word_1_425' title='bbox 2539 2631 2679 2688; x_wconf 89' lang='lat' dir='ltr'><strong>pane</strong></span> <span class='ocrx_word' id='word_1_426' title='bbox 2703 2623 2759 2672; x_wconf 89' lang='lat' dir='ltr'><strong>et</strong></span> <span class='ocrx_word' id='word_1_427' title='bbox 2784 2630 2922 2686; x_wconf 86' lang='lat' dir='ltr'><strong>aqua</strong></span> <span class='ocrx_word' id='word_1_428' title='bbox 2950 2615 3118 2684; x_wconf 87' lang='lat' dir='ltr'><strong>penit.</strong></span> <span class='ocrx_word' id='word_1_429' title='bbox 3154 2612 3200 2668; x_wconf 90' lang='lat' dir='ltr'><strong>sl</strong></span> <span class='ocrx_word' id='word_1_430' title='bbox 3232 2612 3375 2666; x_wconf 88' lang='lat' dir='ltr'><strong>intc-</strong></span> 
     </span>
    </p>
   </div>
   <div class='ocr_carea' id='block_1_56' title="bbox 1789 2703 3388 2782">
    <p class='ocr_par' dir='ltr' id='par_1_56' title="bbox 1789 2703 3388 2782">
     <span class='ocr_line' id='line_1_56' title="bbox 1789 2703 3388 2782; baseline -0.007 -15"><span class='ocrx_word' id='word_1_431' title='bbox 1789 2728 1946 2782; x_wconf 85' lang='lat' dir='ltr'><strong>grum</strong></span> <span class='ocrx_word' id='word_1_432' title='bbox 1979 2712 2256 2766; x_wconf 90' lang='lat' dir='ltr'><strong>inventum</strong></span> <span class='ocrx_word' id='word_1_433' title='bbox 2283 2709 2466 2775; x_wconf 91' lang='lat' dir='ltr'><strong>fuerit,</strong></span> <span class='ocrx_word' id='word_1_434' title='bbox 2496 2710 2617 2780; x_wconf 84' lang='lat' dir='ltr'><strong>igne</strong></span> <span class='ocrx_word' id='word_1_435' title='bbox 2639 2708 3008 2769; x_wconf 87' lang='lat' dir='ltr'><strong>comburatur,</strong></span> <span class='ocrx_word' id='word_1_436' title='bbox 3037 2713 3090 2760; x_wconf 94' lang='lat' dir='ltr'><strong>et</strong></span> <span class='ocrx_word' id='word_1_437' title='bbox 3116 2705 3253 2759; x_wconf 89' lang='lat' dir='ltr'><strong>cinis</strong></span> <span class='ocrx_word' id='word_1_438' title='bbox 3275 2703 3388 2758; x_wconf 21' lang='lat' dir='ltr'><strong>sub.-</strong></span> 
     </span>
    </p>
   </div>
   <div class='ocr_carea' id='block_1_57' title="bbox 1789 2795 3374 2871">
    <p class='ocr_par' dir='ltr' id='par_1_57' title="bbox 1789 2795 3374 2871">
     <span class='ocr_line' id='line_1_57' title="bbox 1789 2795 3374 2871; baseline -0.009 -10"><span class='ocrx_word' id='word_1_439' title='bbox 1789 2805 1959 2861; x_wconf 90' lang='lat' dir='ltr'><strong>altare</strong></span> <span class='ocrx_word' id='word_1_440' title='bbox 1984 2803 2378 2868; x_wconf 85' lang='lat' dir='ltr'><strong>abscondatur,</strong></span> <span class='ocrx_word' id='word_1_441' title='bbox 2422 2809 2478 2856; x_wconf 91' lang='lat' dir='ltr'><strong>et</strong></span> <span class='ocrx_word' id='word_1_442' title='bbox 2503 2800 2596 2871; x_wconf 90' lang='lat' dir='ltr'><strong>qui</strong></span> <span class='ocrx_word' id='word_1_443' title='bbox 2627 2799 2924 2871; x_wconf 76' lang='lat' dir='ltr'><strong>neglexerit</strong></span> <span class='ocrx_word' id='word_1_444' title='bbox 2958 2796 3050 2850; x_wconf 79' lang='lat' dir='ltr'><strong>XL</strong></span> <span class='ocrx_word' id='word_1_445' title='bbox 3081 2795 3194 2850; x_wconf 86' lang='lat' dir='ltr'><strong>dies</strong></span> <span class='ocrx_word' id='word_1_446' title='bbox 3221 2808 3374 2848; x_wconf 88' lang='lat' dir='ltr'><strong>suam</strong></span> 
     </span>
    </p>
   </div>
   <div class='ocr_carea' id='block_1_58' title="bbox 1791 2886 3375 2967">
    <p class='ocr_par' dir='ltr' id='par_1_58' title="bbox 1791 2886 3375 2967">
     <span class='ocr_line' id='line_1_58' title="bbox 1791 2886 3375 2967; baseline -0.008 -17"><span class='ocrx_word' id='word_1_447' title='bbox 1791 2897 2170 2967; x_wconf 80' lang='lat' dir='ltr'><strong>negligentiam</strong></span> <span class='ocrx_word' id='word_1_448' title='bbox 2201 2893 2393 2949; x_wconf 86' lang='lat' dir='ltr'><strong>salvat.</strong></span> <span class='ocrx_word' id='word_1_449' title='bbox 2423 2891 2480 2946; x_wconf 90' lang='lat' dir='ltr'><strong>Si</strong></span> <span class='ocrx_word' id='word_1_450' title='bbox 2511 2906 2634 2946; x_wconf 90' lang='lat' dir='ltr'><strong>cum</strong></span> <span class='ocrx_word' id='word_1_451' title='bbox 2658 2889 2948 2945; x_wconf 86' lang='lat' dir='ltr'><strong>amissione</strong></span> <span class='ocrx_word' id='word_1_452' title='bbox 2970 2886 3185 2956; x_wconf 88' lang='lat' dir='ltr'><strong>saporis</strong></span> <span class='ocrx_word' id='word_1_453' title='bbox 3215 2886 3375 2940; x_wconf 85' lang='lat' dir='ltr'><strong>deco-</strong></span> 
     </span>
    </p>
   </div>
   <div class='ocr_carea' id='block_1_59' title="bbox 1790 2977 3374 3052">
    <p class='ocr_par' dir='ltr' id='par_1_59' title="bbox 1790 2977 3374 3052">
     <span class='ocr_line' id='line_1_59' title="bbox 1790 2977 3374 3052; baseline -0.008 -11"><span class='ocrx_word' id='word_1_454' title='bbox 1790 2989 1995 3045; x_wconf 89' lang='lat' dir='ltr'><strong>loratur</strong></span> <span class='ocrx_word' id='word_1_455' title='bbox 2035 2985 2390 3051; x_wconf 87' lang='lat' dir='ltr'><strong>sacrificium,</strong></span> <span class='ocrx_word' id='word_1_456' title='bbox 2425 2982 2526 3038; x_wconf 78' lang='lat' dir='ltr'><strong>XX</strong></span> <span class='ocrx_word' id='word_1_457' title='bbox 2556 2983 2758 3039; x_wconf 78' lang='lat' dir='ltr'><strong>diebus</strong></span> <span class='ocrx_word' id='word_1_458' title='bbox 2780 2980 3062 3052; x_wconf 80' lang='lat' dir='ltr'><strong>expleatur</strong></span> <span class='ocrx_word' id='word_1_459' title='bbox 3083 2977 3374 3048; x_wconf 88' lang='lat' dir='ltr'><strong>jejunium.</strong></span> 
     </span>
    </p>
   </div>
   <div class='ocr_carea' id='block_1_60' title="bbox 1789 3067 3378 3140">
    <p class='ocr_par' dir='ltr' id='par_1_60' title="bbox 1789 3067 3378 3140">
     <span class='ocr_line' id='line_1_60' title="bbox 1789 3067 3378 3140; baseline -0.011 -2"><span class='ocrx_word' id='word_1_460' title='bbox 1789 3079 2216 3138; x_wconf 89' lang='lat' dir='ltr'><strong>conclutinatum</strong></span> <span class='ocrx_word' id='word_1_461' title='bbox 2244 3093 2372 3133; x_wconf 91' lang='lat' dir='ltr'><strong>vero</strong></span> <span class='ocrx_word' id='word_1_462' title='bbox 2397 3076 2484 3131; x_wconf 89' lang='lat' dir='ltr'><strong>VII</strong></span> <span class='ocrx_word' id='word_1_463' title='bbox 2512 3075 2732 3140; x_wconf 86' lang='lat' dir='ltr'><strong>diebus;</strong></span> <span class='ocrx_word' id='word_1_464' title='bbox 2780 3073 2825 3129; x_wconf 90' lang='lat' dir='ltr'><strong>si</strong></span> <span class='ocrx_word' id='word_1_465' title='bbox 2873 3071 3133 3128; x_wconf 89' lang='lat' dir='ltr'><strong>ceciderit</strong></span> <span class='ocrx_word' id='word_1_466' title='bbox 3167 3067 3378 3125; x_wconf 82' lang='lat' dir='ltr'><strong>sacriﬁ-</strong></span> 
     </span>
    </p>
   </div>
   <div class='ocr_carea' id='block_1_61' title="bbox 1789 3160 3377 3228">
    <p class='ocr_par' dir='ltr' id='par_1_61' title="bbox 1789 3160 3377 3228">
     <span class='ocr_line' id='line_1_61' title="bbox 1789 3160 3377 3228; baseline -0.009 -1"><span class='ocrx_word' id='word_1_467' title='bbox 1789 3172 1933 3227; x_wconf 89' lang='lat' dir='ltr'><strong>cium</strong></span> <span class='ocrx_word' id='word_1_468' title='bbox 1958 3171 2024 3226; x_wconf 89' lang='lat' dir='ltr'><strong>de</strong></span> <span class='ocrx_word' id='word_1_469' title='bbox 2050 3168 2304 3224; x_wconf 87' lang='lat' dir='ltr'><strong>manibus</strong></span> <span class='ocrx_word' id='word_1_470' title='bbox 2332 3165 2610 3223; x_wconf 67' lang='lat' dir='ltr'><strong>offerentis</strong></span> <span class='ocrx_word' id='word_1_471' title='bbox 2640 3173 2968 3228; x_wconf 87' lang='lat' dir='ltr'><strong>terratenus,</strong></span> <span class='ocrx_word' id='word_1_472' title='bbox 3002 3173 3056 3216; x_wconf 90' lang='lat' dir='ltr'><strong>et</strong></span> <span class='ocrx_word' id='word_1_473' title='bbox 3088 3175 3193 3216; x_wconf 91' lang='lat' dir='ltr'><strong>non</strong></span> <span class='ocrx_word' id='word_1_474' title='bbox 3224 3160 3377 3213; x_wconf 84' lang='lat' dir='ltr'><strong>inve-</strong></span> 
     </span>
    </p>
   </div>
   <div class='ocr_carea' id='block_1_62' title="bbox 159 3249 3379 3337">
    <p class='ocr_par' dir='ltr' id='par_1_62' title="bbox 159 3249 3379 3337">
     <span class='ocr_line' id='line_1_62' title="bbox 159 3249 3379 3337; baseline -0.001 -31"><span class='ocrx_word' id='word_1_475' title='bbox 159 3253 268 3321; x_wconf 87' lang='lat' dir='ltr'><strong>Qui</strong></span> <span class='ocrx_word' id='word_1_476' title='bbox 297 3268 402 3308; x_wconf 89' lang='lat' dir='ltr'><strong>non</strong></span> <span class='ocrx_word' id='word_1_477' title='bbox 430 3257 815 3324; x_wconf 88' lang='lat' dir='ltr'><strong>communicat,</strong></span> <span class='ocrx_word' id='word_1_478' title='bbox 845 3271 951 3313; x_wconf 91' lang='lat' dir='ltr'><strong>non</strong></span> <span class='ocrx_word' id='word_1_479' title='bbox 982 3258 1207 3313; x_wconf 88' lang='lat' dir='ltr'><strong>accedat</strong></span> <span class='ocrx_word' id='word_1_480' title='bbox 1231 3272 1339 3313; x_wconf 92' lang='lat' dir='ltr'><strong>non</strong></span> <span class='ocrx_word' id='word_1_481' title='bbox 1367 3257 1433 3314; x_wconf 90' lang='lat' dir='ltr'><strong>ad</strong></span> <span class='ocrx_word' id='word_1_482' title='bbox 1460 3273 1682 3327; x_wconf 87' lang='lat' dir='ltr'><strong>pacem,</strong></span> <span class='ocrx_word' id='word_1_483' title='bbox 1714 3276 1759 3337; x_wconf 73' lang='grc' dir='ltr'><strong>ο</strong></span> <span class='ocrx_word' id='word_1_484' title='bbox 1791 3263 1973 3318; x_wconf 90' lang='lat' dir='ltr'><strong>niatur</strong></span> <span class='ocrx_word' id='word_1_485' title='bbox 1995 3260 2142 3332; x_wconf 85' lang='grc'><strong>(127)</strong></span> <span class='ocrx_word' id='word_1_486' title='bbox 2173 3273 2334 3315; x_wconf 91' lang='lat' dir='ltr'><strong>omne</strong></span> <span class='ocrx_word' id='word_1_487' title='bbox 2357 3257 2738 3328; x_wconf 86' lang='lat' dir='ltr'><strong>quodcumque</strong></span> <span class='ocrx_word' id='word_1_488' title='bbox 2767 3256 3044 3311; x_wconf 91' lang='lat' dir='ltr'><strong>inventum</strong></span> <span class='ocrx_word' id='word_1_489' title='bbox 3075 3250 3236 3307; x_wconf 86' lang='lat' dir='ltr'><strong>fuerit</strong></span> <span class='ocrx_word' id='word_1_490' title='bbox 3261 3290 3278 3314; x_wconf 94' lang='lat'><strong>,</strong></span> <span class='ocrx_word' id='word_1_491' title='bbox 3324 3249 3379 3302; x_wconf 93' lang='lat' dir='ltr'><strong>in</strong></span> 
     </span>
    </p>
   </div>
   <div class='ocr_carea' id='block_1_63' title="bbox 88 3344 1688 3417">
    <p class='ocr_par' dir='ltr' id='par_1_63' title="bbox 88 3344 1688 3417">
     <span class='ocr_line' id='line_1_63' title="bbox 88 3344 1688 3417; baseline 0.004 -19"><span class='ocrx_word' id='word_1_492' title='bbox 88 3358 271 3414; x_wconf 83' lang='lat' dir='ltr'><strong>neque</strong></span> <span class='ocrx_word' id='word_1_493' title='bbox 291 3344 360 3400; x_wconf 89' lang='lat' dir='ltr'><strong>ad</strong></span> <span class='ocrx_word' id='word_1_494' title='bbox 385 3344 688 3413; x_wconf 91' lang='lat' dir='ltr'><strong>hosculum,</strong></span> <span class='ocrx_word' id='word_1_495' title='bbox 711 3355 767 3403; x_wconf 88' lang='lat' dir='ltr'><strong>et</strong></span> <span class='ocrx_word' id='word_1_496' title='bbox 786 3347 876 3416; x_wconf 92' lang='lat' dir='ltr'><strong>qui</strong></span> <span class='ocrx_word' id='word_1_497' title='bbox 897 3347 1048 3417; x_wconf 88' lang='lat' dir='ltr'><strong>prius</strong></span> <span class='ocrx_word' id='word_1_498' title='bbox 1067 3349 1380 3414; x_wconf 87' lang='lat' dir='ltr'><strong>manducat,</strong></span> <span class='ocrx_word' id='word_1_499' title='bbox 1406 3350 1472 3403; x_wconf 86' lang='lat' dir='ltr'><strong>ad</strong></span> <span class='ocrx_word' id='word_1_500' title='bbox 1496 3350 1688 3406; x_wconf 87' lang='lat' dir='ltr'><strong>hoscu-</strong></span> 
     </span>
    </p>
   </div>
   <div class='ocr_carea' id='block_1_64' title="bbox 89 3437 1693 3511">
    <p class='ocr_par' dir='ltr' id='par_1_64' title="bbox 89 3437 1693 3511">
     <span class='ocr_line' id='line_1_64' title="bbox 89 3437 1693 3511; baseline 0.002 -19"><span class='ocrx_word' id='word_1_501' title='bbox 89 3439 207 3492; x_wconf 88' lang='lat' dir='ltr'><strong>lum</strong></span> <span class='ocrx_word' id='word_1_502' title='bbox 238 3451 346 3493; x_wconf 91' lang='lat' dir='ltr'><strong>non</strong></span> <span class='ocrx_word' id='word_1_503' title='bbox 371 3437 735 3508; x_wconf 88' lang='lat' dir='ltr'><strong>permittitur;</strong></span> <span class='ocrx_word' id='word_1_504' title='bbox 778 3439 869 3508; x_wconf 87' lang='lat' dir='ltr'><strong>qui</strong></span> <span class='ocrx_word' id='word_1_505' title='bbox 905 3439 1179 3509; x_wconf 88' lang='lat' dir='ltr'><strong>acceperit</strong></span> <span class='ocrx_word' id='word_1_506' title='bbox 1217 3440 1544 3496; x_wconf 88' lang='lat' dir='ltr'><strong>sacriﬁcium</strong></span> <span class='ocrx_word' id='word_1_507' title='bbox 1570 3449 1693 3511; x_wconf 90' lang='lat' dir='ltr'><strong>post</strong></span> 
     </span>
    </p>
   </div>
   <div class='ocr_carea' id='block_1_65' title="bbox 89 3528 1693 3604">
    <p class='ocr_par' dir='ltr' id='par_1_65' title="bbox 89 3528 1693 3604">
     <span class='ocr_line' id='line_1_65' title="bbox 89 3528 1693 3604; baseline 0.002 -21"><span class='ocrx_word' id='word_1_508' title='bbox 89 3531 292 3602; x_wconf 78' lang='lat' dir='ltr'><strong>cybum</strong></span> <span class='ocrx_word' id='word_1_509' title='bbox 311 3528 399 3584; x_wconf 79' lang='lat' dir='ltr'><strong>VII</strong></span> <span class='ocrx_word' id='word_1_510' title='bbox 412 3530 529 3586; x_wconf 87' lang='lat' dir='ltr'><strong>dies</strong></span> <span class='ocrx_word' id='word_1_511' title='bbox 556 3529 826 3600; x_wconf 87' lang='lat' dir='ltr'><strong>peniteat;</strong></span> <span class='ocrx_word' id='word_1_512' title='bbox 854 3531 900 3586; x_wconf 92' lang='lat' dir='ltr'><strong>si</strong></span> <span class='ocrx_word' id='word_1_513' title='bbox 920 3545 1050 3587; x_wconf 92' lang='lat' dir='ltr'><strong>vero</strong></span> <span class='ocrx_word' id='word_1_514' title='bbox 1071 3531 1368 3586; x_wconf 86' lang='lat' dir='ltr'><strong>monachus</strong></span> <span class='ocrx_word' id='word_1_515' title='bbox 1395 3531 1693 3604; x_wconf 79' lang='lat' dir='ltr'><strong>neglexerit</strong></span> 
     </span>
    </p>
   </div>
   <div class='ocr_carea' id='block_1_66' title="bbox 89 3621 1687 3693">
    <p class='ocr_par' dir='ltr' id='par_1_66' title="bbox 89 3621 1687 3693">
     <span class='ocr_line' id='line_1_66' title="bbox 89 3621 1687 3693; baseline 0.001 -19"><span class='ocrx_word' id='word_1_516' title='bbox 89 3622 346 3690; x_wconf 86' lang='lat' dir='ltr'><strong>accipere</strong></span> <span class='ocrx_word' id='word_1_517' title='bbox 374 3621 735 3688; x_wconf 88' lang='lat' dir='ltr'><strong>sacrificium,</strong></span> <span class='ocrx_word' id='word_1_518' title='bbox 779 3631 834 3677; x_wconf 90' lang='lat' dir='ltr'><strong>et</strong></span> <span class='ocrx_word' id='word_1_519' title='bbox 860 3637 966 3677; x_wconf 92' lang='lat' dir='ltr'><strong>non</strong></span> <span class='ocrx_word' id='word_1_520' title='bbox 993 3621 1324 3693; x_wconf 85' lang='lat' dir='ltr'><strong>interrogat,</strong></span> <span class='ocrx_word' id='word_1_521' title='bbox 1365 3637 1466 3678; x_wconf 90' lang='lat' dir='ltr'><strong>nec</strong></span> <span class='ocrx_word' id='word_1_522' title='bbox 1488 3621 1687 3692; x_wconf 86' lang='lat' dir='ltr'><strong>aliquid</strong></span> 
     </span>
    </p>
   </div>
   <div class='ocr_carea' id='block_1_67' title="bbox 87 3712 1691 3784">
    <p class='ocr_par' dir='ltr' id='par_1_67' title="bbox 87 3712 1691 3784">
     <span class='ocr_line' id='line_1_67' title="bbox 87 3712 1691 3784; baseline -0.001 -16"><span class='ocrx_word' id='word_1_523' title='bbox 87 3725 275 3768; x_wconf 67' lang='lat' dir='ltr'><strong>causae</strong></span> <span class='ocrx_word' id='word_1_524' title='bbox 303 3712 625 3768; x_wconf 85' lang='lat' dir='ltr'><strong>excusabilis</strong></span> <span class='ocrx_word' id='word_1_525' title='bbox 650 3712 911 3779; x_wconf 85' lang='lat' dir='ltr'><strong>extiterit,</strong></span> <span class='ocrx_word' id='word_1_526' title='bbox 948 3723 1371 3784; x_wconf 86' lang='lat' dir='ltr'><strong>superponatur;</strong></span> <span class='ocrx_word' id='word_1_527' title='bbox 1405 3721 1459 3768; x_wconf 91' lang='lat' dir='ltr'><strong>ct</strong></span> <span class='ocrx_word' id='word_1_528' title='bbox 1482 3713 1573 3782; x_wconf 88' lang='lat' dir='ltr'><strong>qui</strong></span> <span class='ocrx_word' id='word_1_529' title='bbox 1602 3727 1691 3767; x_wconf 87' lang='lat' dir='ltr'><strong>ac-</strong></span> 
     </span>
    </p>
   </div>
   <div class='ocr_carea' id='block_1_68' title="bbox 89 3803 1690 3876">
    <p class='ocr_par' dir='ltr' id='par_1_68' title="bbox 89 3803 1690 3876">
     <span class='ocr_line' id='line_1_68' title="bbox 89 3803 1690 3876; baseline -0.001 -17"><span class='ocrx_word' id='word_1_530' title='bbox 89 3803 302 3873; x_wconf 80' lang='lat' dir='ltr'><strong>ceperit</strong></span> <span class='ocrx_word' id='word_1_531' title='bbox 322 3803 650 3860; x_wconf 91' lang='lat' dir='ltr'><strong>sacriflcium</strong></span> <span class='ocrx_word' id='word_1_532' title='bbox 681 3803 918 3876; x_wconf 91' lang='lat' dir='ltr'><strong>pollutus</strong></span> <span class='ocrx_word' id='word_1_533' title='bbox 939 3813 1206 3860; x_wconf 91' lang='lat' dir='ltr'><strong>nocturno</strong></span> <span class='ocrx_word' id='word_1_534' title='bbox 1221 3845 1237 3873; x_wconf 94' lang='lat'><strong>,</strong></span> <span class='ocrx_word' id='word_1_535' title='bbox 1262 3805 1514 3860; x_wconf 87' lang='lat' dir='ltr'><strong>similiter</strong></span> <span class='ocrx_word' id='word_1_536' title='bbox 1533 3805 1690 3874; x_wconf 90' lang='lat' dir='ltr'><strong>peni-</strong></span> 
     </span>
    </p>
   </div>
   <div class='ocr_carea' id='block_1_69' title="bbox 92 3895 1711 3968">
    <p class='ocr_par' dir='ltr' id='par_1_69' title="bbox 92 3895 1711 3968">
     <span class='ocr_line' id='line_1_69' title="bbox 92 3895 1711 3968; baseline -0.001 -17"><span class='ocrx_word' id='word_1_537' title='bbox 92 3905 239 3963; x_wconf 85' lang='lat' dir='ltr'><strong>teat;</strong></span> <span class='ocrx_word' id='word_1_538' title='bbox 269 3895 316 3952; x_wconf 91' lang='lat' dir='ltr'><strong>si</strong></span> <span class='ocrx_word' id='word_1_539' title='bbox 346 3896 674 3952; x_wconf 85' lang='lat' dir='ltr'><strong>sacrificium</strong></span> <span class='ocrx_word' id='word_1_540' title='bbox 715 3905 1020 3954; x_wconf 88' lang='lat' dir='ltr'><strong>terratenus</strong></span> <span class='ocrx_word' id='word_1_541' title='bbox 1050 3896 1370 3968; x_wconf 85' lang='lat' dir='ltr'><strong>negligendo</strong></span> <span class='ocrx_word' id='word_1_542' title='bbox 1399 3895 1711 3960; x_wconf 61' lang='lat' dir='ltr'><strong>ceciderit,</strong></span> 
     </span>
    </p>
   </div>
   <div class='ocr_carea' id='block_1_70' title="bbox 89 3984 1693 4058">
    <p class='ocr_par' dir='ltr' id='par_1_70' title="bbox 89 3984 1693 4058">
     <span class='ocr_line' id='line_1_70' title="bbox 89 3984 1693 4058; baseline 0.001 -18"><span class='ocrx_word' id='word_1_543' title='bbox 89 3985 458 4056; x_wconf 78' lang='lat' dir='ltr'><strong>super-positio</strong></span> <span class='ocrx_word' id='word_1_544' title='bbox 487 3986 588 4053; x_wconf 89' lang='lat' dir='ltr'><strong>sit;</strong></span> <span class='ocrx_word' id='word_1_545' title='bbox 619 3987 712 4058; x_wconf 91' lang='lat' dir='ltr'><strong>qui</strong></span> <span class='ocrx_word' id='word_1_546' title='bbox 742 3984 1071 4043; x_wconf 87' lang='lat' dir='ltr'><strong>sacrificium</strong></span> <span class='ocrx_word' id='word_1_547' title='bbox 1097 3987 1278 4057; x_wconf 89' lang='lat' dir='ltr'><strong>aliquo</strong></span> <span class='ocrx_word' id='word_1_548' title='bbox 1302 3985 1498 4057; x_wconf 89' lang='lat' dir='ltr'><strong>perdit,</strong></span> <span class='ocrx_word' id='word_1_549' title='bbox 1527 3986 1693 4042; x_wconf 86' lang='lat' dir='ltr'><strong>relin-</strong></span> 
     </span>
    </p>
   </div>
   <div class='ocr_carea' id='block_1_71' title="bbox 88 4075 1691 4147">
    <p class='ocr_par' dir='ltr' id='par_1_71' title="bbox 88 4075 1691 4147">
     <span class='ocr_line' id='line_1_71' title="bbox 88 4075 1691 4147; baseline 0.002 -19"><span class='ocrx_word' id='word_1_550' title='bbox 88 4091 272 4146; x_wconf 80' lang='lat' dir='ltr'><strong>queas</strong></span> <span class='ocrx_word' id='word_1_551' title='bbox 293 4075 421 4132; x_wconf 88' lang='lat' dir='ltr'><strong>illud</strong></span> <span class='ocrx_word' id='word_1_552' title='bbox 445 4075 576 4132; x_wconf 90' lang='lat' dir='ltr'><strong>feris</strong></span> <span class='ocrx_word' id='word_1_553' title='bbox 597 4076 988 4143; x_wconf 81' lang='lat' dir='ltr'><strong>devorandum,</strong></span> <span class='ocrx_word' id='word_1_554' title='bbox 1006 4078 1052 4132; x_wconf 91' lang='lat' dir='ltr'><strong>si</strong></span> <span class='ocrx_word' id='word_1_555' title='bbox 1074 4077 1458 4134; x_wconf 84' lang='lat' dir='ltr'><strong>excusabiliter</strong></span> <span class='ocrx_word' id='word_1_556' title='bbox 1475 4076 1539 4131; x_wconf 95' lang='lat' dir='ltr'><strong>III</strong></span> <span class='ocrx_word' id='word_1_557' title='bbox 1562 4091 1691 4147; x_wconf 88' lang='lat' dir='ltr'><strong>qua-</strong></span> 
     </span>
    </p>
   </div>
   <div class='ocr_carea' id='block_1_72' title="bbox 90 4165 1691 4252">
    <p class='ocr_par' dir='ltr' id='par_1_72' title="bbox 90 4165 1691 4252">
     <span class='ocr_line' id='line_1_72' title="bbox 90 4165 1691 4252; baseline 0.001 -30"><span class='ocrx_word' id='word_1_558' title='bbox 90 4165 454 4252; x_wconf 74' lang='lat' dir='ltr'><strong>dragesimas,</strong></span> <span class='ocrx_word' id='word_1_559' title='bbox 475 4166 560 4223; x_wconf 88' lang='lat' dir='ltr'><strong>sin</strong></span> <span class='ocrx_word' id='word_1_560' title='bbox 582 4182 710 4224; x_wconf 85' lang='lat' dir='ltr'><strong>vero</strong></span> <span class='ocrx_word' id='word_1_561' title='bbox 735 4184 936 4223; x_wconf 90' lang='lat' dir='ltr'><strong>annum</strong></span> <span class='ocrx_word' id='word_1_562' title='bbox 951 4166 990 4222; x_wconf 94' lang='lat' dir='ltr'><strong>I.</strong></span> <span class='ocrx_word' id='word_1_563' title='bbox 1009 4166 1112 4235; x_wconf 91' lang='lat' dir='ltr'><strong>Qui</strong></span> <span class='ocrx_word' id='word_1_564' title='bbox 1141 4183 1246 4224; x_wconf 91' lang='lat' dir='ltr'><strong>non</strong></span> <span class='ocrx_word' id='word_1_565' title='bbox 1269 4169 1407 4224; x_wconf 90' lang='lat' dir='ltr'><strong>bene</strong></span> <span class='ocrx_word' id='word_1_566' title='bbox 1421 4168 1691 4224; x_wconf 89' lang='lat' dir='ltr'><strong>custodie-</strong></span> 
     </span>
    </p>
   </div>
   <div class='ocr_carea' id='block_1_73' title="bbox 166 4298 1691 4372">
    <p class='ocr_par' dir='ltr' id='par_1_73' title="bbox 166 4298 1691 4372">
     <span class='ocr_line' id='line_1_73' title="bbox 166 4298 1691 4372; baseline 0.002 -18"><span class='ocrx_word' id='word_1_567' title='bbox 166 4298 320 4372; x_wconf 85' lang='grc'><strong>(122)</strong></span> <span class='ocrx_word' id='word_1_568' title='bbox 343 4299 401 4372; x_wconf 78' lang='lat' dir='ltr'><strong>In</strong></span> <span class='ocrx_word' id='word_1_569' title='bbox 422 4313 542 4372; x_wconf 12' lang='lat' dir='ltr'><strong>capi.</strong></span> <span class='ocrx_word' id='word_1_570' title='bbox 564 4300 627 4356; x_wconf 87' lang='grc'><strong>21</strong></span> <span class='ocrx_word' id='word_1_571' title='bbox 654 4300 924 4356; x_wconf 89' lang='lat' dir='ltr'><strong>Theodori</strong></span> <span class='ocrx_word' id='word_1_572' title='bbox 945 4303 1148 4372; x_wconf 81' lang='lat' dir='ltr'><strong>inserta</strong></span> <span class='ocrx_word' id='word_1_573' title='bbox 1175 4301 1443 4372; x_wconf 79' lang='lat' dir='ltr'><strong>habentur</strong></span> <span class='ocrx_word' id='word_1_574' title='bbox 1460 4316 1691 4370; x_wconf 86' lang='lat' dir='ltr'><strong>sequen-</strong></span> 
     </span>
    </p>
   </div>
   <div class='ocr_carea' id='block_1_74' title="bbox 96 4369 1692 4438">
    <p class='ocr_par' dir='ltr' id='par_1_74' title="bbox 96 4369 1692 4438">
     <span class='ocr_line' id='line_1_74' title="bbox 96 4369 1692 4438; baseline 0.003 -15"><span class='ocrx_word' id='word_1_575' title='bbox 96 4369 224 4426; x_wconf 86' lang='lat' dir='ltr'><strong>tia:</strong></span> <span class='ocrx_word' id='word_1_576' title='bbox 284 4369 309 4422; x_wconf 67' lang='grc' dir='ltr'><strong><em>ί</em></strong></span> <span class='ocrx_word' id='word_1_577' title='bbox 348 4369 667 4428; x_wconf 77' lang='lat' dir='ltr'><strong>Theodorus</strong></span> <span class='ocrx_word' id='word_1_578' title='bbox 721 4372 873 4428; x_wconf 90' lang='lat' dir='ltr'><strong>dicit.</strong></span> <span class='ocrx_word' id='word_1_579' title='bbox 903 4391 922 4423; x_wconf 72' lang='grc' dir='ltr'>ι</span> <span class='ocrx_word' id='word_1_580' title='bbox 969 4370 1124 4426; x_wconf 87' lang='lat' dir='ltr'><strong>Unde</strong></span> <span class='ocrx_word' id='word_1_581' title='bbox 1173 4369 1514 4438; x_wconf 86' lang='lat' dir='ltr'><strong>conjicimus,</strong></span> <span class='ocrx_word' id='word_1_582' title='bbox 1542 4369 1692 4427; x_wconf 18' lang='lat' dir='ltr'><strong>iesse</strong></span> 
     </span>
    </p>
   </div>
   <div class='ocr_carea' id='block_1_75' title="bbox 95 4439 1692 4512">
    <p class='ocr_par' dir='ltr' id='par_1_75' title="bbox 95 4439 1692 4512">
     <span class='ocr_line' id='line_1_75' title="bbox 95 4439 1692 4512; baseline 0.001 -17"><span class='ocrx_word' id='word_1_583' title='bbox 95 4443 244 4512; x_wconf 87' lang='lat' dir='ltr'><strong>hunc</strong></span> <span class='ocrx_word' id='word_1_584' title='bbox 269 4455 532 4512; x_wconf 81' lang='lat' dir='ltr'><strong>canonem</strong></span> <span class='ocrx_word' id='word_1_585' title='bbox 557 4440 774 4498; x_wconf 90' lang='lat' dir='ltr'><strong>concilii</strong></span> <span class='ocrx_word' id='word_1_586' title='bbox 794 4441 1079 4512; x_wconf 87' lang='lat' dir='ltr'><strong>cujusdam</strong></span> <span class='ocrx_word' id='word_1_587' title='bbox 1103 4439 1394 4512; x_wconf 86' lang='lat' dir='ltr'><strong>anglicani,</strong></span> <span class='ocrx_word' id='word_1_588' title='bbox 1417 4441 1502 4497; x_wconf 92' lang='lat' dir='ltr'><strong>cui</strong></span> <span class='ocrx_word' id='word_1_589' title='bbox 1524 4439 1692 4497; x_wconf 85' lang='lat' dir='ltr'><strong>inter-</strong></span> 
     </span>
    </p>
   </div>
   <div class='ocr_carea' id='block_1_76' title="bbox 94 4511 639 4569">
    <p class='ocr_par' dir='ltr' id='par_1_76' title="bbox 94 4511 639 4569">
     <span class='ocr_line' id='line_1_76' title="bbox 94 4511 639 4569; baseline 0.006 -5"><span class='ocrx_word' id='word_1_590' title='bbox 94 4511 268 4565; x_wconf 86' lang='lat' dir='ltr'><strong>fuerit</strong></span> <span class='ocrx_word' id='word_1_591' title='bbox 302 4511 639 4569; x_wconf 86' lang='lat' dir='ltr'><strong>Theodorus.</strong></span> 
     </span>
    </p>
   </div>
   <div class='ocr_carea' id='block_1_77' title="bbox 172 4581 1694 4663">
    <p class='ocr_par' dir='ltr' id='par_1_77' title="bbox 172 4581 1694 4663">
     <span class='ocr_line' id='line_1_77' title="bbox 172 4581 1694 4663; baseline 0.003 -29"><span class='ocrx_word' id='word_1_592' title='bbox 172 4581 336 4663; x_wconf 52' lang='lat' dir='ltr'><strong>(res)</strong></span> <span class='ocrx_word' id='word_1_593' title='bbox 365 4581 464 4663; x_wconf 77' lang='lat' dir='ltr'><strong>llic</strong></span> <span class='ocrx_word' id='word_1_594' title='bbox 489 4597 662 4663; x_wconf 80' lang='lat' dir='ltr'><strong>canon</strong></span> <span class='ocrx_word' id='word_1_595' title='bbox 691 4600 704 4637; x_wconf 89' lang='lat'><strong>:</strong></span> <span class='ocrx_word' id='word_1_596' title='bbox 733 4581 795 4638; x_wconf 88' lang='lat' dir='ltr'><strong>Si</strong></span> <span class='ocrx_word' id='word_1_597' title='bbox 822 4584 957 4663; x_wconf 36' lang='lat' dir='ltr'><strong>[quis</strong></span> <span class='ocrx_word' id='word_1_598' title='bbox 983 4581 1252 4663; x_wconf 80' lang='lat' dir='ltr'><strong>presbyter</strong></span> <span class='ocrx_word' id='word_1_599' title='bbox 1278 4594 1347 4636; x_wconf 84' lang='lat' dir='ltr'><strong>ex</strong></span> <span class='ocrx_word' id='word_1_600' title='bbox 1384 4595 1472 4663; x_wconf 81' lang='lat' dir='ltr'><strong>ep.</strong></span> <span class='ocrx_word' id='word_1_601' title='bbox 1504 4581 1540 4635; x_wconf 89' lang='grc'><strong>2</strong></span> <span class='ocrx_word' id='word_1_602' title='bbox 1569 4581 1694 4638; x_wconf 84' lang='lat' dir='ltr'><strong>Cce-</strong></span> 
     </span>
    </p>
   </div>
   <div class='ocr_carea' id='block_1_78' title="bbox 93 4649 1687 4724">
    <p class='ocr_par' dir='ltr' id='par_1_78' title="bbox 93 4649 1687 4724">
     <span class='ocr_line' id='line_1_78' title="bbox 93 4649 1687 4724; baseline 0.003 -21"><span class='ocrx_word' id='word_1_603' title='bbox 93 4651 281 4724; x_wconf 84' lang='lat' dir='ltr'><strong>Iestini</strong></span> <span class='ocrx_word' id='word_1_604' title='bbox 306 4649 339 4706; x_wconf 80' lang='grc'><strong>’1</strong></span> <span class='ocrx_word' id='word_1_605' title='bbox 368 4652 436 4724; x_wconf 81' lang='lat' dir='ltr'><strong>ad</strong></span> <span class='ocrx_word' id='word_1_606' title='bbox 486 4654 770 4724; x_wconf 88' lang='lat' dir='ltr'><strong>episcopos</strong></span> <span class='ocrx_word' id='word_1_607' title='bbox 815 4649 1041 4720; x_wconf 65' lang='lat' dir='ltr'><strong>Galliae,</strong></span> <span class='ocrx_word' id='word_1_608' title='bbox 1087 4649 1350 4724; x_wconf 82' lang='lat' dir='ltr'><strong>quantum</strong></span> <span class='ocrx_word' id='word_1_609' title='bbox 1371 4649 1439 4706; x_wconf 88' lang='lat' dir='ltr'><strong>ad</strong></span> <span class='ocrx_word' id='word_1_610' title='bbox 1468 4667 1687 4708; x_wconf 87' lang='lat' dir='ltr'><strong>sensum</strong></span> 
     </span>
    </p>
   </div>
   <div class='ocr_carea' id='block_1_79' title="bbox 93 4721 796 4792">
    <p class='ocr_par' dir='ltr' id='par_1_79' title="bbox 93 4721 796 4792">
     <span class='ocr_line' id='line_1_79' title="bbox 93 4721 796 4792; baseline 0.004 -17"><span class='ocrx_word' id='word_1_611' title='bbox 93 4722 318 4792; x_wconf 85' lang='lat' dir='ltr'><strong>attinet,</strong></span> <span class='ocrx_word' id='word_1_612' title='bbox 353 4721 796 4792; x_wconf 61' lang='lat' dir='ltr'><strong>desumptus&#39;est.</strong></span> 
     </span>
    </p>
   </div>
   <div class='ocr_carea' id='block_1_80' title="bbox 169 4790 1685 4863">
    <p class='ocr_par' dir='ltr' id='par_1_80' title="bbox 169 4790 1685 4863">
     <span class='ocr_line' id='line_1_80' title="bbox 169 4790 1685 4863; baseline 0.001 -17"><span class='ocrx_word' id='word_1_613' title='bbox 169 4791 339 4863; x_wconf 79' lang='grc'><strong>(124)</strong></span> <span class='ocrx_word' id='word_1_614' title='bbox 365 4791 423 4847; x_wconf 91' lang='lat' dir='ltr'><strong>In</strong></span> <span class='ocrx_word' id='word_1_615' title='bbox 452 4790 618 4863; x_wconf 83' lang='lat' dir='ltr'><strong>capit.</strong></span> <span class='ocrx_word' id='word_1_616' title='bbox 662 4793 867 4848; x_wconf 86' lang='lat' dir='ltr'><strong>&#39;I‘heod.</strong></span> <span class='ocrx_word' id='word_1_617' title='bbox 905 4811 960 4848; x_wconf 90' lang='lat' dir='ltr'><strong>n.</strong></span> <span class='ocrx_word' id='word_1_618' title='bbox 1001 4792 1072 4848; x_wconf 65' lang='lat'><strong>34</strong></span> <span class='ocrx_word' id='word_1_619' title='bbox 1105 4810 1119 4848; x_wconf 89' lang='lat'><strong>:</strong></span> <span class='ocrx_word' id='word_1_620' title='bbox 1159 4811 1177 4845; x_wconf 78' lang='grc' dir='ltr'>ι</span> <span class='ocrx_word' id='word_1_621' title='bbox 1215 4790 1322 4850; x_wconf 87' lang='lat' dir='ltr'><strong>Pro</strong></span> <span class='ocrx_word' id='word_1_622' title='bbox 1349 4791 1489 4848; x_wconf 89' lang='lat' dir='ltr'><strong>laico</strong></span> <span class='ocrx_word' id='word_1_623' title='bbox 1523 4791 1685 4858; x_wconf 91' lang='lat' dir='ltr'><strong>bono,</strong></span> 
     </span>
    </p>
   </div>
   <div class='ocr_carea' id='block_1_81' title="bbox 94 4862 1687 4946">
    <p class='ocr_par' dir='ltr' id='par_1_81' title="bbox 94 4862 1687 4946">
     <span class='ocr_line' id='line_1_81' title="bbox 94 4862 1687 4946; baseline 0.003 -32"><span class='ocrx_word' id='word_1_624' title='bbox 94 4862 381 4946; x_wconf 71' lang='lat' dir='ltr'><strong>tertiadie</strong></span> <span class='ocrx_word' id='word_1_625' title='bbox 405 4863 487 4946; x_wconf 63' lang='lat' dir='ltr'><strong>vel</strong></span> <span class='ocrx_word' id='word_1_626' title='bbox 527 4862 879 4946; x_wconf 10' lang='lat' dir='ltr'><strong>se_xta,g_post</strong></span> <span class='ocrx_word' id='word_1_627' title='bbox 917 4863 1218 4946; x_wconf 79' lang='lat' dir='ltr'><strong>jejunium;</strong></span> <span class='ocrx_word' id='word_1_628' title='bbox 1257 4877 1356 4946; x_wconf 71' lang='lat' dir='ltr'><strong>pro</strong></span> <span class='ocrx_word' id='word_1_629' title='bbox 1388 4863 1687 4946; x_wconf 50' lang='lat' dir='ltr'><strong>poenitentia</strong></span> 
     </span>
    </p>
   </div>
   <div class='ocr_carea' id='block_1_82' title="bbox 96 4931 1685 5004">
    <p class='ocr_par' dir='ltr' id='par_1_82' title="bbox 96 4931 1685 5004">
     <span class='ocr_line' id='line_1_82' title="bbox 96 4931 1685 5004; baseline 0.004 -21"><span class='ocrx_word' id='word_1_630' title='bbox 96 4931 383 5004; x_wconf 82' lang='lat' dir='ltr'><strong>trigesima</strong></span> <span class='ocrx_word' id='word_1_631' title='bbox 405 4931 492 4989; x_wconf 91' lang='lat' dir='ltr'><strong>die</strong></span> <span class='ocrx_word' id='word_1_632' title='bbox 516 4932 597 4986; x_wconf 89' lang='lat' dir='ltr'><strong>vel</strong></span> <span class='ocrx_word' id='word_1_633' title='bbox 622 4931 881 5003; x_wconf 80' lang='lat' dir='ltr'><strong>septima;</strong></span> <span class='ocrx_word' id='word_1_634' title='bbox 914 4931 1279 5004; x_wconf 56' lang='lat' dir='ltr'><strong>et&#39;propinqui</strong></span> <span class='ocrx_word' id='word_1_635' title='bbox 1305 4931 1422 5004; x_wconf 80' lang='lat' dir='ltr'><strong>ejus</strong></span> <span class='ocrx_word' id='word_1_636' title='bbox 1436 4933 1685 5004; x_wconf 87' lang='lat' dir='ltr'><strong>jejunare</strong></span> 
     </span>
    </p>
   </div>
   <div class='ocr_carea' id='block_1_83' title="bbox 94 5002 1609 5074">
    <p class='ocr_par' dir='ltr' id='par_1_83' title="bbox 94 5002 1609 5074">
     <span class='ocr_line' id='line_1_83' title="bbox 94 5002 1609 5074; baseline 0.001 -19"><span class='ocrx_word' id='word_1_637' title='bbox 94 5003 306 5074; x_wconf 68' lang='lat' dir='ltr'><strong>debent</strong></span> <span class='ocrx_word' id='word_1_638' title='bbox 331 5003 574 5074; x_wconf 83' lang='lat' dir='ltr'><strong>quinque</strong></span> <span class='ocrx_word' id='word_1_639' title='bbox 599 5002 732 5064; x_wconf 83' lang='lat' dir='ltr'><strong>dies,</strong></span> <span class='ocrx_word' id='word_1_640' title='bbox 755 5012 811 5058; x_wconf 93' lang='lat' dir='ltr'><strong>et</strong></span> <span class='ocrx_word' id='word_1_641' title='bbox 837 5002 1164 5059; x_wconf 77' lang='lat' dir='ltr'><strong>oblationem</strong></span> <span class='ocrx_word' id='word_1_642' title='bbox 1193 5002 1411 5074; x_wconf 80' lang='lat' dir='ltr'><strong>offerre,</strong></span> <span class='ocrx_word' id='word_1_643' title='bbox 1438 5002 1468 5074; x_wconf 59' lang='grc' dir='ltr'><strong>ξι</strong></span> <span class='ocrx_word' id='word_1_644' title='bbox 1495 5002 1609 5060; x_wconf 84' lang='lat' dir='ltr'><strong>etc.</strong></span> 
     </span>
    </p>
   </div>
   <div class='ocr_carea' id='block_1_84' title="bbox 171 5071 1679 5142">
    <p class='ocr_par' dir='ltr' id='par_1_84' title="bbox 171 5071 1679 5142">
     <span class='ocr_line' id='line_1_84' title="bbox 171 5071 1679 5142; baseline 0.001 -16"><span class='ocrx_word' id='word_1_645' title='bbox 171 5071 327 5142; x_wconf 83' lang='grc'><strong>(125)</strong></span> <span class='ocrx_word' id='word_1_646' title='bbox 352 5071 428 5136; x_wconf 87' lang='lat' dir='ltr'><strong>l.,</strong></span> <span class='ocrx_word' id='word_1_647' title='bbox 472 5071 532 5128; x_wconf 83' lang='lat' dir='ltr'><strong>ut</strong></span> <span class='ocrx_word' id='word_1_648' title='bbox 570 5074 623 5128; x_wconf 92' lang='lat' dir='ltr'><strong>in</strong></span> <span class='ocrx_word' id='word_1_649' title='bbox 662 5074 868 5129; x_wconf 89' lang='lat' dir='ltr'><strong>decret.</strong></span> <span class='ocrx_word' id='word_1_650' title='bbox 901 5075 1079 5136; x_wconf 81' lang='lat' dir='ltr'><strong>Grat..</strong></span> <span class='ocrx_word' id='word_1_651' title='bbox 1122 5073 1294 5129; x_wconf 89' lang='lat' dir='ltr'><strong>dist.I</strong></span> <span class='ocrx_word' id='word_1_652' title='bbox 1328 5075 1395 5129; x_wconf 88' lang='lat' dir='ltr'><strong>de</strong></span> <span class='ocrx_word' id='word_1_653' title='bbox 1421 5073 1679 5132; x_wconf 85' lang='lat' dir='ltr'><strong>Consecr.</strong></span> 
     </span>
    </p>
   </div>
   <div class='ocr_carea' id='block_1_85' title="bbox 95 5143 1700 5214">
    <p class='ocr_par' dir='ltr' id='par_1_85' title="bbox 95 5143 1700 5214">
     <span class='ocr_line' id='line_1_85' title="bbox 95 5143 1700 5214; baseline 0.001 -18"><span class='ocrx_word' id='word_1_654' title='bbox 95 5158 222 5197; x_wconf 84' lang='lat' dir='ltr'><strong>can.</strong></span> <span class='ocrx_word' id='word_1_655' title='bbox 250 5145 345 5214; x_wconf 66' lang='grc' dir='ltr'><strong>Δ2¹1</strong></span> <span class='ocrx_word' id='word_1_656' title='bbox 393 5145 676 5214; x_wconf 88' lang='lat' dir='ltr'><strong>desumpto</strong></span> <span class='ocrx_word' id='word_1_657' title='bbox 717 5161 785 5200; x_wconf 81' lang='lat' dir='ltr'><strong>ex</strong></span> <span class='ocrx_word' id='word_1_658' title='bbox 833 5143 1104 5200; x_wconf 84' lang='lat' dir='ltr'><strong>Theodori</strong></span> <span class='ocrx_word' id='word_1_659' title='bbox 1156 5152 1304 5198; x_wconf 87' lang='lat' dir='ltr'><strong>cant.</strong></span> <span class='ocrx_word' id='word_1_660' title='bbox 1347 5146 1536 5212; x_wconf 86' lang='lat' dir='ltr'><strong>peenit.</strong></span> <span class='ocrx_word' id='word_1_661' title='bbox 1575 5161 1590 5198; x_wconf 89' lang='lat'><strong>:</strong></span> <span class='ocrx_word' id='word_1_662' title='bbox 1630 5146 1700 5199; x_wconf 79' lang='lat' dir='ltr'><strong>Si-</strong></span> 
     </span>
    </p>
   </div>
   <div class='ocr_carea' id='block_1_86' title="bbox 97 5211 1694 5282">
    <p class='ocr_par' dir='ltr' id='par_1_86' title="bbox 97 5211 1694 5282">
     <span class='ocr_line' id='line_1_86' title="bbox 97 5211 1694 5282; baseline 0.003 -18"><span class='ocrx_word' id='word_1_663' title='bbox 97 5230 205 5266; x_wconf 86' lang='lat' dir='ltr'><strong>non</strong></span> <span class='ocrx_word' id='word_1_664' title='bbox 232 5211 392 5282; x_wconf 76' lang='lat' dir='ltr'><strong>fuerit</strong></span> <span class='ocrx_word' id='word_1_665' title='bbox 424 5211 626 5279; x_wconf 77' lang='lat' dir='ltr'><strong>tabula,</strong></span> <span class='ocrx_word' id='word_1_666' title='bbox 659 5224 715 5268; x_wconf 87' lang='lat' dir='ltr'><strong>ut</strong></span> <span class='ocrx_word' id='word_1_667' title='bbox 756 5231 860 5268; x_wconf 90' lang='lat' dir='ltr'><strong>non</strong></span> <span class='ocrx_word' id='word_1_668' title='bbox 893 5214 1244 5280; x_wconf 74' lang='lat' dir='ltr'><strong>conculcetur,</strong></span> <span class='ocrx_word' id='word_1_669' title='bbox 1270 5211 1416 5268; x_wconf 77' lang='lat' dir='ltr'><strong>locus</strong></span> <span class='ocrx_word' id='word_1_670' title='bbox 1451 5214 1694 5268; x_wconf 83' lang='lat' dir='ltr'><strong>corrade-</strong></span> 
     </span>
    </p>
   </div>
   <div class='ocr_carea' id='block_1_87' title="bbox 95 5283 1694 5408">
    <p class='ocr_par' dir='ltr' id='par_1_87' title="bbox 95 5283 1694 5408">
     <span class='ocr_line' id='line_1_87' title="bbox 97 5283 1694 5353; baseline 0.001 -18"><span class='ocrx_word' id='word_1_671' title='bbox 97 5293 208 5348; x_wconf 83' lang='lat' dir='ltr'><strong>tur,</strong></span> <span class='ocrx_word' id='word_1_672' title='bbox 243 5294 292 5338; x_wconf 79' lang='lat' dir='ltr'><strong>et</strong></span> <span class='ocrx_word' id='word_1_673' title='bbox 319 5283 436 5353; x_wconf 88' lang='lat' dir='ltr'><strong>igne</strong></span> <span class='ocrx_word' id='word_1_674' title='bbox 463 5293 818 5349; x_wconf 73' lang='lat' dir='ltr'><strong>consumatur,</strong></span> <span class='ocrx_word' id='word_1_675' title='bbox 846 5294 894 5339; x_wconf 79' lang='lat' dir='ltr'><strong>et</strong></span> <span class='ocrx_word' id='word_1_676' title='bbox 928 5285 1058 5340; x_wconf 85' lang='lat' dir='ltr'><strong>cinis</strong></span> <span class='ocrx_word' id='word_1_677' title='bbox 1087 5286 1227 5339; x_wconf 86' lang='lat' dir='ltr'><strong>intra</strong></span> <span class='ocrx_word' id='word_1_678' title='bbox 1257 5283 1425 5336; x_wconf 84' lang='lat' dir='ltr'><strong>altare</strong></span> <span class='ocrx_word' id='word_1_679' title='bbox 1450 5283 1694 5338; x_wconf 85' lang='lat' dir='ltr'><strong>reconde-</strong></span> 
     </span>
     <span class='ocr_line' id='line_1_88' title="bbox 95 5353 1689 5408; baseline 0.001 -4"><span class='ocrx_word' id='word_1_680' title='bbox 95 5364 203 5408; x_wconf 74' lang='grc' dir='ltr'><strong>ων,</strong></span> <span class='ocrx_word' id='word_1_681' title='bbox 241 5364 292 5407; x_wconf 85' lang='lat' dir='ltr'><strong>et</strong></span> <span class='ocrx_word' id='word_1_682' title='bbox 320 5354 564 5408; x_wconf 80' lang='lat' dir='ltr'><strong>sacerdos</strong></span> <span class='ocrx_word' id='word_1_683' title='bbox 590 5355 659 5408; x_wconf 66' lang='lat'><strong>40</strong></span> <span class='ocrx_word' id='word_1_684' title='bbox 688 5355 869 5408; x_wconf 82' lang='lat' dir='ltr'><strong>diebus</strong></span> <span class='ocrx_word' id='word_1_685' title='bbox 905 5357 1170 5408; x_wconf 65' lang='lat' dir='ltr'><strong>maritam.</strong></span> <span class='ocrx_word' id='word_1_686' title='bbox 1207 5353 1263 5406; x_wconf 93' lang='lat' dir='ltr'><strong>In</strong></span> <span class='ocrx_word' id='word_1_687' title='bbox 1295 5354 1472 5408; x_wconf 79' lang='lat' dir='ltr'><strong>primo</strong></span> <span class='ocrx_word' id='word_1_688' title='bbox 1500 5355 1689 5408; x_wconf 67' lang='lat' dir='ltr'><strong>timuit.</strong></span> 
     </span>
    </p>
   </div>
   <div class='ocr_carea' id='block_1_88' title="bbox 121 5368 1689 5422">
    <p class='ocr_par' dir='ltr' id='par_1_88' title="bbox 121 5368 1689 5422">
     <span class='ocr_line' id='line_1_89' title="bbox 121 5368 1689 5422; baseline 0.001 -18"><span class='ocrx_word' id='word_1_689' title='bbox 121 5370 203 5416; x_wconf 70' lang='grc' dir='ltr'><strong>ατ,</strong></span> <span class='ocrx_word' id='word_1_690' title='bbox 241 5368 292 5407; x_wconf 86' lang='lat' dir='ltr'><strong>et</strong></span> <span class='ocrx_word' id='word_1_691' title='bbox 320 5368 564 5408; x_wconf 68' lang='grc' dir='ltr'><strong>εσεεναοι</strong></span> <span class='ocrx_word' id='word_1_692' title='bbox 590 5368 659 5408; x_wconf 67' lang='grc' dir='ltr'><strong>4υ</strong></span> <span class='ocrx_word' id='word_1_693' title='bbox 688 5368 869 5409; x_wconf 71' lang='grc' dir='ltr'><strong>αωῡυε</strong></span> <span class='ocrx_word' id='word_1_694' title='bbox 905 5368 1170 5422; x_wconf 76' lang='lat' dir='ltr'><strong>pterntcat.</strong></span> <span class='ocrx_word' id='word_1_695' title='bbox 1209 5368 1263 5406; x_wconf 86' lang='grc' dir='ltr'><strong>ιη</strong></span> <span class='ocrx_word' id='word_1_696' title='bbox 1295 5368 1472 5421; x_wconf 74' lang='grc' dir='ltr'><strong>ρτιιηο</strong></span> <span class='ocrx_word' id='word_1_697' title='bbox 1500 5368 1689 5422; x_wconf 73' lang='grc' dir='ltr'>ρωιιιι.</span> 
     </span>
    </p>
   </div>
   <div class='ocr_carea' id='block_1_89' title="bbox 95 5371 1700 5496">
    <p class='ocr_par' dir='ltr' id='par_1_89' title="bbox 95 5371 1700 5496">
     <span class='ocr_line' id='line_1_90' title="bbox 95 5371 1689 5424; baseline 0.001 -20"><span class='ocrx_word' id='word_1_698' title='bbox 95 5371 203 5416; x_wconf 75' lang='lat' dir='ltr'><strong>tur,</strong></span> <span class='ocrx_word' id='word_1_699' title='bbox 241 5371 292 5407; x_wconf 76' lang='lat' dir='ltr'><strong>et</strong></span> <span class='ocrx_word' id='word_1_700' title='bbox 320 5371 564 5408; x_wconf 75' lang='lat' dir='ltr'><strong>sacerdos</strong></span> <span class='ocrx_word' id='word_1_701' title='bbox 590 5371 659 5408; x_wconf 75' lang='lat' dir='ltr'><strong>au</strong></span> <span class='ocrx_word' id='word_1_702' title='bbox 688 5371 869 5409; x_wconf 77' lang='lat' dir='ltr'><strong>arcens</strong></span> <span class='ocrx_word' id='word_1_703' title='bbox 905 5371 1170 5424; x_wconf 72' lang='lat' dir='ltr'><strong>preunear.</strong></span> <span class='ocrx_word' id='word_1_704' title='bbox 1209 5371 1263 5406; x_wconf 86' lang='grc' dir='ltr'><strong>ιη</strong></span> <span class='ocrx_word' id='word_1_705' title='bbox 1295 5371 1472 5421; x_wconf 90' lang='lat' dir='ltr'><strong>prnno</strong></span> <span class='ocrx_word' id='word_1_706' title='bbox 1500 5371 1689 5422; x_wconf 64' lang='lat' dir='ltr'><strong>premi.</strong></span> 
     </span>
     <span class='ocr_line' id='line_1_91' title="bbox 95 5423 1700 5496; baseline 0.002 -20"><span class='ocrx_word' id='word_1_707' title='bbox 95 5439 163 5496; x_wconf 70' lang='lat' dir='ltr'><strong>ex</strong></span> <span class='ocrx_word' id='word_1_708' title='bbox 198 5423 421 5480; x_wconf 83' lang='lat' dir='ltr'><strong>Scrinio</strong></span> <span class='ocrx_word' id='word_1_709' title='bbox 451 5424 600 5496; x_wconf 66' lang='lat' dir='ltr'><strong>flant.</strong></span> <span class='ocrx_word' id='word_1_710' title='bbox 641 5425 783 5496; x_wconf 82' lang='lat' dir='ltr'><strong>Eccl.</strong></span> <span class='ocrx_word' id='word_1_711' title='bbox 816 5425 955 5496; x_wconf 88' lang='lat' dir='ltr'><strong>apud</strong></span> <span class='ocrx_word' id='word_1_712' title='bbox 975 5425 1182 5496; x_wconf 81' lang='lat' dir='ltr'><strong>Canis.,</strong></span> <span class='ocrx_word' id='word_1_713' title='bbox 1204 5424 1268 5496; x_wconf 83' lang='lat' dir='ltr'><strong>T.</strong></span> <span class='ocrx_word' id='word_1_714' title='bbox 1294 5423 1333 5477; x_wconf 91' lang='lat' dir='ltr'><strong>ll</strong></span> <span class='ocrx_word' id='word_1_715' title='bbox 1353 5423 1460 5496; x_wconf 47' lang='grc' dir='ltr'><strong>ἱΡ.</strong></span> <span class='ocrx_word' id='word_1_716' title='bbox 1489 5440 1527 5478; x_wconf 88' lang='lat' dir='ltr'><strong>ll</strong></span> <span class='ocrx_word' id='word_1_717' title='bbox 1551 5464 1566 5488; x_wconf 92' lang='lat'><strong>,</strong></span> <span class='ocrx_word' id='word_1_718' title='bbox 1604 5425 1700 5496; x_wconf 62' lang='lat' dir='ltr'><strong>ed.</strong></span> 
     </span>
    </p>
   </div>
   <div class='ocr_carea' id='block_1_90' title="bbox 98 5493 1654 5567">
    <p class='ocr_par' dir='ltr' id='par_1_90' title="bbox 98 5493 1654 5567">
     <span class='ocr_line' id='line_1_92' title="bbox 98 5493 1654 5567; baseline 0.001 -22"><span class='ocrx_word' id='word_1_719' title='bbox 98 5493 434 5567; x_wconf 74' lang='lat' dir='ltr'><strong>Bssnag._p.</strong></span> <span class='ocrx_word' id='word_1_720' title='bbox 468 5493 598 5562; x_wconf 73' lang='lat' dir='ltr'><strong>I26;</strong></span> <span class='ocrx_word' id='word_1_721' title='bbox 638 5495 730 5567; x_wconf 83' lang='lat' dir='ltr'><strong>sic</strong></span> <span class='ocrx_word' id='word_1_722' title='bbox 780 5493 1048 5567; x_wconf 70' lang='lat' dir='ltr'><strong>legimus:</strong></span> <span class='ocrx_word' id='word_1_723' title='bbox 1078 5494 1138 5550; x_wconf 91' lang='lat' dir='ltr'><strong>Si</strong></span> <span class='ocrx_word' id='word_1_724' title='bbox 1189 5495 1253 5548; x_wconf 83' lang='lat' dir='ltr'><strong>de</strong></span> <span class='ocrx_word' id='word_1_725' title='bbox 1288 5493 1450 5567; x_wconf 74' lang='lat' dir='ltr'><strong>calice</strong></span> <span class='ocrx_word' id='word_1_726' title='bbox 1491 5494 1654 5567; x_wconf 68' lang='lat' dir='ltr'><strong>aliqui</strong></span> 
     </span>
    </p>
   </div>
   <div class='ocr_carea' id='block_1_91' title="bbox 98 5563 1695 5635">
    <p class='ocr_par' dir='ltr' id='par_1_91' title="bbox 98 5563 1695 5635">
     <span class='ocr_line' id='line_1_93' title="bbox 98 5563 1695 5635; baseline 0.001 -19"><span class='ocrx_word' id='word_1_727' title='bbox 98 5563 380 5618; x_wconf 77' lang='lat' dir='ltr'><strong>stillarérit</strong></span> <span class='ocrx_word' id='word_1_728' title='bbox 411 5581 502 5634; x_wconf 87' lang='lat' dir='ltr'><strong>per</strong></span> <span class='ocrx_word' id='word_1_729' title='bbox 529 5563 896 5635; x_wconf 63' lang='lat' dir='ltr'><strong>negligentiam</strong></span> <span class='ocrx_word' id='word_1_730' title='bbox 926 5567 979 5618; x_wconf 89' lang='lat' dir='ltr'><strong>in</strong></span> <span class='ocrx_word' id='word_1_731' title='bbox 1010 5579 1203 5619; x_wconf 79' lang='lat' dir='ltr'><strong>terram</strong></span> <span class='ocrx_word' id='word_1_732' title='bbox 1223 5605 1239 5630; x_wconf 88' lang='lat'><strong>,</strong></span> <span class='ocrx_word' id='word_1_733' title='bbox 1281 5564 1460 5635; x_wconf 81' lang='lat' dir='ltr'><strong>lingua</strong></span> <span class='ocrx_word' id='word_1_734' title='bbox 1501 5563 1695 5618; x_wconf 79' lang='lat' dir='ltr'><strong>lambe-</strong></span> 
     </span>
    </p>
   </div>
   <div class='ocr_carea' id='block_1_92' title="bbox 99 5633 1692 5705">
    <p class='ocr_par' dir='ltr' id='par_1_92' title="bbox 99 5633 1692 5705">
     <span class='ocr_line' id='line_1_94' title="bbox 99 5633 1692 5705; baseline 0.002 -19"><span class='ocrx_word' id='word_1_735' title='bbox 99 5645 214 5698; x_wconf 83' lang='lat' dir='ltr'><strong>tur,</strong></span> <span class='ocrx_word' id='word_1_736' title='bbox 243 5633 428 5705; x_wconf 73' lang='lat' dir='ltr'><strong>tabula</strong></span> <span class='ocrx_word' id='word_1_737' title='bbox 457 5633 702 5701; x_wconf 75' lang='lat' dir='ltr'><strong>radatur,</strong></span> <span class='ocrx_word' id='word_1_738' title='bbox 732 5638 850 5705; x_wconf 81' lang='lat' dir='ltr'><strong>igne</strong></span> <span class='ocrx_word' id='word_1_739' title='bbox 875 5637 1233 5700; x_wconf 80' lang='lat' dir='ltr'><strong>comburatur,</strong></span> <span class='ocrx_word' id='word_1_740' title='bbox 1280 5645 1328 5688; x_wconf 89' lang='lat' dir='ltr'><strong>et</strong></span> <span class='ocrx_word' id='word_1_741' title='bbox 1359 5633 1428 5688; x_wconf 78' lang='lat'><strong>50</strong></span> <span class='ocrx_word' id='word_1_742' title='bbox 1454 5635 1565 5689; x_wconf 86' lang='lat' dir='ltr'><strong>dies</strong></span> <span class='ocrx_word' id='word_1_743' title='bbox 1591 5650 1692 5700; x_wconf 70' lang='lat' dir='ltr'><strong>pne-</strong></span> 
     </span>
    </p>
   </div>
   <div class='ocr_carea' id='block_1_93' title="bbox 101 5704 1690 5776">
    <p class='ocr_par' dir='ltr' id='par_1_93' title="bbox 101 5704 1690 5776">
     <span class='ocr_line' id='line_1_95' title="bbox 101 5704 1690 5776; baseline 0.003 -21"><span class='ocrx_word' id='word_1_744' title='bbox 101 5705 291 5759; x_wconf 85' lang='lat' dir='ltr'><strong>niteat.</strong></span> <span class='ocrx_word' id='word_1_745' title='bbox 330 5704 386 5760; x_wconf 90' lang='lat' dir='ltr'><strong>In</strong></span> <span class='ocrx_word' id='word_1_746' title='bbox 422 5705 594 5760; x_wconf 76' lang='lat' dir='ltr'><strong>altero</strong></span> <span class='ocrx_word' id='word_1_747' title='bbox 633 5707 700 5759; x_wconf 90' lang='lat' dir='ltr'><strong>ab</strong></span> <span class='ocrx_word' id='word_1_748' title='bbox 732 5704 1027 5776; x_wconf 85' lang='lat' dir='ltr'><strong>Ilalitgario</strong></span> <span class='ocrx_word' id='word_1_749' title='bbox 1071 5706 1342 5776; x_wconf 85' lang='lat' dir='ltr'><strong>descripto</strong></span> <span class='ocrx_word' id='word_1_750' title='bbox 1377 5705 1450 5760; x_wconf 92' lang='lat' dir='ltr'><strong>ib.</strong></span> <span class='ocrx_word' id='word_1_751' title='bbox 1483 5721 1538 5774; x_wconf 94' lang='lat' dir='ltr'><strong>p.</strong></span> <span class='ocrx_word' id='word_1_752' title='bbox 1567 5705 1690 5768; x_wconf 74' lang='lat' dir='ltr'><strong>I38,</strong></span> 
     </span>
    </p>
   </div>
   <div class='ocr_carea' id='block_1_94' title="bbox 103 5775 1693 5847">
    <p class='ocr_par' dir='ltr' id='par_1_94' title="bbox 103 5775 1693 5847">
     <span class='ocr_line' id='line_1_96' title="bbox 103 5775 1693 5847; baseline 0.002 -20"><span class='ocrx_word' id='word_1_753' title='bbox 103 5784 319 5847; x_wconf 83' lang='lat' dir='ltr'><strong>tantum</strong></span> <span class='ocrx_word' id='word_1_754' title='bbox 349 5776 704 5847; x_wconf 77' lang='lat' dir='ltr'><strong>quadraginta</strong></span> <span class='ocrx_word' id='word_1_755' title='bbox 734 5777 848 5832; x_wconf 90' lang='lat' dir='ltr'><strong>dies</strong></span> <span class='ocrx_word' id='word_1_756' title='bbox 876 5775 1206 5847; x_wconf 62' lang='lat' dir='ltr'><strong>panitentia:</strong></span> <span class='ocrx_word' id='word_1_757' title='bbox 1236 5775 1604 5847; x_wconf 79' lang='lat' dir='ltr'><strong>assignantur,</strong></span> <span class='ocrx_word' id='word_1_758' title='bbox 1633 5785 1693 5830; x_wconf 87' lang='lat' dir='ltr'><strong>ut</strong></span> 
     </span>
    </p>
   </div>
   <div class='ocr_carea' id='block_1_95' title="bbox 103 5845 1690 5919">
    <p class='ocr_par' dir='ltr' id='par_1_95' title="bbox 103 5845 1690 5919">
     <span class='ocr_line' id='line_1_97' title="bbox 103 5845 1690 5919; baseline -0.001 -17"><span class='ocrx_word' id='word_1_759' title='bbox 103 5847 250 5919; x_wconf 68' lang='lat' dir='ltr'><strong>apud</strong></span> <span class='ocrx_word' id='word_1_760' title='bbox 282 5845 620 5904; x_wconf 81' lang='lat' dir='ltr'><strong>Gratianum.</strong></span> <span class='ocrx_word' id='word_1_761' title='bbox 656 5845 852 5914; x_wconf 78' lang='lat' dir='ltr'><strong>Verum</strong></span> <span class='ocrx_word' id='word_1_762' title='bbox 877 5845 1040 5906; x_wconf 61' lang='lat' dir='ltr'><strong>verba</strong></span> <span class='ocrx_word' id='word_1_763' title='bbox 1067 5847 1153 5904; x_wconf 91' lang='lat' dir='ltr'><strong>illa</strong></span> <span class='ocrx_word' id='word_1_764' title='bbox 1179 5847 1411 5906; x_wconf 79' lang='lat' dir='ltr'><strong>maxime</strong></span> <span class='ocrx_word' id='word_1_765' title='bbox 1441 5846 1690 5916; x_wconf 69' lang='lat' dir='ltr'><strong>obscura,</strong></span> 
     </span>
    </p>
   </div>
   <div class='ocr_carea' id='block_1_96' title="bbox 1795 3343 3379 3423">
    <p class='ocr_par' dir='ltr' id='par_1_96' title="bbox 1795 3343 3379 3423">
     <span class='ocr_line' id='line_1_98' title="bbox 1795 3343 3379 3423; baseline -0.011 -13"><span class='ocrx_word' id='word_1_766' title='bbox 1795 3356 1937 3420; x_wconf 89' lang='lat' dir='ltr'><strong>loco,</strong></span> <span class='ocrx_word' id='word_1_767' title='bbox 1965 3355 2018 3408; x_wconf 94' lang='lat' dir='ltr'><strong>in</strong></span> <span class='ocrx_word' id='word_1_768' title='bbox 2048 3367 2157 3423; x_wconf 88' lang='lat' dir='ltr'><strong>quo</strong></span> <span class='ocrx_word' id='word_1_769' title='bbox 2186 3349 2462 3415; x_wconf 88' lang='lat' dir='ltr'><strong>ceciderit,</strong></span> <span class='ocrx_word' id='word_1_770' title='bbox 2494 3349 2846 3411; x_wconf 89' lang='lat' dir='ltr'><strong>conburatur,</strong></span> <span class='ocrx_word' id='word_1_771' title='bbox 2887 3353 2940 3400; x_wconf 93' lang='lat' dir='ltr'><strong>et</strong></span> <span class='ocrx_word' id='word_1_772' title='bbox 2962 3343 3099 3400; x_wconf 91' lang='lat' dir='ltr'><strong>cinis</strong></span> <span class='ocrx_word' id='word_1_773' title='bbox 3127 3352 3185 3398; x_wconf 91' lang='lat' dir='ltr'><strong>ut</strong></span> <span class='ocrx_word' id='word_1_774' title='bbox 3213 3355 3379 3411; x_wconf 83' lang='lat' dir='ltr'><strong>supra</strong></span> 
     </span>
    </p>
   </div>
   <div class='ocr_carea' id='block_1_97' title="bbox 1793 3433 3376 3500">
    <p class='ocr_par' dir='ltr' id='par_1_97' title="bbox 1793 3433 3376 3500">
     <span class='ocr_line' id='line_1_99' title="bbox 1793 3433 3376 3500; baseline -0.011 0"><span class='ocrx_word' id='word_1_775' title='bbox 1793 3442 2187 3500; x_wconf 76' lang='lat' dir='ltr'><strong>abscondatur:</strong></span> <span class='ocrx_word' id='word_1_776' title='bbox 2212 3440 2469 3497; x_wconf 87' lang='lat' dir='ltr'><strong>sacerdos</strong></span> <span class='ocrx_word' id='word_1_777' title='bbox 2491 3437 2683 3494; x_wconf 86' lang='lat' dir='ltr'><strong>deinde</strong></span> <span class='ocrx_word' id='word_1_778' title='bbox 2705 3436 2884 3492; x_wconf 92' lang='lat' dir='ltr'><strong>medio</strong></span> <span class='ocrx_word' id='word_1_779' title='bbox 2906 3450 3048 3491; x_wconf 89' lang='lat' dir='ltr'><strong>anno</strong></span> <span class='ocrx_word' id='word_1_780' title='bbox 3069 3433 3376 3488; x_wconf 89' lang='lat' dir='ltr'><strong>damnetur.</strong></span> 
     </span>
    </p>
   </div>
   <div class='ocr_carea' id='block_1_98' title="bbox 1793 3523 3380 3591">
    <p class='ocr_par' dir='ltr' id='par_1_98' title="bbox 1793 3523 3380 3591">
     <span class='ocr_line' id='line_1_100' title="bbox 1793 3523 3380 3591; baseline -0.007 0"><span class='ocrx_word' id='word_1_781' title='bbox 1793 3536 1850 3591; x_wconf 89' lang='lat' dir='ltr'><strong>Si</strong></span> <span class='ocrx_word' id='word_1_782' title='bbox 1882 3550 2012 3590; x_wconf 88' lang='lat' dir='ltr'><strong>vero</strong></span> <span class='ocrx_word' id='word_1_783' title='bbox 2033 3535 2310 3590; x_wconf 78' lang='lat' dir='ltr'><strong>inventum</strong></span> <span class='ocrx_word' id='word_1_784' title='bbox 2337 3533 2500 3588; x_wconf 90' lang='lat' dir='ltr'><strong>fuerit</strong></span> <span class='ocrx_word' id='word_1_785' title='bbox 2525 3530 2852 3586; x_wconf 88' lang='lat' dir='ltr'><strong>sacriﬁcium</strong></span> <span class='ocrx_word' id='word_1_786' title='bbox 2883 3530 2950 3584; x_wconf 91' lang='lat' dir='ltr'><strong>de</strong></span> <span class='ocrx_word' id='word_1_787' title='bbox 2975 3528 3224 3582; x_wconf 90' lang='lat' dir='ltr'><strong>manibus</strong></span> <span class='ocrx_word' id='word_1_788' title='bbox 3249 3523 3380 3580; x_wconf 86' lang='lat' dir='ltr'><strong>offc-</strong></span> 
     </span>
    </p>
   </div>
   <div class='ocr_carea' id='block_1_99' title="bbox 1794 3617 3374 3692">
    <p class='ocr_par' dir='ltr' id='par_1_99' title="bbox 1794 3617 3374 3692">
     <span class='ocr_line' id='line_1_101' title="bbox 1794 3617 3374 3692; baseline -0.004 -14"><span class='ocrx_word' id='word_1_789' title='bbox 1794 3623 1962 3679; x_wconf 90' lang='lat' dir='ltr'><strong>rentis</strong></span> <span class='ocrx_word' id='word_1_790' title='bbox 1988 3664 2002 3688; x_wconf 93' lang='lat'><strong>,</strong></span> <span class='ocrx_word' id='word_1_791' title='bbox 2049 3623 2200 3678; x_wconf 90' lang='lat' dir='ltr'><strong>locus</strong></span> <span class='ocrx_word' id='word_1_792' title='bbox 2240 3623 2420 3692; x_wconf 90' lang='lat' dir='ltr'><strong>scopis</strong></span> <span class='ocrx_word' id='word_1_793' title='bbox 2463 3622 2754 3676; x_wconf 82' lang='lat' dir='ltr'><strong>mandetur</strong></span> <span class='ocrx_word' id='word_1_794' title='bbox 2793 3628 2876 3675; x_wconf 92' lang='lat' dir='ltr'><strong>est</strong></span> <span class='ocrx_word' id='word_1_795' title='bbox 2914 3619 3062 3688; x_wconf 90' lang='grc'><strong>(128)</strong></span> <span class='ocrx_word' id='word_1_796' title='bbox 3091 3617 3374 3680; x_wconf 86' lang='lat' dir='ltr'><strong>stramine,</strong></span> 
     </span>
    </p>
   </div>
   <div class='ocr_carea' id='block_1_100' title="bbox 1791 3707 3380 3782">
    <p class='ocr_par' dir='ltr' id='par_1_100' title="bbox 1791 3707 3380 3782">
     <span class='ocr_line' id='line_1_102' title="bbox 1791 3707 3380 3782; baseline -0.006 -14"><span class='ocrx_word' id='word_1_797' title='bbox 1791 3712 1907 3780; x_wconf 88' lang='lat' dir='ltr'><strong>vel,</strong></span> <span class='ocrx_word' id='word_1_798' title='bbox 1949 3713 2078 3782; x_wconf 86' lang='lat' dir='ltr'><strong>quid</strong></span> <span class='ocrx_word' id='word_1_799' title='bbox 2119 3711 2192 3767; x_wconf 90' lang='lat' dir='ltr'><strong>ibi</strong></span> <span class='ocrx_word' id='word_1_800' title='bbox 2230 3711 2507 3766; x_wconf 88' lang='lat' dir='ltr'><strong>inventum</strong></span> <span class='ocrx_word' id='word_1_801' title='bbox 2542 3708 2744 3775; x_wconf 89' lang='lat' dir='ltr'><strong>fuerit,</strong></span> <span class='ocrx_word' id='word_1_802' title='bbox 2786 3716 2846 3762; x_wconf 90' lang='lat' dir='ltr'><strong>ut</strong></span> <span class='ocrx_word' id='word_1_803' title='bbox 2878 3721 3038 3778; x_wconf 89' lang='lat' dir='ltr'><strong>supra</strong></span> <span class='ocrx_word' id='word_1_804' title='bbox 3069 3707 3294 3776; x_wconf 79' lang='lat' dir='ltr'><strong>ignitur,</strong></span> <span class='ocrx_word' id='word_1_805' title='bbox 3325 3714 3380 3759; x_wconf 87' lang='lat' dir='ltr'><strong>et</strong></span> 
     </span>
    </p>
   </div>
   <div class='ocr_carea' id='block_1_101' title="bbox 1790 3799 3378 3874">
    <p class='ocr_par' dir='ltr' id='par_1_101' title="bbox 1790 3799 3378 3874">
     <span class='ocr_line' id='line_1_103' title="bbox 1790 3799 3378 3874; baseline -0.005 -14"><span class='ocrx_word' id='word_1_806' title='bbox 1790 3805 2043 3860; x_wconf 78' lang='lat' dir='ltr'><strong>sacerdos</strong></span> <span class='ocrx_word' id='word_1_807' title='bbox 2077 3801 2172 3858; x_wconf 79' lang='lat' dir='ltr'><strong>XX</strong></span> <span class='ocrx_word' id='word_1_808' title='bbox 2199 3804 2314 3859; x_wconf 89' lang='lat' dir='ltr'><strong>dies</strong></span> <span class='ocrx_word' id='word_1_809' title='bbox 2340 3803 2613 3874; x_wconf 88' lang='lat' dir='ltr'><strong>peniteat;</strong></span> <span class='ocrx_word' id='word_1_810' title='bbox 2659 3803 2704 3857; x_wconf 90' lang='lat' dir='ltr'><strong>si</strong></span> <span class='ocrx_word' id='word_1_811' title='bbox 2749 3815 2921 3873; x_wconf 89' lang='lat' dir='ltr'><strong>usque</strong></span> <span class='ocrx_word' id='word_1_812' title='bbox 2961 3799 3131 3855; x_wconf 85' lang='lat' dir='ltr'><strong>altare</strong></span> <span class='ocrx_word' id='word_1_813' title='bbox 3171 3799 3378 3868; x_wconf 88' lang='lat' dir='ltr'><strong>lapsum</strong></span> 
     </span>
    </p>
   </div>
   <div class='ocr_carea' id='block_1_102' title="bbox 1792 3889 3380 3966">
    <p class='ocr_par' dir='ltr' id='par_1_102' title="bbox 1792 3889 3380 3966">
     <span class='ocr_line' id='line_1_104' title="bbox 1792 3889 3380 3966; baseline -0.004 -17"><span class='ocrx_word' id='word_1_814' title='bbox 1792 3894 1978 3963; x_wconf 88' lang='lat' dir='ltr'><strong>fuerit,</strong></span> <span class='ocrx_word' id='word_1_815' title='bbox 1995 3903 2396 3966; x_wconf 90' lang='lat' dir='ltr'><strong>superponatur</strong></span> <span class='ocrx_word' id='word_1_816' title='bbox 2419 3893 2589 3965; x_wconf 87' lang='grc'><strong>(129).</strong></span> <span class='ocrx_word' id='word_1_817' title='bbox 2606 3892 2946 3962; x_wconf 84' lang='lat' dir='ltr'><strong>Quicumque</strong></span> <span class='ocrx_word' id='word_1_818' title='bbox 2966 3890 3127 3946; x_wconf 91' lang='lat' dir='ltr'><strong>alicui</strong></span> <span class='ocrx_word' id='word_1_819' title='bbox 3149 3889 3380 3960; x_wconf 83' lang='lat' dir='ltr'><strong>capitale</strong></span> 
     </span>
    </p>
   </div>
   <div class='ocr_carea' id='block_1_103' title="bbox 1791 3979 3377 4058">
    <p class='ocr_par' dir='ltr' id='par_1_103' title="bbox 1791 3979 3377 4058">
     <span class='ocr_line' id='line_1_105' title="bbox 1791 3979 3377 4058; baseline -0.008 -15"><span class='ocrx_word' id='word_1_820' title='bbox 1791 3988 1998 4043; x_wconf 88' lang='lat' dir='ltr'><strong>crimen</strong></span> <span class='ocrx_word' id='word_1_821' title='bbox 2027 3979 2334 4043; x_wconf 40' lang='lat' dir='ltr'><strong>admittent&#39;i</strong></span> <span class='ocrx_word' id='word_1_822' title='bbox 2364 4001 2462 4058; x_wconf 88' lang='lat' dir='ltr'><strong>per</strong></span> <span class='ocrx_word' id='word_1_823' title='bbox 2487 3985 2847 4056; x_wconf 84' lang='lat' dir='ltr'><strong>ignorantiam</strong></span> <span class='ocrx_word' id='word_1_824' title='bbox 2876 3979 3377 4043; x_wconf 81' lang='lat' dir='ltr'><strong>communicaverit,</strong></span> 
     </span>
    </p>
   </div>
   <div class='ocr_carea' id='block_1_104' title="bbox 1793 4070 3380 4149">
    <p class='ocr_par' dir='ltr' id='par_1_104' title="bbox 1793 4070 3380 4149">
     <span class='ocr_line' id='line_1_106' title="bbox 1793 4070 3380 4149; baseline -0.008 -15"><span class='ocrx_word' id='word_1_825' title='bbox 1793 4078 1881 4134; x_wconf 86' lang='lat' dir='ltr'><strong>VII</strong></span> <span class='ocrx_word' id='word_1_826' title='bbox 1913 4079 2030 4136; x_wconf 86' lang='lat' dir='ltr'><strong>dies</strong></span> <span class='ocrx_word' id='word_1_827' title='bbox 2055 4078 2316 4149; x_wconf 87' lang='lat' dir='ltr'><strong>peniteat.</strong></span> <span class='ocrx_word' id='word_1_828' title='bbox 2359 4077 2461 4145; x_wconf 90' lang='lat' dir='ltr'><strong>Qui</strong></span> <span class='ocrx_word' id='word_1_829' title='bbox 2509 4077 2711 4133; x_wconf 87' lang='lat' dir='ltr'><strong>evomit</strong></span> <span class='ocrx_word' id='word_1_830' title='bbox 2754 4074 3118 4137; x_wconf 90' lang='lat' dir='ltr'><strong>sacriﬁcium,</strong></span> <span class='ocrx_word' id='word_1_831' title='bbox 3147 4080 3201 4125; x_wconf 92' lang='lat' dir='ltr'><strong>et</strong></span> <span class='ocrx_word' id='word_1_832' title='bbox 3229 4070 3380 4126; x_wconf 87' lang='lat' dir='ltr'><strong>canis</strong></span> 
     </span>
    </p>
   </div>
   <div class='ocr_carea' id='block_1_105' title="bbox 1790 4163 3377 4243">
    <p class='ocr_par' dir='ltr' id='par_1_105' title="bbox 1790 4163 3377 4243">
     <span class='ocr_line' id='line_1_107' title="bbox 1790 4163 3377 4243; baseline -0.009 -14"><span class='ocrx_word' id='word_1_833' title='bbox 1790 4172 1977 4239; x_wconf 83' lang='lat' dir='ltr'><strong>sumit,</strong></span> <span class='ocrx_word' id='word_1_834' title='bbox 2000 4187 2201 4227; x_wconf 92' lang='lat' dir='ltr'><strong>annum</strong></span> <span class='ocrx_word' id='word_1_835' title='bbox 2225 4170 2244 4225; x_wconf 94' lang='grc'><strong>1</strong></span> <span class='ocrx_word' id='word_1_836' title='bbox 2270 4171 2464 4243; x_wconf 85' lang='lat' dir='ltr'><strong>penit..</strong></span> <span class='ocrx_word' id='word_1_837' title='bbox 2489 4169 2574 4226; x_wconf 89' lang='lat' dir='ltr'><strong>sin</strong></span> <span class='ocrx_word' id='word_1_838' title='bbox 2596 4178 2798 4234; x_wconf 90' lang='lat' dir='ltr'><strong>autem,</strong></span> <span class='ocrx_word' id='word_1_839' title='bbox 2825 4167 2917 4222; x_wconf 74' lang='lat' dir='ltr'><strong>XI.</strong></span> <span class='ocrx_word' id='word_1_840' title='bbox 2943 4166 3076 4221; x_wconf 84' lang='lat' dir='ltr'><strong>dies.</strong></span> <span class='ocrx_word' id='word_1_841' title='bbox 3113 4163 3170 4219; x_wconf 88' lang='lat' dir='ltr'><strong>Si</strong></span> <span class='ocrx_word' id='word_1_842' title='bbox 3193 4163 3246 4218; x_wconf 91' lang='lat' dir='ltr'><strong>in</strong></span> <span class='ocrx_word' id='word_1_843' title='bbox 3270 4163 3377 4227; x_wconf 86' lang='lat' dir='ltr'><strong>die,</strong></span> 
     </span>
    </p>
   </div>
   <div class='ocr_carea' id='block_1_106' title="bbox 1789 4297 3380 4374">
    <p class='ocr_par' dir='ltr' id='par_1_106' title="bbox 1789 4297 3380 4374">
     <span class='ocr_line' id='line_1_108' title="bbox 1789 4297 3380 4374; baseline -0.008 -11"><span class='ocrx_word' id='word_1_844' title='bbox 1789 4308 1836 4364; x_wconf 81' lang='lat' dir='ltr'><strong>si</strong></span> <span class='ocrx_word' id='word_1_845' title='bbox 1860 4323 1962 4362; x_wconf 87' lang='lat' dir='ltr'><strong>non</strong></span> <span class='ocrx_word' id='word_1_846' title='bbox 1987 4306 2142 4374; x_wconf 68' lang='lat' dir='ltr'><strong>faterit</strong></span> <span class='ocrx_word' id='word_1_847' title='bbox 2169 4303 2348 4360; x_wconf 84' lang='lat' dir='ltr'><strong>tabula</strong></span> <span class='ocrx_word' id='word_1_848' title='bbox 2373 4306 2568 4370; x_wconf 80' lang='lat' dir='ltr'><strong>mittat,</strong></span> <span class='ocrx_word' id='word_1_849' title='bbox 2591 4304 2946 4374; x_wconf 60' lang='lat' dir='ltr'><strong>illustrantur:</strong></span> <span class='ocrx_word' id='word_1_850' title='bbox 2960 4297 3287 4374; x_wconf 74' lang='lat' dir='ltr'><strong>luculentius</strong></span> <span class='ocrx_word' id='word_1_851' title='bbox 3313 4312 3380 4374; x_wconf 79' lang='lat' dir='ltr'><strong>ex</strong></span> 
     </span>
    </p>
   </div>
   <div class='ocr_carea' id='block_1_107' title="bbox 1791 4366 3379 4444">
    <p class='ocr_par' dir='ltr' id='par_1_107' title="bbox 1791 4366 3379 4444">
     <span class='ocr_line' id='line_1_109' title="bbox 1791 4366 3379 4444; baseline -0.01 -10"><span class='ocrx_word' id='word_1_852' title='bbox 1791 4395 1914 4434; x_wconf 88' lang='lat' dir='ltr'><strong>can.</strong></span> <span class='ocrx_word' id='word_1_853' title='bbox 1946 4366 2015 4431; x_wconf 70' lang='grc'><strong>48</strong></span> <span class='ocrx_word' id='word_1_854' title='bbox 2043 4375 2133 4430; x_wconf 88' lang='lat' dir='ltr'><strong>lib.</strong></span> <span class='ocrx_word' id='word_1_855' title='bbox 2159 4376 2349 4444; x_wconf 58' lang='lat' dir='ltr'><strong>paruit.</strong></span> <span class='ocrx_word' id='word_1_856' title='bbox 2375 4375 2503 4429; x_wconf 87' lang='lat' dir='ltr'><strong>editi</strong></span> <span class='ocrx_word' id='word_1_857' title='bbox 2525 4366 2888 4444; x_wconf 81' lang='lat' dir='ltr'><strong>aMabillonio</strong></span> <span class='ocrx_word' id='word_1_858' title='bbox 2907 4371 2970 4427; x_wconf 80' lang='grc' dir='ltr'><strong>Τ.</strong></span> <span class='ocrx_word' id='word_1_859' title='bbox 3000 4371 3041 4444; x_wconf 10' lang='lat' dir='ltr'><strong>I7,</strong></span> <span class='ocrx_word' id='word_1_860' title='bbox 3067 4366 3379 4444; x_wconf 35' lang='lat' dir='ltr'><strong>Mus.‘ltal_..</strong></span> 
     </span>
    </p>
   </div>
   <div class='ocr_carea' id='block_1_108' title="bbox 1792 4439 3379 4518">
    <p class='ocr_par' dir='ltr' id='par_1_108' title="bbox 1792 4439 3379 4518">
     <span class='ocr_line' id='line_1_110' title="bbox 1792 4439 3379 4518; baseline -0.009 -16"><span class='ocrx_word' id='word_1_861' title='bbox 1792 4461 1846 4518; x_wconf 86' lang='lat' dir='ltr'><strong>p.</strong></span> <span class='ocrx_word' id='word_1_862' title='bbox 1879 4446 2004 4512; x_wconf 70' lang='lat'><strong>394,</strong></span> <span class='ocrx_word' id='word_1_863' title='bbox 2039 4439 2174 4518; x_wconf 58' lang='lat' dir='ltr'><strong>ubi;</strong></span> <span class='ocrx_word' id='word_1_864' title='bbox 2202 4445 2262 4501; x_wconf 89' lang='lat' dir='ltr'><strong>Si</strong></span> <span class='ocrx_word' id='word_1_865' title='bbox 2313 4444 2470 4514; x_wconf 79' lang='lat' dir='ltr'><strong>fuerit</strong></span> <span class='ocrx_word' id='word_1_866' title='bbox 2515 4443 2694 4518; x_wconf 78' lang='lat' dir='ltr'><strong>tabula</strong></span> <span class='ocrx_word' id='word_1_867' title='bbox 2716 4484 2732 4508; x_wconf 92' lang='lat'><strong>,</strong></span> <span class='ocrx_word' id='word_1_868' title='bbox 2765 4443 2952 4507; x_wconf 79' lang='lat' dir='ltr'><strong>radat;</strong></span> <span class='ocrx_word' id='word_1_869' title='bbox 2981 4443 3037 4518; x_wconf 69' lang='lat' dir='ltr'><strong>si</strong></span> <span class='ocrx_word' id='word_1_870' title='bbox 3063 4457 3166 4518; x_wconf 62' lang='lat' dir='ltr'><strong>non</strong></span> <span class='ocrx_word' id='word_1_871' title='bbox 3199 4439 3379 4518; x_wconf 45' lang='lat' dir='ltr'><strong>[ueri],</strong></span> 
     </span>
    </p>
   </div>
   <div class='ocr_carea' id='block_1_109' title="bbox 1795 4509 3331 4588">
    <p class='ocr_par' dir='ltr' id='par_1_109' title="bbox 1795 4509 3331 4588">
     <span class='ocr_line' id='line_1_111' title="bbox 1795 4509 3331 4588; baseline -0.008 -17"><span class='ocrx_word' id='word_1_872' title='bbox 1795 4509 2250 4588; x_wconf 21' lang='lat' dir='ltr'><strong>mittatgtalrnfam,</strong></span> <span class='ocrx_word' id='word_1_873' title='bbox 2278 4509 2334 4568; x_wconf 73' lang='lat' dir='ltr'><strong>ut</strong></span> <span class='ocrx_word' id='word_1_874' title='bbox 2362 4530 2465 4588; x_wconf 86' lang='lat' dir='ltr'><strong>non</strong></span> <span class='ocrx_word' id='word_1_875' title='bbox 2482 4514 2829 4588; x_wconf 65' lang='lat' dir='ltr'><strong>conculcetur</strong></span> <span class='ocrx_word' id='word_1_876' title='bbox 2850 4512 3064 4588; x_wconf 61' lang='lat' dir='ltr'><strong>tangatis</strong></span> <span class='ocrx_word' id='word_1_877' title='bbox 3089 4509 3331 4588; x_wconf 36' lang='lat' dir='ltr'><strong>Qﬁristi.‘</strong></span> 
     </span>
    </p>
   </div>
   <div class='ocr_carea' id='block_1_110' title="bbox 1869 4579 3378 4656">
    <p class='ocr_par' dir='ltr' id='par_1_110' title="bbox 1869 4579 3378 4656">
     <span class='ocr_line' id='line_1_112' title="bbox 1869 4579 3378 4656; baseline -0.007 -17"><span class='ocrx_word' id='word_1_878' title='bbox 1869 4585 2018 4656; x_wconf 87' lang='grc'><strong>(126)</strong></span> <span class='ocrx_word' id='word_1_879' title='bbox 2061 4585 2265 4656; x_wconf 75' lang='lat' dir='ltr'><strong>Exstat</strong></span> <span class='ocrx_word' id='word_1_880' title='bbox 2294 4585 2431 4654; x_wconf 89' lang='lat' dir='ltr'><strong>apud</strong></span> <span class='ocrx_word' id='word_1_881' title='bbox 2481 4584 2835 4656; x_wconf 27' lang='lat' dir='ltr'><strong>lilarten‘qde</strong></span> <span class='ocrx_word' id='word_1_882' title='bbox 2877 4579 3064 4656; x_wconf 72' lang='lat' dir='ltr'><strong>Antiq.</strong></span> <span class='ocrx_word' id='word_1_883' title='bbox 3095 4579 3243 4634; x_wconf 88' lang='lat' dir='ltr'><strong>Eccl.</strong></span> <span class='ocrx_word' id='word_1_884' title='bbox 3289 4579 3378 4656; x_wconf 72' lang='lat' dir='ltr'><strong>rit.</strong></span> 
     </span>
    </p>
   </div>
   <div class='ocr_carea' id='block_1_111' title="bbox 1721 4629 3376 4725">
    <p class='ocr_par' dir='ltr' id='par_1_111' title="bbox 1721 4629 3376 4725">
     <span class='ocr_line' id='line_1_113' title="bbox 1721 4629 3376 4725; baseline -0.009 -12"><span class='ocrx_word' id='word_1_885' title='bbox 1721 4629 1769 4689; x_wconf 81' lang='grc' dir='ltr'><strong>ι)</strong></span> <span class='ocrx_word' id='word_1_886' title='bbox 1797 4629 3376 4725; x_wconf 38' lang='lat' dir='ltr'><strong>L3;&quot;g5,73;&quot;&#39;rrzgare.;a.&quot;.;.&#39;jia}rMargiana;ea,</strong></span> 
     </span>
    </p>
   </div>
   <div class='ocr_carea' id='block_1_112' title="bbox 1795 4719 3380 4790">
    <p class='ocr_par' dir='ltr' id='par_1_112' title="bbox 1795 4719 3380 4790">
     <span class='ocr_line' id='line_1_114' title="bbox 1795 4719 3380 4790; baseline -0.007 -8"><span class='ocrx_word' id='word_1_887' title='bbox 1795 4719 2049 4783; x_wconf 55' lang='lat' dir='ltr'><strong>Biblioth&#39;.</strong></span> <span class='ocrx_word' id='word_1_888' title='bbox 2086 4725 2259 4790; x_wconf 63' lang='grc' dir='ltr'><strong>σουλ,</strong></span> <span class='ocrx_word' id='word_1_889' title='bbox 2291 4719 2453 4790; x_wconf 77' lang='lat' dir='ltr'><strong>quem</strong></span> <span class='ocrx_word' id='word_1_890' title='bbox 2493 4739 2588 4778; x_wconf 87' lang='lat' dir='ltr'><strong>sua</strong></span> <span class='ocrx_word' id='word_1_891' title='bbox 2612 4721 2724 4790; x_wconf 84' lang='lat' dir='ltr'><strong>jam</strong></span> <span class='ocrx_word' id='word_1_892' title='bbox 2758 4719 2920 4777; x_wconf 75' lang='lat' dir='ltr'><strong>:etate</strong></span> <span class='ocrx_word' id='word_1_893' title='bbox 2952 4719 3251 4775; x_wconf 82' lang='lat' dir='ltr'><strong>Martenius</strong></span> <span class='ocrx_word' id='word_1_894' title='bbox 3275 4720 3380 4774; x_wconf 84' lang='lat'><strong>800</strong></span> 
     </span>
    </p>
   </div>
   <div class='ocr_carea' id='block_1_113' title="bbox 1793 4791 3376 4864">
    <p class='ocr_par' dir='ltr' id='par_1_113' title="bbox 1793 4791 3376 4864">
     <span class='ocr_line' id='line_1_115' title="bbox 1793 4791 3376 4864; baseline -0.005 -14"><span class='ocrx_word' id='word_1_895' title='bbox 1793 4812 2059 4852; x_wconf 89' lang='lat' dir='ltr'><strong>annorum</strong></span> <span class='ocrx_word' id='word_1_896' title='bbox 2087 4808 2210 4852; x_wconf 88' lang='lat' dir='ltr'><strong>esse</strong></span> <span class='ocrx_word' id='word_1_897' title='bbox 2231 4791 2514 4864; x_wconf 80' lang='lat' dir='ltr'><strong>judicavit,</strong></span> <span class='ocrx_word' id='word_1_898' title='bbox 2547 4794 2635 4848; x_wconf 90' lang='lat' dir='ltr'><strong>ubi</strong></span> <span class='ocrx_word' id='word_1_899' title='bbox 2676 4793 2764 4848; x_wconf 90' lang='lat' dir='ltr'><strong>hic</strong></span> <span class='ocrx_word' id='word_1_900' title='bbox 2785 4807 2958 4864; x_wconf 86' lang='lat' dir='ltr'><strong>canon</strong></span> <span class='ocrx_word' id='word_1_901' title='bbox 2989 4791 3060 4845; x_wconf 92' lang='lat' dir='ltr'><strong>ita</strong></span> <span class='ocrx_word' id='word_1_902' title='bbox 3096 4791 3331 4845; x_wconf 86' lang='lat' dir='ltr'><strong>refertur</strong></span> <span class='ocrx_word' id='word_1_903' title='bbox 3363 4806 3376 4842; x_wconf 87' lang='lat'><strong>:</strong></span> 
     </span>
    </p>
   </div>
   <div class='ocr_carea' id='block_1_114' title="bbox 1798 4863 3382 4936">
    <p class='ocr_par' dir='ltr' id='par_1_114' title="bbox 1798 4863 3382 4936">
     <span class='ocr_line' id='line_1_116' title="bbox 1798 4863 3382 4936; baseline -0.004 -16"><span class='ocrx_word' id='word_1_904' title='bbox 1798 4889 1816 4920; x_wconf 77' lang='grc' dir='ltr'>ι</span> <span class='ocrx_word' id='word_1_905' title='bbox 1853 4867 1956 4935; x_wconf 89' lang='lat' dir='ltr'><strong>Qui</strong></span> <span class='ocrx_word' id='word_1_906' title='bbox 1979 4867 2174 4936; x_wconf 84' lang='lat' dir='ltr'><strong>mergit</strong></span> <span class='ocrx_word' id='word_1_907' title='bbox 2198 4863 2546 4927; x_wconf 85' lang='lat' dir='ltr'><strong>sacriﬁcium,</strong></span> <span class='ocrx_word' id='word_1_908' title='bbox 2571 4864 2828 4936; x_wconf 82' lang='lat' dir='ltr'><strong>continuo</strong></span> <span class='ocrx_word' id='word_1_909' title='bbox 2851 4863 3000 4917; x_wconf 89' lang='lat' dir='ltr'><strong>bibat</strong></span> <span class='ocrx_word' id='word_1_910' title='bbox 3021 4876 3236 4936; x_wconf 82' lang='lat' dir='ltr'><strong>aquam,</strong></span> <span class='ocrx_word' id='word_1_911' title='bbox 3261 4875 3382 4928; x_wconf 72' lang='lat' dir='ltr'><strong>qua:</strong></span> 
     </span>
    </p>
   </div>
   <div class='ocr_carea' id='block_1_115' title="bbox 1793 4930 3380 5000">
    <p class='ocr_par' dir='ltr' id='par_1_115' title="bbox 1793 4930 3380 5000">
     <span class='ocr_line' id='line_1_117' title="bbox 1793 4930 3380 5000; baseline -0.007 -8"><span class='ocrx_word' id='word_1_912' title='bbox 1793 4939 1846 4992; x_wconf 91' lang='lat' dir='ltr'><strong>in</strong></span> <span class='ocrx_word' id='word_1_913' title='bbox 1865 4930 2127 4993; x_wconf 74' lang='lat' dir='ltr'><strong>chrismal</strong></span> <span class='ocrx_word' id='word_1_914' title='bbox 2155 4937 2334 5000; x_wconf 91' lang='lat' dir='ltr'><strong>fuerit,</strong></span> <span class='ocrx_word' id='word_1_915' title='bbox 2359 4944 2534 4989; x_wconf 87' lang='lat' dir='ltr'><strong>sumat</strong></span> <span class='ocrx_word' id='word_1_916' title='bbox 2565 4935 2913 5000; x_wconf 88' lang='lat' dir='ltr'><strong>sacrificium,</strong></span> <span class='ocrx_word' id='word_1_917' title='bbox 2937 4941 2994 4988; x_wconf 90' lang='lat' dir='ltr'><strong>et</strong></span> <span class='ocrx_word' id='word_1_918' title='bbox 3013 4930 3263 5000; x_wconf 78' lang='lat' dir='ltr'><strong>emendet</strong></span> <span class='ocrx_word' id='word_1_919' title='bbox 3285 4944 3380 5000; x_wconf 86' lang='lat' dir='ltr'><strong>per</strong></span> 
     </span>
    </p>
   </div>
   <div class='ocr_carea' id='block_1_116' title="bbox 1701 4999 3376 5076">
    <p class='ocr_par' dir='ltr' id='par_1_116' title="bbox 1701 4999 3376 5076">
     <span class='ocr_line' id='line_1_118' title="bbox 1701 4999 3376 5076; baseline -0.008 -13"><span class='ocrx_word' id='word_1_920' title='bbox 1701 5043 1705 5049; x_wconf 88' lang='lat'><strong><em>-</em></strong></span> <span class='ocrx_word' id='word_1_921' title='bbox 1793 5010 1862 5063; x_wconf 82' lang='lat' dir='ltr'><strong>Il)</strong></span> <span class='ocrx_word' id='word_1_922' title='bbox 1890 5009 2008 5065; x_wconf 88' lang='lat' dir='ltr'><strong>dies</strong></span> <span class='ocrx_word' id='word_1_923' title='bbox 2045 5006 2257 5076; x_wconf 90' lang='lat' dir='ltr'><strong>culpam</strong></span> <span class='ocrx_word' id='word_1_924' title='bbox 2284 5006 2446 5062; x_wconf 90' lang='lat' dir='ltr'><strong>solus.</strong></span> <span class='ocrx_word' id='word_1_925' title='bbox 2489 5025 2508 5058; x_wconf 79' lang='grc' dir='ltr'><strong><em>ι</em></strong></span> <span class='ocrx_word' id='word_1_926' title='bbox 2549 5003 2820 5076; x_wconf 88' lang='lat' dir='ltr'><strong>Chrism_al</strong></span> <span class='ocrx_word' id='word_1_927' title='bbox 2848 4999 2942 5076; x_wconf 82' lang='lat' dir='ltr'><strong>seu</strong></span> <span class='ocrx_word' id='word_1_928' title='bbox 2964 4999 3256 5076; x_wconf 80' lang='lat' dir='ltr'><strong>chrismale</strong></span> <span class='ocrx_word' id='word_1_929' title='bbox 3287 4999 3376 5053; x_wconf 88' lang='lat' dir='ltr'><strong>hic</strong></span> 
     </span>
    </p>
   </div>
   <div class='ocr_carea' id='block_1_117' title="bbox 1795 5072 3380 5149">
    <p class='ocr_par' dir='ltr' id='par_1_117' title="bbox 1795 5072 3380 5149">
     <span class='ocr_line' id='line_1_119' title="bbox 1795 5072 3380 5149; baseline -0.007 -17"><span class='ocrx_word' id='word_1_930' title='bbox 1795 5079 1896 5134; x_wconf 93' lang='lat' dir='ltr'><strong>loci</strong></span> <span class='ocrx_word' id='word_1_931' title='bbox 1925 5072 2274 5149; x_wconf 84' lang='lat' dir='ltr'><strong>intelligimus</strong></span> <span class='ocrx_word' id='word_1_932' title='bbox 2292 5083 2591 5140; x_wconf 85' lang='lat' dir='ltr'><strong>vasculum,</strong></span> <span class='ocrx_word' id='word_1_933' title='bbox 2618 5091 2726 5144; x_wconf 90' lang='lat' dir='ltr'><strong>quo</strong></span> <span class='ocrx_word' id='word_1_934' title='bbox 2747 5072 3080 5149; x_wconf 75' lang='lat' dir='ltr'><strong>Eucharistia</strong></span> <span class='ocrx_word' id='word_1_935' title='bbox 3103 5078 3380 5149; x_wconf 66' lang='lat' dir='ltr'><strong>asservata</strong></span> 
     </span>
    </p>
   </div>
   <div class='ocr_carea' id='block_1_118' title="bbox 1796 5139 3374 5220">
    <p class='ocr_par' dir='ltr' id='par_1_118' title="bbox 1796 5139 3374 5220">
     <span class='ocr_line' id='line_1_120' title="bbox 1796 5139 3374 5220; baseline -0.008 -18"><span class='ocrx_word' id='word_1_936' title='bbox 1796 5158 1892 5204; x_wconf 88' lang='lat' dir='ltr'><strong>aut</strong></span> <span class='ocrx_word' id='word_1_937' title='bbox 1902 5150 1978 5220; x_wconf 73' lang='lat' dir='ltr'><strong>ad</strong></span> <span class='ocrx_word' id='word_1_938' title='bbox 1999 5139 2173 5220; x_wconf 52' lang='lat' dir='ltr'><strong>regrvos</strong></span> <span class='ocrx_word' id='word_1_939' title='bbox 2192 5148 2472 5220; x_wconf 83' lang='lat' dir='ltr'><strong>deportata</strong></span> <span class='ocrx_word' id='word_1_940' title='bbox 2495 5139 2602 5220; x_wconf 76' lang='lat' dir='ltr'><strong>est,</strong></span> <span class='ocrx_word' id='word_1_941' title='bbox 2618 5139 2734 5220; x_wconf 71' lang='lat' dir='ltr'><strong>quo</strong></span> <span class='ocrx_word' id='word_1_942' title='bbox 2750 5159 2910 5220; x_wconf 80' lang='lat' dir='ltr'><strong>sensu</strong></span> <span class='ocrx_word' id='word_1_943' title='bbox 2923 5143 2988 5220; x_wconf 86' lang='lat' dir='ltr'><strong>_i_n</strong></span> <span class='ocrx_word' id='word_1_944' title='bbox 3013 5141 3104 5196; x_wconf 90' lang='lat' dir='ltr'><strong>lib.</strong></span> <span class='ocrx_word' id='word_1_945' title='bbox 3133 5139 3374 5220; x_wconf 65' lang='lat' dir='ltr'><strong>Sacram.</strong></span> 
     </span>
    </p>
   </div>
   <div class='ocr_carea' id='block_1_119' title="bbox 1797 5207 3376 5288">
    <p class='ocr_par' dir='ltr' id='par_1_119' title="bbox 1797 5207 3376 5288">
     <span class='ocr_line' id='line_1_121' title="bbox 1797 5207 3376 5288; baseline -0.009 -14"><span class='ocrx_word' id='word_1_946' title='bbox 1797 5219 1855 5274; x_wconf 89' lang='lat' dir='ltr'><strong>S.</strong></span> <span class='ocrx_word' id='word_1_947' title='bbox 1889 5207 2135 5286; x_wconf 67' lang='lat' dir='ltr'><strong>Gregorii</strong></span> <span class='ocrx_word' id='word_1_948' title='bbox 2162 5207 2394 5272; x_wconf 61' lang='lat' dir='ltr'><strong>hab&#39;etur</strong></span> <span class='ocrx_word' id='word_1_949' title='bbox 2419 5207 2661 5288; x_wconf 73' lang='lat' dir='ltr'><strong>prrcj&#39;atio</strong></span> <span class='ocrx_word' id='word_1_950' title='bbox 2686 5212 3012 5288; x_wconf 73' lang='lat' dir='ltr'><strong>citrisntalis,</strong></span> <span class='ocrx_word' id='word_1_951' title='bbox 3045 5210 3244 5288; x_wconf 54' lang='lat' dir='ltr'><strong>quain</strong></span> <span class='ocrx_word' id='word_1_952' title='bbox 3265 5207 3376 5288; x_wconf 41' lang='lat' dir='ltr'><strong>.Or-</strong></span> 
     </span>
    </p>
   </div>
   <div class='ocr_carea' id='block_1_120' title="bbox 1796 5279 3382 5362">
    <p class='ocr_par' dir='ltr' id='par_1_120' title="bbox 1796 5279 3382 5362">
     <span class='ocr_line' id='line_1_122' title="bbox 1796 5279 3382 5362; baseline -0.011 -17"><span class='ocrx_word' id='word_1_953' title='bbox 1796 5290 1922 5346; x_wconf 85' lang='lat' dir='ltr'><strong>dine</strong></span> <span class='ocrx_word' id='word_1_954' title='bbox 1947 5279 2286 5362; x_wconf 38' lang='lat' dir='ltr'><strong>Ro&#39;nianges}</strong></span> <span class='ocrx_word' id='word_1_955' title='bbox 2310 5279 2769 5362; x_wconf 53' lang='lat' dir='ltr'><strong>prwfatiofasculi</strong></span> <span class='ocrx_word' id='word_1_956' title='bbox 2787 5324 2800 5347; x_wconf 93' lang='lat'><strong>,</strong></span> <span class='ocrx_word' id='word_1_957' title='bbox 2829 5284 2886 5337; x_wconf 85' lang='lat' dir='ltr'><strong>in</strong></span> <span class='ocrx_word' id='word_1_958' title='bbox 2909 5298 3011 5362; x_wconf 71' lang='lat' dir='ltr'><strong>quo</strong></span> <span class='ocrx_word' id='word_1_959' title='bbox 3042 5279 3382 5362; x_wconf 64' lang='lat' dir='ltr'><strong>Eucftat&#39;istia</strong></span> 
     </span>
    </p>
   </div>
   <div class='ocr_carea' id='block_1_121' title="bbox 1799 5348 3380 5428">
    <p class='ocr_par' dir='ltr' id='par_1_121' title="bbox 1799 5348 3380 5428">
     <span class='ocr_line' id='line_1_123' title="bbox 1799 5348 3380 5428; baseline -0.008 -15"><span class='ocrx_word' id='word_1_960' title='bbox 1799 5359 2117 5413; x_wconf 79' lang='lat' dir='ltr'><strong>reconditur.</strong></span> <span class='ocrx_word' id='word_1_961' title='bbox 2152 5357 2215 5413; x_wconf 83' lang='lat' dir='ltr'><strong>V.</strong></span> <span class='ocrx_word' id='word_1_962' title='bbox 2245 5348 2517 5428; x_wconf 71' lang='lat' dir='ltr'><strong>Ducatige.</strong></span> <span class='ocrx_word' id='word_1_963' title='bbox 2551 5355 2710 5428; x_wconf 66' lang='lat' dir='ltr'><strong>Solus</strong></span> <span class='ocrx_word' id='word_1_964' title='bbox 2738 5368 2865 5428; x_wconf 80' lang='lat' dir='ltr'><strong>vero</strong></span> <span class='ocrx_word' id='word_1_965' title='bbox 2884 5392 2898 5417; x_wconf 92' lang='lat'><strong>,</strong></span> <span class='ocrx_word' id='word_1_966' title='bbox 2922 5348 2968 5404; x_wconf 75' lang='grc'><strong>’1.</strong></span> <span class='ocrx_word' id='word_1_967' title='bbox 2997 5366 3046 5404; x_wconf 91' lang='lat' dir='ltr'><strong>e.</strong></span> <span class='ocrx_word' id='word_1_968' title='bbox 3080 5348 3380 5428; x_wconf 75' lang='lat' dir='ltr'><strong>solitarius,</strong></span> 
     </span>
    </p>
   </div>
   <div class='ocr_carea' id='block_1_122' title="bbox 1797 5417 3376 5488">
    <p class='ocr_par' dir='ltr' id='par_1_122' title="bbox 1797 5417 3376 5488">
     <span class='ocr_line' id='line_1_124' title="bbox 1797 5417 3376 5488; baseline -0.01 -3"><span class='ocrx_word' id='word_1_969' title='bbox 1797 5439 1854 5485; x_wconf 84' lang='lat' dir='ltr'><strong>et</strong></span> <span class='ocrx_word' id='word_1_970' title='bbox 1903 5430 1974 5484; x_wconf 86' lang='lat' dir='ltr'><strong>ab</strong></span> <span class='ocrx_word' id='word_1_971' title='bbox 2028 5429 2305 5484; x_wconf 80' lang='lat' dir='ltr'><strong>hominum</strong></span> <span class='ocrx_word' id='word_1_972' title='bbox 2358 5417 2749 5482; x_wconf 72' lang='lat' dir='ltr'><strong>consuetudine</strong></span> <span class='ocrx_word' id='word_1_973' title='bbox 2805 5423 3112 5476; x_wconf 85' lang='lat' dir='ltr'><strong>abstractus</strong></span> <span class='ocrx_word' id='word_1_974' title='bbox 3165 5417 3376 5488; x_wconf 85' lang='lat' dir='ltr'><strong>culpam</strong></span> 
     </span>
    </p>
   </div>
   <div class='ocr_carea' id='block_1_123' title="bbox 1798 5495 3352 5571">
    <p class='ocr_par' dir='ltr' id='par_1_123' title="bbox 1798 5495 3352 5571">
     <span class='ocr_line' id='line_1_125' title="bbox 1798 5495 3352 5571; baseline -0.008 -18"><span class='ocrx_word' id='word_1_975' title='bbox 1798 5501 2087 5571; x_wconf 77' lang='lat' dir='ltr'><strong>emendare</strong></span> <span class='ocrx_word' id='word_1_976' title='bbox 2111 5497 2330 5571; x_wconf 76' lang='lat' dir='ltr'><strong>jubetur</strong></span> <span class='ocrx_word' id='word_1_977' title='bbox 2357 5495 2974 5571; x_wconf 61' lang='lat' dir='ltr'><strong>sacerdos_tleliIIIIUCIts,</strong></span> <span class='ocrx_word' id='word_1_978' title='bbox 3117 5560 3126 5571; x_wconf 38' lang='grc' dir='ltr'>ι</span> <span class='ocrx_word' id='word_1_979' title='bbox 3175 5569 3181 5571; x_wconf 66' lang='lat'>_</span> <span class='ocrx_word' id='word_1_980' title='bbox 3319 5557 3352 5571; x_wconf 51' lang='grc' dir='ltr'><strong>μ</strong></span> 
     </span>
    </p>
   </div>
   <div class='ocr_carea' id='block_1_124' title="bbox 1863 5557 3378 5637">
    <p class='ocr_par' dir='ltr' id='par_1_124' title="bbox 1863 5557 3378 5637">
     <span class='ocr_line' id='line_1_126' title="bbox 1863 5557 3378 5637; baseline -0.008 -14"><span class='ocrx_word' id='word_1_981' title='bbox 1863 5569 2013 5637; x_wconf 78' lang='grc'><strong>(127)</strong></span> <span class='ocrx_word' id='word_1_982' title='bbox 2057 5557 2340 5625; x_wconf 66' lang='grc' dir='ltr'><strong>ΙιῖΡωηὶι.</strong></span> <span class='ocrx_word' id='word_1_983' title='bbox 2373 5567 2558 5629; x_wconf 53' lang='lat' dir='ltr'><strong>Rom”</strong></span> <span class='ocrx_word' id='word_1_984' title='bbox 2606 5557 2828 5634; x_wconf 39' lang='lat' dir='ltr'><strong>lialitgi,</strong></span> <span class='ocrx_word' id='word_1_985' title='bbox 2861 5571 2908 5616; x_wconf 88' lang='lat' dir='ltr'><strong>et</strong></span> <span class='ocrx_word' id='word_1_986' title='bbox 2955 5557 3378 5614; x_wconf 48' lang='lat' dir='ltr'><strong>inreniaturait&quot;</strong></span> 
     </span>
    </p>
   </div>
   <div class='ocr_carea' id='block_1_125' title="bbox 1827 5641 2072 5704">
    <p class='ocr_par' dir='ltr' id='par_1_125' title="bbox 1827 5641 2072 5704">
     <span class='ocr_line' id='line_1_127' title="bbox 1827 5641 2072 5704; baseline 0 -10"><span class='ocrx_word' id='word_1_987' title='bbox 1827 5641 1935 5704; x_wconf 82' lang='lat' dir='ltr'><strong>uid,</strong></span> <span class='ocrx_word' id='word_1_988' title='bbox 1967 5651 2072 5694; x_wconf 91' lang='lat' dir='ltr'><strong>etc.</strong></span> 
     </span>
    </p>
   </div>
   <div class='ocr_carea' id='block_1_126' title="bbox 1789 5658 3230 5777">
    <p class='ocr_par' dir='ltr' id='par_1_126' title="bbox 1789 5658 3230 5777">
     <span class='ocr_line' id='line_1_128' title="bbox 1789 5658 3230 5777; baseline -0.004 -13"><span class='ocrx_word' id='word_1_989' title='bbox 1789 5658 2112 5777; x_wconf 51' lang='lat' dir='ltr'><strong>quiiéiiﬁ,</strong></span> <span class='ocrx_word' id='word_1_990' title='bbox 2147 5718 2203 5764; x_wconf 91' lang='lat' dir='ltr'><strong>et</strong></span> <span class='ocrx_word' id='word_1_991' title='bbox 2233 5717 2482 5763; x_wconf 84' lang='lat' dir='ltr'><strong>stramen.</strong></span> <span class='ocrx_word' id='word_1_992' title='bbox 2510 5707 2691 5770; x_wconf 63' lang='lat' dir='ltr'><strong>Marb,</strong></span> <span class='ocrx_word' id='word_1_993' title='bbox 2711 5720 2779 5760; x_wconf 84' lang='lat' dir='ltr'><strong>ex</strong></span> <span class='ocrx_word' id='word_1_994' title='bbox 2809 5705 2902 5759; x_wconf 89' lang='lat' dir='ltr'><strong>cit.</strong></span> <span class='ocrx_word' id='word_1_995' title='bbox 2929 5705 3046 5759; x_wconf 84' lang='lat' dir='ltr'><strong>cod.</strong></span> <span class='ocrx_word' id='word_1_996' title='bbox 3077 5701 3230 5759; x_wconf 76' lang='lat' dir='ltr'><strong>Celb.</strong></span> 
     </span>
    </p>
   </div>
   <div class='ocr_carea' id='block_1_127' title="bbox 1863 5711 2984 5852">
    <p class='ocr_par' dir='ltr' id='par_1_127' title="bbox 1863 5711 2984 5852">
     <span class='ocr_line' id='line_1_129' title="bbox 1863 5711 2984 5777; baseline -0.005 -14"><span class='ocrx_word' id='word_1_997' title='bbox 1863 5711 1989 5777; x_wconf 86' lang='grc'><strong>(128</strong></span> <span class='ocrx_word' id='word_1_998' title='bbox 2053 5711 2112 5772; x_wconf 85' lang='grc'><strong>1.,</strong></span> <span class='ocrx_word' id='word_1_999' title='bbox 2147 5718 2203 5764; x_wconf 91' lang='lat' dir='ltr'><strong>et</strong></span> <span class='ocrx_word' id='word_1_1000' title='bbox 2233 5717 2482 5763; x_wconf 85' lang='lat' dir='ltr'><strong>stramen.</strong></span> <span class='ocrx_word' id='word_1_1001' title='bbox 2510 5711 2691 5770; x_wconf 88' lang='lat' dir='ltr'><strong>Mart.,</strong></span> <span class='ocrx_word' id='word_1_1002' title='bbox 2711 5720 2779 5760; x_wconf 84' lang='lat' dir='ltr'><strong>ex</strong></span> <span class='ocrx_word' id='word_1_1003' title='bbox 2809 5711 2902 5759; x_wconf 89' lang='lat' dir='ltr'><strong>cit.</strong></span> <span class='ocrx_word' id='word_1_1004' title='bbox 2929 5721 2984 5758; x_wconf 78' lang='lat' dir='ltr'><strong>cc</strong></span> 
     </span>
     <span class='ocr_line' id='line_1_130' title="bbox 1863 5711 2984 5852; baseline -0.003 -17"><span class='ocrx_word' id='word_1_1005' title='bbox 1863 5711 2012 5851; x_wconf 59' lang='lat' dir='ltr'><strong>(I29;</strong></span> <span class='ocrx_word' id='word_1_1006' title='bbox 2051 5780 2086 5836; x_wconf 90' lang='lat' dir='ltr'><strong>i.</strong></span> <span class='ocrx_word' id='word_1_1007' title='bbox 2120 5793 2172 5836; x_wconf 91' lang='lat' dir='ltr'><strong>c.</strong></span> <span class='ocrx_word' id='word_1_1008' title='bbox 2195 5778 2402 5852; x_wconf 86' lang='lat' dir='ltr'><strong>jejunio</strong></span> <span class='ocrx_word' id='word_1_1009' title='bbox 2429 5778 2682 5850; x_wconf 87' lang='lat' dir='ltr'><strong>puniatur</strong></span> <span class='ocrx_word' id='word_1_1010' title='bbox 2709 5780 2984 5832; x_wconf 66' lang='lat' dir='ltr'><strong>sacerdos.</strong></span> 
     </span>
    </p>
   </div>
  </div>
