3962 6326
95 405 194 459 93!

1300 407 1330 460 ,ι
1338 404 1512 461 υῡιει
1522 407 1615 459 Ubi
1654 406 1882 459 PLE'NI'I
1898 400 2114 458 ENTIS.

3255 399 3358 455 982

97 543 194 595 des
225 540 437 595 veniam
469 541 771 596 conﬁtenti.
795 541 962 597 Parce
991 540 1241 612 supplici,
1273 548 1332 595 ut
1354 541 1445 610 qui
1478 538 1676 595 nostris
1703 544 1752 604 Α
1783 539 1856 596 Μ.
1883 539 2170 598 Trnncasti
2199 539 2247 598 ei
2264 540 2428 597 ullum
2445 541 2744 598 membrum
2769 547 2990 612 propter
3012 535 3167 592 iram.
3187 520 3358 591 annos

97 631 314 685 meritis
342 647 679 694 accusantur,
712 641 801 686 tua
840 633 1192 687 miseratione
1221 632 1515 687 salvemur.
1551 630 1676 686 Per.

100 720 306 775 Deinde
334 722 465 776 dicis
496 722 753 784 psalmum
800 721 1033 777 Benedic
1079 737 1257 777 anima
1288 737 1409 776 mea
1455 721 1680 776 Domino

98 828 270 875 usque
291 813 659 867 renovabitur.
690 813 758 865 Et
784 815 887 867 dic.
911 821 1047 867 orat.
1076 815 1232 868 hanc.
1261 811 1509 868 Oremus.
1540 811 1680 866 Deus

101 901 207 955 sub
235 899 391 969 cujus
411 901 585 957 oculis
609 917 771 957 omne
797 917 895 958 cor
917 903 1180 972 trepidat,
1209 915 1502 972 omnesque
1545 916 1680 956 con-

98 991 347 1046 scientiae
376 993 840 1060 contremiscunt,
867 993 1159 1063 propitiare
1184 994 1422 1047 omnium
1467 990 1679 1062 gemiti-

104 1083 212 1141 bus
249 1095 304 1140 et
334 1094 654 1141 cunctorum
684 1085 901 1141 medere
927 1085 1258 1150 vulneribus,
1290 1084 1498 1140 etsicut
1526 1095 1683 1139 nemo

97 1183 352 1232 nostrum
399 1183 484 1232 est
514 1174 651 1231 liber
678 1190 709 1229 a
735 1175 891 1246 culpa
917 1215 934 1240 ,
969 1177 1043 1230 ita
1086 1190 1244 1231 nemo
1272 1174 1343 1230 sit
1392 1173 1600 1230 alienus
1651 1189 1683 1229 a

99 1268 284 1325 \enia.
316 1266 439 1323 Per.
467 1266 534 1322 Et
561 1266 693 1320 dicis
713 1265 974 1339 psalmum
1002 1267 1485 1339 quinquagesimum
1521 1265 1683 1321 Μίδεω

99 1381 228 1420 rere
255 1366 358 1421 mei
381 1367 541 1423 Deus.
579 1383 738 1438 usque
777 1381 967 1422 omnes
999 1365 1316 1437 iniquitates
1346 1379 1497 1421 meas
1545 1361 1682 1420 dele.

101 1457 169 1512 Et
206 1460 340 1514 dicis
365 1460 504 1513 hanc
527 1469 666 1513 orat.
697 1457 945 1514 Oremus.
961 1459 1166 1514 Precor
1195 1459 1418 1514 Domine
1448 1456 1690 1512 clemen-

104 1550 193 1605 tia:
221 1561 276 1605 et
310 1549 695 1606 misericordiae
720 1558 824 1605 tua:
854 1549 1213 1620 majestatem,
1241 1558 1298 1604 ut
1340 1548 1545 1603 famulo
1593 1558 1684 1603 tuo

104 1641 182 1695 ill.
227 1651 449 1712 peccata
477 1651 534 1697 et
570 1641 810 1697 facinora
837 1657 932 1696 sua
969 1641 1282 1706 conﬁtenti,
1332 1641 1544 1696 vcniatn
1600 1656 1687 1695 re-

104 1734 289 1788 laxare
330 1733 568 1804 digneris
619 1743 675 1789 et
723 1734 1122 1803 praeteritorum
1171 1733 1461 1789 criminum
1502 1731 1689 1802 culpas

104 1824 405 1894 indulgeas,
429 1825 520 1894 qui
546 1825 786 1879 humeris
803 1825 908 1879 tuis
936 1839 1092 1880 ovem
1117 1825 1382 1894 perditam
1403 1824 1685 1890 reduxisti,

1785 644 1912 689 tres.
1947 633 2057 688 Im.
2077 633 2246 689 Odisti
2274 634 2498 689 fratrem
2528 643 2698 689 tuum.
2730 630 2985 702 quamdiu
3012 629 3066 684 in
3098 629 3214 698 ipso
3234 627 3358 680 odio

1783 725 1932 779 fuisti
1962 764 1977 789 ,
2029 723 2234 779 tamdiu
2281 724 2545 795 paenitens
2581 725 2634 779 in
2677 737 2813 794 [iane
2840 731 2894 778 et
2926 735 3086 790 aqua.
3137 717 3246 771 Im.
3281 717 3358 769 De

1784 814 2087 870 ministerio
2129 815 2371 870 ecclesia:
2425 815 2740 871 abstraxisti
2789 811 3010 882 aliquid.
3074 808 3359 863 detraxisti

1784 903 1949 958 ullum
1968 903 2240 960 hominem
2257 912 2348 959 aut
2372 905 2642 960 seniorem
2666 903 2751 958 vel
2775 902 2842 956 ad
2867 907 3119 971 parentes
3135 907 3356 969 propter

1786 993 2062 1048 invidiam.
2100 1010 2300 1050 annum
2341 1010 2506 1050 unum
2538 994 2621 1049 vel
2661 991 3016 1063 quadraginta
3061 989 3196 1044 dies.
3246 986 3358 1040 Im.

1786 1080 2025 1138 Nubsisti
2058 1098 2180 1139 cum
2213 1100 2379 1142 uxore
2414 1093 2505 1139 tua
2542 1093 2786 1140 autcum
2816 1079 3176 1135 alia-flemina
3217 1092 3356 1146 qua—

1785 1171 2034 1242 draginta
2060 1174 2176 1231 dies
2197 1185 2321 1230 ante
2351 1184 2566 1244 partum
2598 1181 2690 1228 aut
2715 1179 2846 1243 post
2861 1179 3097 1242 partum,
3119 1166 3360 1238 quadra-

1786 1270 1932 1340 ginta
1983 1268 2098 1322 dies
2145 1266 2430 1337 pmniteas.
2471 1263 2579 1320 Iut.
2632 1261 2872 1318 Nubsisti
2927 1260 3015 1316 die
3062 1256 3357 1318 dominico,-

1788 1338 1955 1420 unum
1990 1361 2132 1422 diem
2159 1359 2244 1418 vel
2275 1369 2406 1415 tres.
2445 1355 2558 1412 Im.
2590 1353 2814 1411 Violasti
2843 1351 3086 1424 sepulcra
3135 1355 3354 1423 promer
3375 1338 3394 1385 ί

1789 1458 2013 1521 furtum,
2039 1471 2211 1512 annos
2244 1463 2372 1519 tres,
2409 1461 2500 1508 aut
2530 1453 2682 1508 duos.
2709 1449 2819 1504 Im.
2852 1445 3090 1515 Contigit
3123 1442 3216 1498 tibi
3256 1440 3378 1495 ulla-

1788 1540 2112 1622 negligentia
2141 1548 2206 1604 de
2234 1545 2523 1602 sacrificio.
2580 1543 2809 1600 Centum
2857 1541 2973 1596 dies
3000 1537 3083 1594 vel
3133 1535 3365 1605 quadra-

1789 1642 1958 1712 ginta.
2001 1639 2076 1694 Μ.
2109 1638 2308 1693 Fecisti
2333 1652 2542 1692 usuras.
2592 1635 2830 1704 quinque
2871 1643 3042 1684 annos
3092 1626 3176 1680 vel
3231 1633 3361 1679 tres.

1794 1732 1872 1788 Μ.
1905 1729 2098 1786 Tulisti
2131 1745 2217 1786 res
2249 1730 2451 1785 alienas
2472 1728 2614 1782 malo
2641 1724 2829 1781 ordine
2855 1737 2953 1790 per
2982 1717 3181 1774 malum
3211 1717 3365 1786 inge-

1794 1829 1965 1883 nium.
2003 1836 2116 1883 tres
2159 1839 2349 1880 annos.
2384 1820 2460 1876 Μ.
2510 1817 2707 1874 Fecisti
2743 1811 3087 1884 sacrilegium
3111 1850 3126 1875 ,
3175 1807 3229 1862 id
3281 1811 3368 1860 est

102 1913 196 1980 qui
222 1912 498 1983 publicani
526 1928 715 1982 preces
735 1913 1077 1970 confessione
1104 1915 1347 1984 placatus
1368 1915 1640 1970 exaudisti
1667 1954 1682 1980 ,
1720 1899 1767 1959 Β
1796 1921 1939 1990 quod
1967 1919 2246 1989 aruspices
2268 1921 2493 1978 vocant,
2524 1920 2578 1967 et
2604 1922 2836 1980 augures
2879 1905 3081 1978 facium,
3114 1908 3170 1956 et,
3207 1897 3368 1954 soni-

105 2012 162 2057 tu
191 2004 358 2059 etiam
385 2003 513 2058 huic
537 2003 738 2061 famulo
783 2015 873 2061 tuo
901 2005 1116 2076 placare
1145 2004 1402 2072 Domine;
1445 2013 1501 2059 tu
1530 2003 1688 2074 hujus

103 2095 361 2164 precibus
399 2097 665 2168 benignus
698 2096 900 2165 aspira,
937 2105 998 2151 ut
1047 2096 1100 2151 in
1129 2096 1469 2152 confessione
1512 2096 1690 2167 placa-

105 2186 230 2242 btlis
253 2197 570 2257 permaneat
596 2190 752 2245 fletus
773 2193 911 2260 ejus,
933 2199 990 2246 et
1013 2191 1206 2262 petitio
1243 2200 1559 2262 perpetuam
1589 2191 1691 2246 cle-

105 2278 363 2332 mentiam
391 2278 640 2336 celeriter
679 2290 906 2346 exoret,
958 2283 1270 2352 sanctisque
1319 2283 1586 2337 altaribus
1635 2290 1692 2336 et

107 2367 367 2423 sacrariis
397 2369 682 2426 restitutus
725 2371 841 2441 spei
873 2387 1064 2426 rursus
1092 2380 1310 2427 aeterna:
1354 2386 1419 2426 ac
1447 2371 1690 2426 caelestis

107 2453 294 2525 gloria:
325 2460 685 2528 mancipetur.
715 2459 838 2517 Per.
871 2459 1148 2532 Interroga
1175 2478 1295 2516 eum
1336 2463 1384 2515 si
1426 2461 1536 2514 iam
1565 2477 1692 2515 con-

107 2549 277 2617 fessus
307 2549 508 2619 fuisset,
539 2561 587 2607 et
612 2563 823 2623 propter
847 2553 943 2607 hoc
973 2555 1259 2625 interroges
1288 2555 1332 2609 si
1360 2555 1467 2624 ipse
1490 2553 1691 2624 aliquid

105 2638 172 2692 de
224 2639 368 2695 malo
418 2642 623 2712 ingenio
663 2643 816 2698 habet
859 2652 950 2698 aut
999 2643 1064 2697 de
1090 2643 1268 2713 furtu,
1299 2653 1390 2697 aut
1421 2645 1484 2699 de
1513 2643 1690 2714 aliqua

107 2746 273 2784 musa
303 2730 646 2801 iniustiﬁcata
671 2743 850 2788 contra
877 2734 1152 2789 directum.
1196 2733 1259 2788 Si
1283 2733 1554 2802 confessus
1582 2732 1693 2794 fue-

109 2827 176 2878 rit
205 2825 346 2896 quod
375 2826 546 2891 habet,
571 2828 770 2882 instrue
795 2826 945 2882 illum
967 2826 1106 2898 quod
1136 2843 1238 2881 non
1267 2835 1341 2880 est
1382 2825 1594 2880 licentia
1629 2827 1694 2880 de

110 2918 235 2972 aliis
262 2919 488 2988 peccatis
506 2919 770 2988 judicium
801 2921 1046 2989 recipere,
1075 2927 1352 2989 antequam
1374 2919 1546 2985 ipsum
1576 2935 1693 2971 ma-

109 3009 221 3062 lunt
252 3009 561 3075 reddiderit,
601 3019 694 3064 aut
729 3011 954 3064 eiecerit.
994 3009 1186 3084 Postea
1202 3009 1259 3064 τί
1281 3009 1465 3078 fecerit
1493 3050 1507 3076 ,
1535 3010 1695 3063 inter-

112 3114 266 3167 roges
293 3114 432 3164 eum,
457 3101 502 3153 si
531 3099 886 3164 iracundiam,
915 3107 1097 3153 contra
1136 3097 1552 3168 qualemcunque
1592 3098 1692 3151 Ito-

109 3188 307 3240 minem
334 3188 540 3242 habeat.
576 3187 634 3243 Si
675 3188 943 3258 confessus
991 3199 1065 3243 est
1095 3189 1320 3242 admone
1348 3206 1465 3242 eum
1497 3229 1510 3252 ,
1555 3189 1695 3259 quod

1793 2012 1961 2077 logos,
1985 2010 2212 2066 vel'vota
2242 2020 2360 2076 qua:
2404 2005 2469 2060 ad
2505 2001 2727 2058 arbores
2753 1997 2838 2053 vel
2875 1996 2942 2052 ad
2972 1995 3152 2050 fontes
3185 2007 3278 2047 seu
3311 1997 3368 2046 et

1792 2101 2086 2165 cancellos,
2133 2107 2224 2153 aut
2252 2112 2349 2168 per
2378 2094 2543 2148 ullum
2574 2089 2847 2162 ingenium
2880 2086 3098 2150 vovisti,
3139 2091 3229 2138 aut
3261 2096 3371 2140 sor--

1796 2194 1926 2249 titus
1952 2191 2119 2250 fuisti,
2155 2198 2247 2244 aut
2281 2200 2533 2242 aversum
2566 2181 2760 2239 fecisti.
2794 2179 3034 2251 quinque
3079 2190 3252 2231 annos
3282 2171 3368 2241 vel

1798 2271 2056 2354 quatuor.
2106 2279 2184 2335 Μ.
2220 2275 2420 2333 Fecisti
2468 2284 2678 2346 raptum
2710 2273 2776 2327 de
2798 2270 3004 2339 virgine
3059 2267 3138 2321 vel
3185 2264 3370 2318 vidua.

1795 2353 1908 2431 tres
1942 2387 2114 2428 annos
2139 2370 2425 2441 ptenitcas.
2457 2365 2534 2419 Μ.
2576 2362 2768 2418 Tulisti
2795 2359 2996 2430 aliquid
3027 2356 3267 2427 pecunice
3315 2353 3369 2407 in

1794 2466 2022 2524 ecclesia
2051 2472 2238 2520 contra
2268 2461 2551 2517 directum.
2601 2465 2710 2512 tres
2739 2468 2909 2508 annos
2935 2493 2950 2518 ,
2989 2459 3084 2505 aut
3133 2446 3372 2518 quadru-

1795 2558 1943 2628 plum
1969 2554 2242 2610 restituas.
2279 2549 2357 2604 Μ.
2390 2545 2679 2603 Prodidisti
2719 2543 2957 2613 aliquam
2994 2555 3106 2594 rem
3143 2552 3250 2608 per.
3275 2535 3370 2628 ’ξυ-

1787 2623 1991 2717 iustam
2021 2643 2329 2706 dilaturum,
2353 2647 2647 2693 tresannos
2678 2633 2964 2704 pmniteas.
2984 2627 3059 2683 Μ.
3089 2623 3370 2680 Deduxisti

1795 2747 1890 2792 aut
1917 2731 2266 2790 transmisisti
2303 2745 2402 2802 per
2447 2729 2612 2783 ullum
2644 2723 2918 2796 ingenium
2962 2734 3178 2775 servum
3220 2728 3369 2770 tuum

1795 2835 1888 2880 aut
1935 2825 2100 2878 alium
2173 2821 2443 2877 hominem
2513 2819 2568 2874 in
2626 2815 2942 2886 captivitate
2992 2809 3368 2866 christianum.

1796 2916 2034 2988 quinque
2058 2927 2227 2968 annos
2257 2910 2524 2983 pmniteas
2553 2916 2648 2963 aut
2676 2918 2804 2962 tres.
2835 2905 2881 2960 lli
2959 2900 3227 2957 Cremasti
3270 2898 3368 2953 doo-

1799 3021 1943 3062 tnum
2001 3013 2094 3058 aut
2142 3017 2293 3058 area.
2345 3011 2455 3056 tres
2501 3013 2691 3053 annos.
2747 2995 2822 3051 Μ.
2880 2992 3078 3049 Fecisti
3113 2991 3371 3051 vomitum

1797 3105 2019 3168 propter
2045 3093 2384 3149 ebrietatem.
2421 3088 2729 3160 quindecim
2764 3085 2879 3140 dies
2925 3083 2968 3138 si
3009 3097 3107 3153 per
3153 3087 3373 3134 conten—

1801 3190 1999 3243 tionem
2031 3183 2384 3256 quadraginta
2419 3183 2554 3236 dies.
2601 3179 2659 3234 Si
2702 3175 2948 3232 nesciens
2990 3181 3192 3242 septem
3235 3169 3369 3224 dies.

109 3279 361 3347 scriptum
384 3289 478 3345 est,
509 3281 647 3350 quod
674 3253 785 3334 non.
802 3279 1007 3350 proﬁcit
1039 3281 1355 3335 abstinentia
1386 3281 1520 3350 ejus.
1551 3253 1620 3334 Et
1647 3281 1695 3336 si
1723 3253 1767 3316 ο
1801 3279 1876 3334 .il.
1909 3253 2109 3349 Cogisti
2134 3253 2299 3331 ullum
2337 3272 2612 3328 hominem
2644 3267 2860 3329 bibere,
2886 3273 2944 3320 ut
2973 3261 3369 3350 inebriaretur,

111 3367 236 3420 talis
255 3377 332 3421 est
363 3369 644 3440 interroges
671 3377 810 3434 eum,
834 3372 879 3424 si
918 3360 1172 3440 fugitivus
1189 3371 1275 3436 sit,
1305 3371 1430 3440 quia
1477 3385 1581 3422 non
1628 3370 1692 3422 li-

111 3470 191 3513 cet
219 3460 578 3529 paenitentiam
607 3477 758 3532 agere
781 3471 1061 3532 antequam
1099 3477 1153 3515 se
1183 3461 1500 3516 reconciliet.
1549 3459 1694 3514 Tunc

115 3551 205 3619 [ac
237 3564 357 3605 eum
392 3552 632 3620 conﬁteri
678 3553 856 3607 omnia
876 3562 1089 3623 peccata
1110 3567 1207 3606 sua
1233 3552 1311 3604 ita
1332 3551 1553 3605 dicendo
1584 3549 1689 3606 Fe-

111 3641 240 3696 cisti
268 3641 606 3708 omicidiutn,
634 3651 730 3696 aut
755 3657 883 3698 casu
904 3681 918 3708 ,
943 3652 1036 3697 aut
1063 3641 1252 3697 nolens
1289 3649 1382 3696 aut
1434 3655 1534 3712 pro
1577 3641 1696 3696 vin-

113 3735 260 3789 dicta
290 3744 597 3804 parentum,
625 3742 718 3789 aut
747 3749 842 3804 per
863 3733 1164 3802 iussionem
1189 3733 1394 3788 domini
1421 3732 1496 3787 tui
1528 3773 1543 3799 ,
1598 3740 1696 3786 aut

116 3826 174 3878 in
207 3824 424 3896 publico
453 3825 595 3881 bello
617 3867 631 3890 ,
663 3825 747 3880 vel
771 3826 950 3881 facere
972 3824 1186 3881 voluisti
1215 3831 1270 3880 et
1309 3838 1414 3880 non
1442 3823 1698 3894 potuisti?

113 3915 358 3985 quinque
387 3923 481 3970 aut
517 3924 628 3971 tres
654 3915 736 3971 vel
761 3915 1122 3987 quadraginta
1150 3913 1285 3968 dies.
1334 3913 1600 3969 Similiter
1650 3914 1697 3968 si

112 4023 335 4062 servum
362 4007 776 4063 occideritduos
802 4020 992 4061 annos.
1044 4003 1122 4059 M.
1169 4004 1364 4060 Fecisti
1396 4005 1698 4074 periurium

113 4113 219 4168 per
254 4098 606 4167 cupiditatem
648 4096 852 4161 saeculi,
884 4106 977 4152 aut
1003 4104 1229 4152 coactus
1257 4096 1342 4150 vel
1372 4110 1468 4165 pro
1510 4109 1699 4151 neces-

111 4189 279 4245 sitate
301 4187 386 4242 vel
415 4203 514 4257 pro
540 4187 647 4242 vita
680 4196 960 4256 parentum
987 4186 1343 4241 autnesciens
1368 4193 1462 4239 aut
1483 4185 1528 4239 si
1557 4183 1697 4240 alios

116 4281 176 4333 in
228 4278 524 4349 periurium
557 4277 817 4333 induxisti
858 4276 1111 4332 scienter.
1152 4273 1370 4345 Septem
1406 4289 1577 4329 annos
1617 4274 1700 4328 vel

113 4381 234 4426 tres
263 4378 314 4424 et
338 4369 694 4443 quadraginta
721 4369 855 4425 dies.
879 4367 963 4437 Ill.
998 4366 1198 4422 Fecisti
1229 4364 1470 4430 furtum,
1502 4366 1554 4420 id
1581 4374 1664 4420 est
1683 4404 1699 4431 ,

112 4461 486 4528 cﬂ'racturam,
519 4461 888 4534 quadrupedia
913 4461 998 4516 vel
1030 4461 1309 4516 fortiorem
1335 4474 1554 4515 causam
1604 4474 1701 4512 va-

111 4555 340 4608 lentem.
370 4554 581 4608 Solidos
611 4553 963 4625 quadraginta
996 4551 1080 4607 vel
1121 4560 1362 4615 centum,
1397 4565 1570 4605 annos
1608 4564 1698 4605 se-

112 4653 268 4714 ptem
303 4644 387 4697 vel
414 4645 671 4714 quinque.
704 4643 782 4698 Μ.
810 4643 878 4700 Ει
901 4645 966 4699 de
995 4643 1292 4698 minoribus
1319 4641 1476 4696 furtis
1497 4656 1696 4694 annum

113 4755 290 4794 unum
322 4739 405 4795 vel
438 4749 549 4794 tres
587 4738 1030 4810 quadragesimas
1054 4777 1068 4803 ,
1112 4752 1206 4792 seu
1236 4745 1292 4790 et
1338 4733 1696 4806 quadraginta

115 4833 258 4887 dies.
297 4830 375 4885 Μ.
407 4831 606 4886 Fecisti
647 4829 971 4885 adulterium
1011 4844 1133 4884 cum
1178 4844 1346 4884 uxore
1391 4827 1568 4881 aliena
1609 4835 1704 4880 aut

116 4942 246 4985 cum
276 4935 552 4996 sponsata.
598 4925 696 4980 Vel
742 4923 1006 4992 Virginem
1056 4922 1390 4993 corrupisti,
1438 4930 1531 4976 aut
1574 4936 1698 4975 cum

127 5025 338 5072 sancta:
384 5015 632 5070 monialm
661 5014 742 5071 vel
796 5014 910 5070 Deo
945 5015 1138 5070 dicata.
1169 5014 1409 5085 quinque
1452 5015 1539 5069 vel
1587 5023 1700 5070 tres

118 5129 317 5168 annos.
345 5112 455 5168 Int.
484 5110 724 5181 Nupsisti
761 5126 882 5166 cum
912 5123 1081 5164 uxore
1116 5118 1205 5163 tua
1233 5118 1414 5174 retro,
1445 5109 1528 5163 vel
1579 5125 1701 5164 cum

119 5205 344 5261 ancilla.
375 5203 444 5260 Xl
471 5204 606 5260 dies.
637 5202 746 5258 Int.
772 5201 970 5258 Fecisti
1000 5200 1411 5255 fornicationem
1443 5201 1583 5255 sicut
1611 5214 1704 5256 so-

119 5295 344 5351 domitaz
396 5294 643 5349 fecerunt
670 5332 687 5358 ,
725 5292 810 5347 vel
857 5305 978 5368 cum
1011 5289 1181 5344 fratre
1210 5296 1302 5343 aut
1331 5303 1451 5342 cum
1486 5297 1659 5342 matre
1689 5329 1704 5355 ,

119 5389 208 5444 vel
240 5403 365 5443 cum
406 5389 694 5458 pecoribus
723 5385 804 5440 vel
835 5385 946 5440 ullo
976 5384 1210 5453 ingenio.
1251 5383 1581 5452 quindecim,
1613 5393 1706 5438 aut

123 5481 414 5536 duodecim
461 5482 546 5535 vel
567 5489 775 5550 septem
804 5492 993 5541 annos,
1025 5477 1106 5532 vel
1137 5492 1322 5532 unum.
1366 5475 1474 5529 Im.
1511 5475 1704 5530 Dixisti

123 5571 327 5626 falsum
357 5570 721 5626 testimonium
743 5585 838 5639 per
864 5567 1237 5638 cupiditatem.
1282 5567 1461 5621 sciens
1489 5575 1582 5620 aut
1615 5581 1706 5620 ne-

122 5665 329 5720 sciens.
363 5672 473 5718 tres
501 5663 585 5717 vel
633 5664 770 5718 duos
807 5671 899 5716 aut
937 5677 1099 5715 unum
1139 5675 1358 5715 annum.
1417 5659 1527 5714 Im.
1582 5658 1708 5713 Per-

122 5757 349 5813 cussisti
377 5756 668 5817 hominem,
703 5764 758 5808 ut
790 5755 1007 5824 sanguis
1041 5754 1214 5808 exiret
1237 5753 1306 5806 ab
1341 5753 1556 5808 homine
1577 5791 1592 5817 ,
1626 5751 1709 5807 vel

121 5865 251 5912 ossa
293 5846 521 5922 fregisti.
581 5840 779 5904 annum
829 5837 993 5903 unum
1044 5845 1125 5903 vcl
1182 5846 1538 5918 quadraginta
1573 5845 1708 5900 dies.

1795 3378 1888 3425 aut
1916 3384 2014 3439 per
2048 3367 2230 3422 odium
2260 3366 2360 3420 hoc
2385 3361 2555 3418 fecisti
2583 3402 2597 3422 .
2627 3368 2844 3415 centum
2874 3356 3011 3412 dies.
3064 3350 3141 3406 Μ.
3179 3349 3372 3404 Bibisti

1795 3461 2116 3533 sanguinem
2163 3467 2257 3514 aut
2287 3453 2624 3512 manducasti
2667 3453 2733 3508 de
2778 3450 2887 3506 ullo
2910 3445 3116 3518 pecude
3143 3442 3228 3498 vel
3279 3441 3378 3495 lto-

1796 3555 1942 3609 mine
2002 3561 2116 3607 tres
2168 3563 2342 3605 annos
2413 3545 2698 3616 poeniteas.
2754 3541 3000 3596 Aliorum
3063 3537 3376 3591 thesaurum

1797 3643 2004 3712 sumpsi
2053 3657 2154 3712 pro
2212 3655 2321 3710 quo
2366 3638 2577 3694 debitas
2633 3633 2912 3688 orationes
2969 3644 3074 3684 non
3136 3623 3375 3694 implevi.

1799 3737 1876 3790 M.
1904 3733 2239 3790 Manducasti
2271 3729 2580 3793 morticina,
2613 3734 2708 3781 aut
2751 3724 3046 3781 dilacerata
3091 3734 3120 3773 a
3164 3714 3374 3772 bestiis.

1799 3825 2158 3898 quadraginta
2185 3823 2322 3878 dies.
2356 3820 2433 3876 Μ.
2462 3817 2654 3874 Bibisti
2683 3816 2750 3871 de
2783 3814 2995 3883 liquore
3037 3812 3089 3865 in
3121 3823 3228 3879 quo
3255 3821 3379 3861 mus

1798 3921 1880 3976 vel
1906 3917 2136 3975 mustela
2171 3924 2396 3970 mortuae
2426 3914 2657 3968 inventa?
2685 3903 3008 3964 fueruntJI.
3033 3900 3378 3969 Contempsi-

1799 4011 1866 4065 sti
1891 4008 2149 4063 indictum
2176 4005 2432 4061 ieiunium
2469 4002 2522 4056 in
2551 3997 2781 4055 ecclesia
2805 4013 2820 4062 ;
2843 3995 2927 4050 vel
2951 4001 3139 4048 contra
3163 3991 3380 4046 decreta

1800 4101 2096 4157 seniorum.
2134 4095 2492 4169 quadraginta
2529 4092 2666 4148 dies.
2693 4087 2770 4142 Μ.
2800 4086 2868 4141 Ει
2903 4085 2948 4142 si
2975 4092 3208 4154 quatuor
3235 4089 3377 4134 tem-

1800 4209 1929 4264 pora
1944 4191 2071 4247 anni
2087 4190 2170 4246 vel
2191 4186 2623 4260 quadragesima.
2638 4196 2837 4238 annum
2854 4193 3040 4234 unum.
3057 4175 3133 4231 Μ.
3149 4175 3386 4245 Oppres-

1801 4285 1921 4341 sisti
1951 4284 2214 4340 infantem
2241 4291 2390 4336 tuum
2423 4279 2508 4334 vel
2535 4277 2700 4332 alium
2728 4283 2789 4331 ut
2826 4279 3147 4327 moreretur.
3177 4274 3386 4334 septem

1803 4392 1999 4442 annos,
2029 4383 2122 4430 aut
2143 4374 2382 4446 quinque
2404 4371 2488 4427 vel
2513 4382 2643 4427 tres.
2671 4369 2782 4424 Im.
2805 4367 2998 4425 Bibisti
3024 4365 3192 4420 ullum
3219 4358 3387 4414 malc-

1806 4469 2012 4534 ftcium,
2048 4468 2100 4523 id
2127 4473 2210 4522 est
2239 4465 2400 4521 erbas
2422 4505 2437 4530 ,
2467 4462 2553 4518 vel
2587 4461 2729 4521 alias,
2751 4475 2978 4517 causas.
3025 4465 3084 4511 ut
3132 4469 3238 4508 non
3287 4464 3388 4519 pn-

1808 4558 2006 4612 tuisses
2057 4553 2296 4610 infantes
2321 4553 2561 4617 habere;
2595 4559 2688 4605 aut
2719 4549 2824 4604 alio
2854 4545 3106 4608 donasti,
3149 4551 3244 4597 aut
3290 4542 3385 4595 ho-

1808 4650 2008 4706 minem
2037 4662 2134 4719 per
2163 4647 2438 4718 potionem
2464 4642 2714 4699 occidere
2742 4638 2978 4699 voluisti,
3020 4645 3113 4691 aut
3154 4635 3221 4689 de
3256 4646 3383 4686 san-

1809 4742 1989 4813 guine,
2018 4740 2102 4796 vel
2121 4740 2185 4796 de
2215 4738 2422 4794 semine
2446 4735 2625 4791 mariti
2650 4734 2762 4798 tui,
2796 4741 2858 4787 ut
2903 4728 3161 4807 maiorem
3211 4727 3278 4782 de
3336 4735 3388 4780 te

1811 4835 2037 4889 haberet
2073 4843 2338 4892 amorem.
2369 4813 2465 4882 aut
2489 4825 2718 4898 gustasti
2750 4864 2766 4889 ,
2795 4820 3129 4878 anturiuam
3180 4817 3418 4872 bibisti._

1812 4933 2017 4995 septem
2047 4936 2218 4977 amics
2243 4919 2509 4990 paenitens
2535 4916 2621 4972 vel
2635 4914 2872 4985 quinque
2901 4920 3140 4966 auttres.
3175 4907 3386 4962 Necasti

1813 5025 1999 5085 partus
2019 5023 2156 5068 tuos.
2189 5012 2376 5068 decem
2402 5024 2574 5064 annos
2598 4995 2884 5078 pmniteas'.
2915 5002 2992 5058 Μ.
3030 5003 3098 5057 Et
3144 5001 3188 5056 si
3219 4999 3412 5085 lilium.

1813 5083 1898 5161 vel
1927 5104 2093 5159 tiliam
2133 5098 2400 5157 occidisti.
2453 5097 2737 5153 duodecim
2779 5108 2949 5148 annos
2992 5089 3272 5162 paenitens.
3309 5083 3386 5137 M.

1814 5198 1882 5253 Et
1905 5197 1951 5253 si
1985 5196 2038 5249 in
2065 5202 2220 5248 utero
2245 5199 2370 5247 ante
2393 5195 2734 5258 conceptum.
2769 5199 2974 5240 annum
2997 5194 3185 5236 unum.
3217 5176 3295 5232 Μ.
3329 5175 3386 5234 Si

1809 5295 1938 5360 post
1962 5291 2283 5354 conceptum
2311 5295 2482 5336 annos
2511 5287 2642 5334 tres.
2678 5275 2755 5330 Μ.
2787 5276 2842 5330 Si
2877 5271 3054 5328 infans
3085 5283 3180 5338 per
3219 5266 3382 5335 negli-

1813 5379 2048 5452 gentiam
2074 5385 2318 5432 mortuus
2349 5374 2509 5429 fuerit
2535 5373 2651 5427 sine
2681 5370 2967 5439 baptismo.
2985 5378 3184 5418 annum
3202 5376 3385 5415 unum.

1813 5485 1870 5529 et
1890 5484 2164 5540 nunquam
2190 5467 2305 5523 sine
2334 5466 2513 5536 aliqua
2537 5461 2872 5533 paenitentia.
2903 5456 2981 5510 Μ.
3011 5454 3204 5510 Fecisti
3244 5453 3386 5507 aliud

1813 5564 2076 5634 paganias
2104 5603 2119 5629 ,
2154 5576 2274 5631 qua:
2303 5560 2355 5614 in
2386 5557 2504 5612 Kal.
2558 5554 2682 5610 Jan.
2715 5550 2922 5606 faciunt
2948 5548 3002 5602 in
3047 5546 3268 5602 cervulo
3301 5555 3386 5596 aut

1814 5655 1867 5710 in
1901 5654 2112 5725 vagula.
2164 5661 2275 5708 tres
2315 5665 2489 5705 annos
2520 5646 2806 5716 paeniteas.
2840 5641 2949 5696 Im.
2982 5639 3175 5695 Misisti
3225 5638 3386 5691 filium

1817 5755 1966 5800 tuum
1991 5758 2155 5814 super
2181 5752 2380 5798 tectum
2404 5747 2496 5793 aut
2525 5738 2578 5792 in
2607 5737 2884 5791 fornacem
2916 5748 3017 5804 pro
3045 5731 3224 5800 aliqua
3243 5730 3379 5783 sani-

1820 5846 1950 5906 tate,
1975 5835 2213 5906 quinque
2239 5846 2410 5887 annos
2435 5828 2724 5902 poeuitcas.
2749 5824 2918 5907 Elicit
2937 5824 3181 5882 ultimum
3214 5821 3373 5874 dicen
