3962 6326
146 399 258 456 985

1363 388 1683 446 JUDICHJM
1724 385 2107 444 ΡαίΝΙΤΕΝΤ
2119 384 2199 440 IS.
2230 404 2233 409 ν

3303 372 3409 430 986

214 505 581 581 Οηωίροιθης
621 515 679 565 et
710 489 1023 562 misericors
1071 504 1213 559 Deus
1245 502 1337 572 qui
1378 508 1725 557 peccatorum
1754 508 1801 565 Α
1830 499 2001 571 gratia
2024 505 2115 553 tua
2139 492 2382 558 contulit,
2411 502 2467 551 et
2493 492 2638 561 quod
2672 487 3039 547 misericordia
3072 487 3407 543 reformavit.

148 604 562 677 indulgentiam.

219 695 447 752 Domine
473 701 659 749 sancte
678 690 841 746 Pater
863 688 1206 757 omnipotens
1223 694 1433 742 eterna
1450 685 1609 740 Deus.
1639 700 1726 741 re-

144 787 301 857 spice
329 784 615 856 propitius,
645 792 750 838 etc.

219 879 364 933 Deus
385 874 698 933 misericors
719 873 862 928 Dens
884 870 1124 927 clemens
1148 872 1241 941 qui
1266 869 1561 925 secundum
1591 868 1729 923 mni—

146 966 439 1021 titudinem
484 962 895 1019 miserationum
930 969 1143 1016 tuarum
1192 969 1415 1031 peccata
1460 959 1725 1029 poeniten-

151 1057 291 1121 tium
318 1055 482 1120 deles,
514 1062 621 1111 etc.

220 1147 365 1200 Alia.
388 1144 722 1215 Maiestatem
749 1154 897 1201 tuam
921 1158 1231 1214 quzesumus
1257 1142 1388 1206 Due,
1410 1151 1519 1197 etc.

219 1236 365 1292 Alia.
413 1236 667 1292 Famulos
720 1248 839 1292 tuos
896 1250 1204 1305 quaesumus
1252 1235 1477 1291 Domine
1520 1235 1591 1289 ab
1642 1232 1725 1289 ira

146 1338 263 1394 tua,
290 1336 400 1383 etc.
1401 1330 1414 1339 ‘

218 1417 363 1490 Alia.
404 1416 545 1472 Deus
577 1416 670 1486 qui
712 1417 1085 1479 conﬁtentium
1129 1417 1223 1472 tibi
1265 1415 1429 1472 corda
1469 1413 1727 1485 puriﬁcas

147 1516 201 1561 et
258 1516 573 1563 accusantes
619 1523 747 1569 suas
791 1509 1155 1565 conscientias
1204 1507 1275 1564 ab
1318 1507 1464 1564 omni
1510 1505 1724 1562 vinculo

146 1600 222 1654 iui
245 1599 449 1653 :uitatis
485 1598 767 1653 absolutis.
799 1598 871 1652 Da
898 1600 1283 1670 indulgentiam
1308 1598 1438 1653 reis.
1469 1606 1525 1653 et
1555 1597 1726 1652 medi-

145 1706 323 1746 emam
354 1691 529 1746 tribue
555 1690 871 1758 vulneratis.
894 1700 949 1745 ut
976 1700 1227 1771 percepta
1254 1690 1574 1745 remissione
1601 1702 1721 1743 om-

147 1783 297 1836 nium
333 1790 675 1852 peccatorum
711 1782 764 1836 in
795 1783 1150 1839 sacramentis
1190 1782 1530 1837 tuissineera
1567 1780 1723 1836 dein-

2310 602 2579 659 Absolutio
2616 601 2923 674 presbyteri.

1904 721 2163 776 Dominus
2210 718 2366 775 .lesus
2413 714 2664 773 Christus
2704 716 2796 785 qui
2830 712 3081 785 dignatus
3120 720 3205 768 est
3250 711 3411 768 disci-

1829 812 1970 883 pulis
1986 812 2097 867 suis
2118 794 2337 868 dicere;
2357 821 2690 880 quzeennque
2713 805 3006 876 ligaveritis
3025 817 3187 872 super
3209 811 3410 857 terram

1828 910 1985 955 erunt
2009 899 2183 956 soluta
2209 908 2263 955 et
2287 899 2340 953 in
2363 897 2521 954 cosio.
2548 896 2615 951 de
2637 911 2866 966 quorum
2899 909 3124 949 numero
3159 890 3412 963 quamvis

1830 992 2105 1063 indignum
2136 999 2191 1046 et
2218 997 2563 1060 peccatorum
2587 987 2813 1042 vinculis
2843 986 3125 1039 astrictum
3166 998 3252 1037 me
3292 982 3421 1037 esse

1829 1098 1925 1139 sua
1956 1082 2267 1154 dignatione
2294 1079 2483 1135 voluit.
2514 1078 2632 1150 Ipse
2654 1093 2751 1133 vos
2778 1076 3022 1148 largifluo
3048 1074 3265 1147 pietatis
3298 1088 3410 1127 sua:

1826 1174 1985 1230 dono.
2026 1187 2089 1228 ac
2118 1187 2252 1228 meae
2289 1171 2446 1226 simul
2485 1167 2767 1242 pravitatis
2799 1167 3098 1223 ministerio
3132 1163 3411 1221 absolvere

1827 1264 2081 1333 dignetur
2118 1262 2187 1316 ab
2216 1261 2470 1317 omnibus
2509 1258 2818 1330 fragilitatis
2858 1266 3049 1311 vestrm
3095 1253 3409 1310 excessibus

1829 1356 2058 1409 interius
2107 1355 2453 1422 exteriusque
2499 1351 2814 1405 humanitus
2855 1348 3166 1403 contractis.
3209 1345 3413 1400 Amen.

1826 1448 1893 1503 Et
1929 1449 2069 1503 sicut
2096 1456 2318 1518 peccata
2357 1445 2522 1499 totius
2561 1441 2744 1497 mundi
2778 1455 2873 1495 sua
2916 1438 3206 1493 traditione
3244 1442 3410 1505 atque

1826 1537 2156 1592 immaculati
2189 1534 2472 1606 sanguinis
2512 1531 2777 1587 effusione
2816 1529 3064 1601 dignatus
3097 1535 3181 1582 est
3214 1538 3410 1594 expur-

1824 1645 1974 1701 gare,
2008 1629 2080 1683 ita
2117 1642 2333 1697 quoque
2380 1634 2684 1679 vestrorum
2735 1621 3105 1692 peccaminum
3165 1615 3407 1671 maculas

1827 1718 2250 1773 misericorditer
2290 1731 2394 1770 non
2432 1715 2753 1784 dcdignctur
2787 1710 3099 1766 emundare.
3154 1706 3410 1774 Ejusdem

1823 1810 1992 1866 sancti
2015 1808 2291 1877 sanguinis
2314 1805 2727 1862 interveutionc.
2752 1803 2840 1869 qui
2872 1801 3022 1855 fusus
3042 1799 3196 1853 estin
3226 1792 3410 1866 peccaé

144 1888 272 1943 cciis
297 1872 579 1964 devotione
603 1880 976 1964 Pel'll‘a"93"‘-
1012 1884 1069 1928 ει
1088 1872 1295 1964 “‘{num
1335 1872 1720 1932 Γωθωοίίθθίδ
1752 1892 1795 1956 Β
1825 1910 2001 1954 torum
2040 1872 2436 1955 remissionem.
2468 1898 2659 1951 Amen.
2690 1895 2992 1964 Atljnvante
3016 1891 3135 1945 Dno
3158 1904 3255 1943 nro
3281 1886 3415 1943 Jesu’

143 1970 360 2017 acterna!
388 1963 691 2017 sustineant
714 1963 1117 2025 detrimentum.
1148 1962 1272 2018 Per.

212 2046 364 2106 Alia.
389 2052 529 2125 Deus
557 2051 776 2107 humani
807 2054 1024 2123 generis
1054 2055 1443 2126 benignissime
1471 2056 1723 2112 conditor

142 2152 196 2198 et
212 2142 716 2226 misericordissime
730 2149 1070 2203 reformator.
1092 2149 1185 2218 qui
1207 2149 1260 2204 in
1284 2148 1723 2207 reconciliatione

140 2232 413 2302 lapsorum
440 2236 604 2290 etiam
635 2251 722 2292 me
748 2237 840 2307 qui
865 2239 1239 2295 misericordia
1271 2239 1478 2311 primus
1506 2240 1724 2309 indigeo

139 2324 349 2380 servire
378 2324 660 2382 effectibus
683 2329 873 2398 gratia:
906 2339 1010 2395 tute
1041 2345 1138 2399 per
1166 2332 1502 2388 sacerdotale
1533 2333 1725 2388 miste-

140 2416 281 2469 rium
309 2414 546 2471 voluisti.
575 2428 634 2472 ut
659 2428 905 2475 cessante
925 2421 1117 2477 merito
1137 2421 1397 2491 supplicis
1421 2422 1722 2479 mirabilior

140 2504 297 2561 ﬁeret
359 2505 685 2577 indulgentia
746 2508 1091 2566 remittentis.
1151 2510 1293 2566 Deus
1345 2513 1436 2582 qui
1494 2511 1723 2580 iustitiae

138 2596 274 2654 tegis
331 2597 714 2653 misericordia:
766 2614 982 2670 semper
1034 2599 1482 2672 multiplicatione
1534 2603 1724 2659 mode-

138 2687 298 2743 raris.
325 2687 449 2743 dum
469 2689 904 2760 delinquentibus
924 2692 1298 2763 paenitentiam
1320 2695 1564 2752 adhibes.
1591 2696 1719 2751 dum

134 2777 302 2831 etiam
332 2777 487 2833 malis
523 2780 871 2848 providentiae
899 2790 1005 2837 tua:
1028 2783 1169 2840 dona
1207 2799 1312 2840 non
1348 2785 1643 2840 subtrahis.
1666 2794 1725 2841 et

135 2866 435 2923 vindictam
462 2870 792 2926 moderando
825 2873 1127 2943 suspendis.
1157 2873 1301 2930 Deus
1325 2874 1418 2944 qui
1448 2875 1717 2931 hominem

137 2963 341 3019 invidia
375 2964 573 3020 diaboli
601 2966 672 3022 ab
700 2967 1004 3041 aeternitate
1032 2967 1299 3038 dejeetum
1333 2968 1477 3023 unici
1512 2968 1609 3023 ﬁlii
1641 2969 1719 3023 tui

134 3056 400 3125 sanguine
437 3055 734 3114 redemisti.
766 3058 991 3123 viviﬁca
1016 3059 1113 3115 bos
1149 3059 1384 3117 tantulus
1411 3069 1552 3117 tuos.
1579 3075 1721 3131 quos

136 3146 232 3203 tibi
276 3146 579 3204 nullatenus
614 3149 751 3205 mori
784 3149 1083 3207 desideras.
1115 3162 1172 3215 et
1200 3168 1340 3222 quos
1372 3168 1481 3209 non
1517 3153 1718 3211 dereli-

1824 1992 1925 2046 Ch.
1957 1991 2305 2046 Devotionem
2334 2002 2549 2059 quoque
2578 1994 2813 2041 vestram
2851 1983 3216 2049 ita.deinceps
3256 1975 3408 2047 adju-

1824 2081 1965 2136 torio
1999 2080 2185 2151 gratiae
2218 2094 2329 2135 sua:
2370 2094 2476 2133 non
2505 2077 2825 2147 dedignetur
2865 2072 3240 2128 corroborare.
3276 2080 3415 2138 (μιαί

1825 2180 1983 2226 tenus
2019 2180 2073 2225 et
2110 2170 2162 2224 in
2193 2170 2299 2225 hoc
2342 2168 2538 2224 szecnlo
2577 2164 2981 2234 subrepentium
3014 2161 3234 2230 laqueos
3276 2154 3421 2213 ueli-'

1822 2271 2036 2320 etorum
2060 2262 2285 2317 valeatis
2307 2260 2554 2316 evadere.
2585 2259 2715 2329 eqin
2742 2255 2923 2310 futuro
2950 2254 3114 2308 vitam
3147 2259 3406 2305 aeternam

1822 2352 2018 2411 Christi
2058 2352 2322 2422 sanguine
2378 2357 2746 2417 comparatam
2795 2347 2912 2399 sine
2957 2344 3061 2396 ﬁne
3107 2339 3419 2415 possidere.‘

1821 2446 2015 2500 Amen.
2049 2439 2353 2510 Atljuvante
2388 2440 2621 2494 Domino
2652 2445 2837 2492 nostro
2867 2433 2991 2488 Jcsu
3013 2432 3112 2488 Ch.
3154 2446 3243 2502 qut
3280 2428 3410 2483 tecit

1823 2551 1920 2590 nos
1950 2550 2071 2590 cum
2104 2549 2209 2589 non
2237 2545 2504 2586 essemus.
2542 2538 2595 2584 et
2637 2527 2858 2583 redemit
2887 2540 3007 2581 cum
3040 2521 3235 2594 perditi
3260 2535 3407 2576 esse-

1822 2642 1962 2681 mus.
1995 2625 2063 2678 ad
2104 2623 2317 2678 laudern
2348 2628 2403 2677 et
2434 2620 2658 2692 gloriam
2683 2616 2917 2672 nominis
2960 2614 3042 2671 sui
3081 2628 3177 2684 per
3219 2609 3404 2668 omnia

1820 2716 2018 2774 stecula
2048 2713 2390 2769 saeculorum.
2418 2712 2610 2766 Amen.
3410 2694 3417 2701 ’

2383 2802 2654 2858 Absolutio
2675 2801 2825 2871 Stgn.

1894 2899 2050 2955 Sicut
2083 2893 2372 2967 principali
2410 2892 2678 2948 sententia
2717 2895 2932 2944 constat
2957 2902 3083 2950 ρυιΑ
3125 2901 3176 2938 rs
3219 2897 3402 2938 IUNDO

1823 3001 2152 3047 amantius
2180 2998 2374 3040 omnes.
2409 2981 2560 3038 Unde
2579 2979 3000 3050 ingemiscimus.
3019 2976 3092 3030 ita
3114 2966 3421 3044 principali‘

1821 3080 2088 3138 sententia
2116 3076 2463 3134 consolamur
2487 3088 2503 3127 2
2533 3088 2659 3137 ρυιλ
2687 3086 2732 3126 SI
2765 3082 3141 3125 CDNFITEAIIUR
3163 3079 3403 3121 PECCATA

1821 3186 2047 3228 nos-ras.
2071 3182 2280 3224 nasus
2320 3182 2390 3221 ετ
2426 3178 2617 3221 wsrus
2648 3178 2748 3218 εδει·
2791 3160 2950 3216 .lssus
2977 3158 3248 3215 Cnmsrus
3276 3152 3419 3210 cos-'
3470 3146 3473 3147 ⁷

134 3239 304 3313 quisti
359 3240 562 3299 devios.
610 3258 826 3299 assume
868 3253 1166 3302 correctos.
1196 3246 1411 3302 ﬂoreat
1460 3248 1716 3317 pietatem

1825 3281 1985 3321 DITOR
2036 3280 2107 3319 ET
2153 3274 2477 3318 BEDEIPTOR
2542 3272 2606 3311 AC
2661 3267 2937 3310 SALVATOR
2984 3263 3210 3307 NOSTER.
3256 3262 3401 3311 QUEII

136 3340 285 3385 tuam
309 3329 465 3386 ﬁctus
485 3332 588 3409 iste
612 3348 885 3408 mororum
911 3344 1122 3393 tuorum
1142 3339 1361 3394 medere
1382 3338 1714 3395 vulneribus.

135 3434 193 3480 tn
221 3423 515 3495 benignam
540 3424 849 3496 iacentibus
870 3443 1092 3485 manum
1118 3430 1355 3502 porrige.
1386 3430 1464 3487 Ne
1490 3431 1717 3488 ecclesia

134 3527 225 3570 tua
253 3516 433 3588 aliqua
467 3518 549 3574 sui
589 3520 834 3590 corporis
870 3520 1122 3590 portione
1152 3522 1364 3591 privata
1402 3529 1713 3578 temeretur.

130 3605 211 3663 Ne
236 3623 372 3680 grex
401 3616 523 3665 tuus
544 3610 925 3667 detrimentum
960 3612 1248 3668 sustineat.
1280 3611 1356 3680 Ne
1393 3613 1461 3668 de
1497 3613 1717 3669 familia:

133 3705 239 3749 tuae
276 3695 472 3752 damno
510 3698 762 3755 inimicus
801 3700 1026 3757 exultet.
1076 3702 1156 3758 Ne
1198 3713 1417 3760 renatas
1462 3703 1717 3774 lacrymis

129 3784 463 3841 salutaribus
508 3788 719 3843 animas
770 3791 1006 3845 secunda
1056 3807 1205 3848 mors
1252 3793 1549 3862 possideat.
1593 3793 1714 3851 Tibi

126 3890 259 3946 ergo
285 3876 631 3932 humiliamur
654 3893 863 3937 omnes.
900 3880 1019 3938 Tibi
1040 3883 1562 3954 Domine-supplices
1590 3883 1713 3940 fun-

126 3966 309 4022 dimus
333 3984 542 4038 preces.
577 3970 671 4026 tibi
705 3970 888 4026 ﬁctum
926 3974 1099 4045 nostri
1127 3975 1307 4033 cordis
1328 3974 1627 4032 offerimus.
1659 3986 1714 4032 tu

125 4070 291 4126 parce
319 4057 720 4116 confitentibus.
761 4070 819 4118 ut
853 4063 1197 4122 imminentes
1225 4081 1415 4136 poenas
1440 4067 1714 4138 futurique

118 4146 314 4217 judicii
361 4149 685 4206 sententiam
729 4160 779 4208 tc
818 4154 1113 4212 miserante
1154 4173 1262 4212 non
1305 4159 1567 4214 incidant.
1614 4159 1715 4214 Ne-

126 4237 306 4293 sciant
326 4240 467 4308 quod
501 4250 670 4300 terret
699 4243 750 4297 in
780 4246 1038 4302 tenebris.
1068 4245 1221 4315 Quod
1250 4249 1444 4304 stridet
1471 4250 1527 4305 in
1555 4249 1713 4305 ﬁam-

124 4331 255 4386 mis.
292 4339 348 4388 et
374 4331 442 4387 ab
478 4348 724 4390 errorum
754 4335 839 4389 via
876 4337 943 4391 ad
970 4338 1072 4392 iter
1100 4338 1325 4410 justitiae
1360 4338 1472 4408 jam
1511 4321 1715 4398 reversi

123 4439 473 4494 nequaquam
510 4425 649 4482 ultra
680 4428 835 4484 novis
861 4428 1174 4485 vulneribus
1205 4431 1536 4488 saucientur.
1576 4434 1714 4488 Pro-

123 4514 327 4585 pitiare
352 4530 482 4586 ergo
524 4517 749 4573 Domine
789 4521 1143 4575 trementibus
1176 4529 1341 4592 atque
1380 4523 1713 4593 supplicibus

1822 3370 2067 3412 IIABEIUS
2093 3365 2419 3409 ADVOTATUI
2457 3362 2657 3404 ιυετυιι
2701 3361 2834 3401 APUD
2886 3344 3133 3399 ΡΑΤΒΕΙ.
3179 3355 3249 3394 ΕΤ
3301 3338 3419 3392 EST.

1821 3461 2167 3503 PROPI‘I'IATIO
2206 3459 2308 3499 PRO
2345 3453 2600 3498 PECCATIS
2635 3450 2879 3493 NOS’I‘IUS.
2916 3450 2988 3490 ΕΤ
3026 3443 3417 3488 ΙΝΤΕΚΡΕΙᾸΔΫ·

1820 3555 1920 3595 1³1ιο
1962 3553 2115 3594 αοβιε
2158 3548 2447 3591 Ριυειιτειι
2501 3541 2943 3588 (ΞΟΝΠΤΕΝΤΙΒΙΙΒ.
3007 3541 3077 3580 ET
3141 3528 3422 3578 DIMITTIT'

1818 3643 1968 3684 NOBIS
1989 3643 2223 3683 PECOATA
2251 3638 2477 3681 ΝοετιιΔ.
2500 3639 2570 3677 ΕΤ
2593 3635 2811 3676 ΙΙΙΙΒΑΤ
2838 3632 2934 3673 N05
2957 3633 3023 3672 ΑΒ
3044 3630 3174 3671 οιιΝι
3204 3627 3415 3675 ικιρυιοπ

1822 3736 1988 3777 rare.
2034 3718 2378 3789 Quapropter
2411 3714 2581 3770 frater
2610 3719 2796 3768 noster
2818 3706 3100 3765 conﬁtenti
3129 3704 3225 3760 tibi
3262 3718 3396 3774 pec-v

1819 3819 1940 3866 cata
1975 3820 2086 3864 tua.
2124 3823 2221 3877 per
2247 3805 2631 3862 ecclesiastica!
2665 3799 3008 3857 auctoritatis
3046 3803 3395 3867 potestatem.

1818 3916 1982 3972 quam
2008 3898 2266 3954 Dominus
2293 3904 2478 3951 noster
2505 3891 2665 3949 Jcsus
2695 3889 2959 3947 Christus
2979 3885 3204 3941 tradidit
3234 3883 3400 3937 disci—

1817 3992 1958 4065 pulis
1995 3999 2052 4046 et
2113 3988 2375 4060 apostolis
2421 3985 2538 4040 suis
2590 3983 2794 4039 dicens.
2855 3992 3100 4035 ACCIPI'I‘B
3144 3987 3411 4059 ενιιητιιιιἲ

1817 4096 2084 4139 ειμοτωι.
2113 4093 2330 4145 ρυοιιωι
2370 4088 2708 4133 REIISBRI'I‘IS
2741 4085 2977 4128 PECCATA
3008 4079 3398 4122 RIIITTUNTUR

1817 4191 1920 4231 sus.
1974 4183 2031 4230 et
2076 4187 2175 4243 per
2219 4169 2438 4227 eosdem
2485 4166 2759 4237 apostolos
2799 4177 2928 4219 suos
2960 4156 3392 4216 successoribus.

1816 4281 2046 4337 quorum
2070 4242 2220 4319 vices
2240 4261 2369 4319 licet
2389 4258 2594 4331 indigni
2627 4267 2890 4312 tenemus.
2913 4252 3030 4309 Etsi
3061 4265 3168 4306 non
3198 4242 3423 4306 merito'

1817 4367 1998 4412 tamen
2050 4354 2292 4410 nomine.
2339 4362 2503 4423 atque
2549 4348 2709 4405 ofﬁcii
2763 4344 3108 4415 susceptione
3144 4342 3394 4399 eamdem

1813 4454 2134 4517 potestatem
2165 4444 2404 4501 donavit.
2431 4452 2486 4499 et
2520 4444 2575 4498 in
2597 4457 2657 4498 se
2681 4440 2922 4496 credenti
2950 4437 3182 4493 ﬁdeliter
3207 4434 3342 4491 dixit
3374 4430 3419 4487 :7

1815 4537 1951 4593 Fur
1997 4553 2105 4592 'l‘lBt
2135 4550 2410 4591 secusne:
2440 4548 2600 4588 πωπω
2637 4546 2803 4589 'ruau.
2846 4529 3020 4600 gratia
3063 4535 3119 4581 et
3152 4525 3423 4596 potentia:

121 4607 226 4697 sub
284 4607 567 4663 sententia:
614 4616 716 4663 tuae
772 4611 1193 4697 esspecmtione.
1227 4613 1293 4667 ad
1354 4613 1714 4669 humilitatem

1825 4643 1938 4682 sua.
1972 4627 2173 4682 virtute
2207 4625 2443 4697 Spiritus
2475 4623 2649 4677 sancti
2683 4621 2775 4690 qui
2812 4627 2896 4674 est
2926 4617 3174 4673 remissio
3201 4629 3406 4686 peccas.

74 4704 80 4709 ‘
114 4694 420 4764 jacentium
469 4688 852 4754 sublevandam
892 4701 1172 4758 dexteram
1218 4703 1411 4760 salutis
1458 4706 1708 4763 extende.

120 4787 295 4841 Nobis
322 4804 535 4860 quoque
563 4790 737 4846 servis
766 4791 888 4847 tuis.
914 4810 1050 4865 quos
1074 4794 1383 4864 apostolica:
1409 4795 1575 4853 clavis
1618 4813 1710 4853 sa-

116 4876 520 4949 cerdotalisque
554 4879 713 4935 ofﬁcii
745 4882 1041 4940 ministros.
1070 4901 1176 4940 non
1217 4886 1483 4943 electione
1508 4887 1706 4943 meriti.

118 4967 220 5023 sed
259 4967 400 5023 dono
435 4970 621 5040 gratia:
645 4979 748 5026 tutae
788 4973 1137 5031 constituisti.
1164 4977 1230 5032 da
1277 4977 1528 5034 ﬁduciam
1574 4981 1708 5035 tanti

118 5059 369 5137 muneris
413 5063 737 5139 exequendi.
798 5064 870 5143 Et~
908 5066 1024 5136 ipse
1069 5066 1123 5139 in
1174 5077 1359 5136 nostro
1403 5071 1706 5129 ministerio

116 5151 266 5221 quod
310 5150 411 5206 tuae
441 5155 720 5222 potestatis
761 5166 846 5212 est
890 5172 1135 5229 operare.
1178 5160 1424 5233 Agnosce
1462 5163 1705 5236 piissime

115 5245 311 5313 poster
333 5243 460 5299 oves
490 5251 593 5300 tua:
626 5246 978 5304 redemtionis
1020 5257 1076 5305 et
1119 5252 1442 5307 constrictas
1480 5252 1706 5309 vinculis
1734 5316 1737 5321 ,

114 5342 488 5404 peccatorum.
514 5338 756 5395 ecclesia:
784 5349 887 5396 tuae
911 5343 1161 5412 precibus
1190 5355 1446 5400 exoratus
1464 5346 1702 5403 absolve.

113 5424 368 5515 iiedeant
396 5427 462 5481 ad
490 5429 749 5486 unitatem
778 5433 1020 5489 ecclesia:
1052 5444 1171 5491 tute.
1195 5445 1250 5492 et
1283 5447 1405 5508 post
1448 5440 1596 5496 illam
1625 5441 1706 5496 di-

108 5535 232 5574 ram
265 5519 443 5590 in0pis
487 5522 633 5577 exilii
682 5522 879 5581 famem
919 5527 1209 5584 redeuntes
1238 5541 1385 5587 veste
1424 5531 1700 5600 splendida

106 5622 346 5667 ornata}.
373 5613 640 5684 gaudeam
668 5631 727 5672 se
760 5627 984 5688 paterno
1016 5631 1260 5690 receptas
1287 5636 1406 5676 esse
1431 5623 1700 5678 convivio.

104 5702 261 5764 Nihil
288 5702 354 5758 de
380 5705 587 5763 honore
608 5708 934 5778 adoptionis.
959 5711 1095 5766 nihil
1119 5713 1183 5767 de
1205 5712 1535 5775 hacreditatis
1552 5724 1701 5771 sorte

101 5797 367 5877 perdant.
397 5798 490 5855 sed
525 5800 795 5875 integrum
822 5803 891 5860 sit
913 5803 989 5861 eis
1022 5812 1181 5879 atque
1206 5816 1523 5879 perpetuum
1555 5808 1726 5884 quod

838 6083 865 6105 Χ

1817 4727 1993 4773 torum
2030 4718 2270 4773 omnium
2297 4716 2535 4771 dimittat
2570 4712 2666 4766 tibi
2701 4711 2883 4766 omnia
2921 4718 3143 4779 peccata
3185 4715 3296 4763 tua.
3338 4710 3419 4769 et‘

1814 4810 2005 4865 liberet
2053 4821 2105 4864 te
2145 4808 2214 4864 ab
2251 4809 2396 4863 omni
2436 4803 2597 4859 malo.
2632 4808 2917 4858 conservet
2951 4800 3006 4854 in
3042 4798 3191 4854 omni
3225 4811 3400 4867 opere

1813 4901 1973 4956 bono.
2001 4911 2056 4956 et
2078 4902 2240 4956 ducat
2262 4900 2384 4954 tein
2407 4898 2571 4952 vitam
2599 4903 2879 4951 aeternam.
2904 4904 2962 4949 et
2983 4892 3049 4948 ad
3075 4900 3405 4955 sanctorum

1810 4991 2142 5048 consortium
2171 5003 2526 5060 supernorum
2550 4987 2751 5042 civium
2779 4999 2959 5042 amen.

1884 5082 2090 5137 Oratio.
2122 5080 2324 5135 Praesta
2347 5093 2655 5150 quaesumus
2678 5077 2901 5132 Domine
2922 5076 3009 5132 bis
3037 5074 3256 5130 famulis
3282 5072 3388 5127 tuis

1809 5175 2103 5229 secundum
2156 5172 2455 5242 piissimam
2512 5170 2944 5227 misericordiam
3013 5178 3182 5223 tuam.
3238 5168 3387 5221 iuxta

1811 5265 2022 5320 libitum
2067 5278 2255 5319 eorum
2311 5262 2670 5318 absolutionis
2726 5259 3101 5331 peccaminum
3162 5266 3386 5314 suorum

1809 5355 2066 5413 fructum.
2109 5367 2167 5411 ut
2194 5358 2304 5414 sint
2345 5357 2438 5413 tibi
2474 5357 2694 5428 dignum
2724 5353 3079 5411 habitationis
3107 5362 3213 5408 tum
3252 5360 3386 5406 tem-

1808 5449 1977 5518 plum.
2021 5456 2079 5504 et
2128 5461 2440 5505 mereantur
2496 5448 2754 5518 deinceps
2810 5459 2935 5501 eum
3000 5444 3158 5498 ittstis
3221 5450 3395 5510 atque.

1808 5540 2025 5595 Sanctis
2046 5539 2101 5595 in
2130 5550 2423 5609 conspectu
2449 5547 2541 5594 tuo
2566 5538 2871 5595 astantibus
2889 5535 3123 5590 absoluti
3154 5548 3381 5589 manere

1807 5632 1876 5687 ab
1900 5633 2142 5687 omnium
2176 5631 2465 5687 criminum
2493 5630 2636 5686 labe.
2658 5630 2765 5685 Per
2789 5628 2972 5685 Jesum
2996 5626 3292 5684 Christum.

1875 5722 2016 5776 Alia.
2042 5721 2150 5777 Nos
2176 5721 2341 5778 etiam
2374 5721 2672 5777 secundum
2695 5720 3077 5776 auctoritatem
3108 5716 3265 5773 nobis
3291 5717 3378 5771 in-
3424 5736 3431 5745 ι

1806 5812 1980 5885 dignis
2008 5829 2039 5869 a
2077 5814 2186 5891 Deo
2228 5813 2575 5871 commissam
2626 5812 2967 5871 absolvimus
3008 5827 3107 5870 vos
3161 5808 3381 5869 vinculo.
3420 5812 3423 5817 '
