3902 5334
506 221 608 278 987

1431 215 1720 272 APPEND.
1764 214 1855 268 AD
1883 211 2054 268 SJEC.
2096 212 2162 266 Χ.
2193 243 2264 252 —-
2292 212 2724 270 MONUMENTA
2763 212 3041 270 LI'I’URG.

3669 214 3763 274 98!

507 332 829 388 delictorum
857 338 1190 386 vestrorum.
1237 340 1294 384 ut
1327 329 1641 385 inci-camini
1688 326 1885 381 habere
1930 324 2093 379 vitam
2122 329 2170 387 Α
2202 323 2502 390 mitatibus,
2527 334 2584 381 et
2609 325 2817 382 iuribus
2853 327 3088 398 receptis
3113 341 3308 383 nomen
3339 337 3590 385 sanctum
3628 339 3765 385 tuum

507 433 788 479 tctcruam.
823 420 927 476 Per
949 437 1084 478 eum
1112 423 1203 493 qui
1238 423 1386 478 vivit.

1063 516 1182 570 Alia
1209 515 1374 568 absol.
1403 515 1539 584 sign.

579 607 770 662 Frater
800 605 863 661 N.
892 607 1159 664 Dominus
1185 609 1234 664 J.
1267 609 1365 664 Cb.
1396 609 1488 678 qui
1512 606 1789 676 discipulis
1805 605 1917 660 suis
1942 604 2098 660 dixit.

509 698 848 764 ρυιεευκουε
886 716 1226 756 ιιοᾼνειιιτιε
1261 715 1426 755 SUPER
1455 715 1668 754 TEBRAII
1700 715 1876 754 ERUNT
1907 711 2102 752 LIGA'I‘A

509 805 576 844 ET
603 805 651 865 ΙΝ
679 806 866 849 (χιιι).
897 809 966 848 ΕΤ
992 809 1322 858 ρυιεευκρυε
1344 808 1658 848 ΒΟΙΛἘΒΙἸΊΒ
1689 808 1868 848 ΕΒυΝΤ
1893 807 2102 846 SOLUTA

509 897 578 936 ετ
610 899 660 936 IN
683 898 870 941 cauo.
903 887 968 941 de
995 901 1225 956 quorum
1250 901 1477 940 numero
1503 886 1754 956 quamvis
1795 900 1892 940 nos
1932 885 2105 955 indig-

511 989 612 1027 nos
635 989 762 1031 esse
797 976 986 1032 voluit.
1042 977 1157 1047 Ipse
1205 986 1256 1032 te
1305 977 1552 1032 absolvat
1592 993 1690 1046 per
1733 977 2097 1031 ministerium

511 1070 764 1119 nostrum
794 1064 862 1119 ab
885 1066 1137 1122 omnibus
1159 1068 1396 1138 peccatis
1433 1067 1560 1122 tuis.
1583 1081 1921 1137 quaecunque
1951 1066 2102 1138 cogi-

512 1152 723 1214 latione
761 1158 972 1214 lusione
998 1169 1160 1229 atque
1196 1161 1514 1230 operatione
1539 1159 1875 1230 negligenter
1918 1159 2100 1228 egisti.

525 1259 574 1306 et
642 1265 672 1303 a
734 1252 964 1306 nexibus
1024 1261 1372 1322 peccatorum
1435 1252 1743 1307 absolutum
1805 1252 2106 1321 perducere

518 1343 773 1413 dignetur
800 1346 866 1398 ad
896 1337 1120 1414 regnum
1149 1345 1410 1400 caelorum
1438 1360 1618 1399 amen.

1161 1435 1278 1489 Alia
1315 1436 1454 1506 sing.

592 1523 786 1580 Frater
807 1525 872 1579 N.
905 1526 1300 1582 absolutionem
1343 1538 1398 1583 et
1438 1529 1817 1585 remissionem
1855 1538 2106 1600 peccato-

526 1630 644 1670 rum
677 1626 892 1672 tuorum
932 1634 1028 1688 per
1067 1619 1465 1676 invocationem
1507 1622 1744 1678 nominis
1781 1623 1897 1678 Dei.
1931 1632 1985 1678 et
2007 1638 2106 1693 per

2205 413 2508 469 instaurata
2541 417 2788 486 protinus
2812 418 3050 474 sanitate
3075 420 3384 476 benedicat.
3421 420 3546 476 Per.

2273 506 2417 560 Atia.
2464 506 2610 563 Deus.
2646 509 2739 578 qui
2783 510 3004 565 beatum
3044 510 3265 566 Petrum
3297 514 3604 583 apostolum
3631 522 3768 568 tuum

2205 597 2398 652 misisti
2428 599 2495 652 ad
2520 599 2806 656 Thabitam
2831 601 3089 658 famulam
3120 614 3288 670 tuam,
3313 615 3372 660 ut
3393 607 3513 661 eius
3536 607 3773 677 precibus

2203 690 2623 746 resuscitaretur
2653 693 2723 748 ad
2752 694 2942 762 vitam,
2974 697 3170 752 exaudi
3194 711 3295 752 nos
3328 713 3430 769 pro
3450 697 3652 754 famulo
3691 708 3773 754 tuo

2204 779 2269 834 Ν.
2305 797 2464 852 quem
2502 784 2563 838 in
2599 793 2694 841 tuo
2730 787 2953 844 nomine
2990 789 3176 844 visitat
3204 800 3395 846 nostra
3427 791 3690 862 fragilitas
3723 802 3776 847 ut

2205 883 2428 927 exorata
2454 874 2720 930 medicina
2751 885 2855 932 tua:
2878 879 3159 934 medicina:
3182 879 3230 934 ei
3255 880 3562 935 subveniat.
3591 881 3712 936 Per.

2275 962 2416 1018 Alia.
2446 965 2558 1020 Due
2591 977 2780 1023 sancte
2809 967 2972 1023 Pater
2989 984 3144 1040 omps
3170 979 3370 1027 mterne
3406 972 3575 1036 Deus,
3601 973 3689 1042 qui
3723 989 3775 1027 es

2205 1053 2292 1108 via
2336 1056 2539 1112 veritas
2583 1067 2640 1113 et
2687 1058 2825 1126 vita,
2865 1060 3063 1116 exaudi
3108 1069 3164 1117 et
3217 1076 3484 1117 conserva
3525 1062 3775 1118 famulum

2208 1157 2380 1216 tuum,
2437 1166 2599 1221 quem
2655 1153 2841 1224 precio
2884 1169 3082 1227 magno
3133 1156 3450 1213 redimendo
3505 1157 3777 1213 viviﬁcasti

2205 1255 2363 1296 sacro
2389 1243 2652 1313 sanguine
2681 1244 2800 1300 Filii
2830 1246 2907 1301 tui
2938 1247 3030 1302 dni
3064 1249 3147 1303 nri
3176 1249 3270 1303 lbu
3306 1248 3433 1320 Xpi.
3466 1248 3592 1318 Qui.

2598 1337 2905 1394 Benedictio
2932 1356 3088 1411 super
3109 1341 3401 1411 inﬁrmum.

2279 1425 2450 1483 Sanet
2480 1436 2531 1484 te
2565 1427 2706 1485 Deus
2730 1429 2894 1486 Pat‘er
2914 1447 3070 1503 omps
3101 1433 3192 1503 qui
3225 1441 3279 1488 te
3303 1434 3534 1494 creavit.
3563 1449 3663 1490 nec
3689 1436 3780 1490 erit

2209 1519 2308 1575 tibi
2335 1519 2493 1584 dolor
2512 1521 2564 1575 in
2595 1522 2772 1593 capite
2799 1532 2890 1579 tuo
2913 1539 3014 1579 nec
3040 1523 3093 1578 in
3117 1524 3326 1594 capillis
3350 1526 3479 1591 tuis,
3505 1540 3606 1581 nec
3625 1527 3782 1584 oculis

2211 1611 2337 1675 tuis,
2369 1625 2544 1680 neque
2590 1611 2644 1665 in
2697 1613 3010 1682 pectoribus
3058 1614 3184 1679 tuis,
3216 1629 3319 1670 nec
3362 1615 3417 1670 in
3468 1627 3651 1671 mente
3678 1627 3779 1680 tua,

522 1707 883 1764 ministerium
920 1720 1163 1766 nostrum
1195 1713 1476 1784 percipere
1515 1716 1776 1770 merearis
1817 1717 1906 1770 hic
1945 1725 2002 1770 et
2046 1717 2099 1770 in
2137 1705 2182 1766 Β
2213 1718 2313 1758 nec
2342 1704 2395 1758 in
2427 1704 2652 1760 auribus
2681 1704 2806 1769 luis.
2831 1720 2931 1760 nec
2956 1707 3008 1760 Ῐη
3031 1707 3178 1761 omni
3201 1722 3430 1778 corpore
3454 1717 3570 1764 ιιιο·
3593 1709 3781 1779 δυτεεο

521 1807 782 1852 aeternum
813 1816 988 1856 amen.
1023 1801 1125 1856 llic
1161 1813 1402 1874 aspergat
1437 1821 1524 1859 eos
1565 1822 1702 1874 aqua
1753 1807 2022 1861 benedicta
2065 1817 2114 1862 et

523 1899 700 1955 postea
715 1889 855 1944 dicat
879 1905 897 1942 :
923 1893 1138 1949 Exunce
1153 1910 1239 1957 om
1259 1909 1472 1950 υοιιλιιε.
1486 1911 1696 1952 εχυιιιιε
1714 1913 1742 1950 Α
1765 1913 2019 1954 uouruns.
2044 1914 2115 1955 ετ

525 1993 870 2036 ιιιιιιιιδιιιιιτ
888 1999 954 2038 τε
977 1982 1400 2041 Cunis'rus.Post
1415 1987 1527 2041 lucc
1547 1997 1764 2057 surgant
1785 1989 2110 2058 paenitentes.

523 2078 572 2121 et
593 2073 981 2124 moneanturab
995 2073 1230 2143 episcopo
1262 2084 1315 2128 ut
1341 2076 1482 2146 quod
1506 2077 1800 2146 paenitendo
1822 2077 2112 2132 diluerunt.

524 2159 766 2214 iterando
801 2158 906 2215 non”
933 2174 1187 2219 revocent.
1215 2165 1349 2220 Item
1376 2168 1504 2221 ordo
1532 2170 1670 2222 unde
1694 2187 1880 2225 supra.

625 2248 1014 2307 ORATIONES
1051 2255 1144 2308 AD
1185 2256 1609 2313 VISITANDUM
1643 2259 2008 2319 INFIRMUM.

921 2343 1074 2415 (Cod.
1101 2345 1196 2402 ΤΙι.
1228 2347 1291 2413 γ,
1316 2351 1440 2417 (585,
1475 2368 1600 2406 sive.
1636 2353 1716 2424 Σ.)

597 2431 739 2486 Deus
767 2434 856 2502 qui
887 2434 1086 2492 famulo
1127 2446 1218 2494 tuo
1239 2439 1483 2496 Ezechias
1521 2451 1603 2498 ter
1623 2444 1821 2513 quinos
1843 2460 2014 2502 annos
2043 2447 2112 2502 ad

531 2520 701 2575 vitam
727 2523 966 2591 donasti,
1009 2526 1080 2581 ita
1114 2536 1169 2582 et
1200 2527 1459 2593 famulum
1502 2541 1652 2589 tuum
1679 2550 1707 2586 a
1735 2534 1876 2590 lecto
1899 2537 2115 2607 aegritu-

528 2609 672 2666 dinis
702 2624 788 2666 tua
819 2617 1059 2683 potentia
1089 2619 1269 2690 erigas
1294 2622 1360 2676 ad
1388 2622 1644 2678 salutem.
1675 2624 1799 2680 Per.

604 2703 748 2758 Alia.
793 2706 1024 2776 Respice
1064 2710 1178 2766 Due
1211 2711 1476 2769 famulum
1509 2726 1658 2770 tuum
1685 2717 2002 2775 infirmitate
2033 2719 2114 2780 sui

531 2797 774 2864 corporis
798 2797 1154 2866 laborantem,
1176 2812 1229 2856 et
1246 2805 1481 2859 animam
1507 2805 1688 2862 refove
1705 2824 1867 2876 quam
1894 2812 2117 2878 creasti,

533 2895 593 2938 ut
618 2887 1068 2958 castigationibus
1107 2894 1392 2948 emendata
1417 2897 1674 2952 continuo
1703 2913 1763 2955 se
1789 2901 1993 2955 sentiat
2024 2909 2114 2971 tua

533 2977 802 3033 medicina
833 2995 952 3035 esse
975 2981 1262 3037 salvatam.
1287 2985 1410 3039 Per.

2215 1810 2375 1866 surge
2416 1795 2666 1860 Domine,
2715 1796 2990 1852 diabolum
3037 1795 3226 1866 fugere
3270 1798 3465 1865 facias,
3495 1807 3553 1855 et
3598 1802 3787 1869 proiice

2215 1884 2367 1939 illum
2399 1885 2466 1940 de
2495 1885 2696 1956 capite,
2721 1887 2787 1942 de
2817 1887 3049 1958 capillis,
3083 1888 3151 1943 de
3185 1887 3389 1954 fronte,
3413 1889 3481 1944 de
3507 1889 3701 1953 oculis,
3731 1891 3786 1945 de

2215 1979 2418 2051 lingua,
2445 1979 2510 2035 de
2536 1981 2637 2036 sub
2668 1980 2874 2052 lingua,
2903 1981 3109 2046 de.ore,
3149 1980 3217 2036 de
3245 1988 3491 2052 gutture,
3519 1982 3586 2036 de
3614 1983 3785 2048 corde,

2215 2068 2284 2124 de
2310 2070 2576 2135 humeris,
2609 2069 2677 2127 de
2707 2079 2917 2136 ventre,
2947 2072 3016 2127 de
3045 2070 3299 2126 omnibus
3327 2072 3593 2128 membris
3621 2073 3784 2127 istius.

2215 2159 2340 2216 Per.
2367 2159 2682 2216 Benedictio
2702 2161 2797 2216 Dei
2833 2161 3033 2215 Patris.
3357 2168 3365 2175 '

2289 2251 2647 2322 Omnipotens
2697 2260 2902 2308 aeterne
2954 2251 3116 2317 Deus,
3148 2251 3240 2322 qui
3287 2251 3641 2324 aegritudines
3685 2255 3790 2306 ani-

2219 2359 2430 2399 marum
2472 2345 2699 2415 depellis
2722 2353 2775 2400 et
2809 2359 3094 2415 corporum
3137 2346 3323 2400 auxilii
3359 2346 3433 2400 tui
3465 2361 3628 2417 super
3654 2346 3791 2399 inﬁr-

2218 2452 2368 2490 mum
2436 2437 2580 2493 hunc
2635 2438 2861 2493 ostende
2917 2438 3202 2503 virtutem,
3251 2446 3311 2490 ut
3361 2439 3511 2492 omni
3575 2438 3792 2492 saniute

2220 2537 2436 2598 recepta
2469 2529 2772 2600 gratiarum
2802 2528 2899 2584 tibi
2922 2528 2976 2583 in
3006 2527 3237 2584 ecclesia
3274 2537 3367 2583 tua
3399 2528 3604 2584 referat
3631 2530 3790 2584 actio-

2219 2632 2365 2672 nem.
2391 2617 2514 2672 Per.

2296 2708 2435 2760 Alia.
2485 2707 2653 2779 Omps
2686 2719 2742 2764 et
2770 2710 3081 2766 misericors
3131 2711 3295 2777 Deus,
3341 2710 3434 2781 qui
3467 2711 3717 2766 subvenis
3743 2711 3792 2763 in

2219 2797 2478 2867 periculis
2507 2798 2905 2866 laborantibus,
2943 2810 3000 2856 et
3039 2801 3134 2871 qui
3187 2811 3460 2872 temperas
3487 2801 3712 2872 ﬂagella,
3743 2810 3794 2855 te

2221 2889 2497 2959 supplices
2524 2906 2842 2958 exoramus,
2875 2901 2934 2947 ut
2957 2893 3271 2948 visitationc
3299 2902 3388 2947 tua
3418 2905 3612 2948 sancta
3632 2894 3795 2964 erigas

2223 2980 2483 3035 famulum
2517 2990 2667 3036 tuum
2691 2982 2757 3037 N.
2789 2984 2856 3039 de
2885 2985 2988 3040 hac
3026 2987 3402 3056 aegrotatione,
3431 3001 3541 3056 qua
3580 2997 3789 3050 tenetur,

603 3069 745 3122 Alia.
775 3071 1129 3143 Omnipotens
1157 3083 1212 3129 et
1239 3077 1550 3134 misericors
1573 3083 1738 3148 Deus,
1767 3084 1868 3152 qui.
1886 3085 2115 3140 immen-

2237 3082 2278 3128 ξι
2317 3085 2616 3142 pnesentes
2645 3089 2769 3130 eum
2800 3076 3046 3133 ecclesiae
3075 3087 3178 3133 tua:
3225 3090 3431 3135 sancta:
3487 3079 3793 3135 incolomeni

539 3174 656 3213 sam
688 3161 946 3230 pietatem
995 3175 1162 3233 tuam,
1197 3178 1254 3223 ut
1282 3169 1348 3224 ad
1388 3169 1668 3228 introitum
1699 3174 1753 3229 in
1784 3185 1875 3232 tuo
1900 3180 2120 3234 nomine

538 3251 860 3309 humilitatis
909 3259 1280 3315 nostraahuuc
1307 3259 1567 3320 famulum
1599 3272 1750 3320 tuum
1803 3267 1858 3320 in
1910 3268 2122 3322 habita-

539 3343 664 3399 culo
704 3345 969 3415 iacentem
1013 3348 1217 3406 fessum
1266 3352 1549 3410 salutifere
1589 3357 1812 3413 visitare
1859 3360 2117 3430 digneris,

546 3434 690 3490 sicut
721 3436 950 3493 visitasti
977 3439 1090 3495 Due
1117 3442 1341 3499 Tobiam
1367 3455 1423 3499 et
1456 3445 1672 3513 Sarant,
1702 3463 1918 3506 socrum
1948 3450 2121 3519 Petri,

537 3542 874 3598 puerumque
938 3533 1310 3601 centurionis,
1383 3536 1458 3591 ita
1521 3548 1578 3594 et
1651 3540 1813 3596 istum
1892 3542 2123 3612 pristina

539 3619 772 3676 sanitate
803 3621 1024 3678 visitare
1048 3624 1306 3696 digneris.
1341 3627 1466 3684 Per.

1001 3732 1134 3771 ΙΤΕΜ
1172 3734 1311 3773 ALIE
1351 3736 1670 3779 ORATIONES.

614 3803 838 3861 Domine
860 3817 1048 3862 sancte
1072 3809 1598 3883 Paleromnipoteus
1617 3828 1820 3873 aeterne
1842 3819 2003 3883 Deus,
2031 3822 2123 3890 qui

541 3889 887 3963 fragilitatem
929 3898 1258 3956 conditionis
1297 3911 1496 3958 nostrae
1545 3906 1724 3962 infusa
1773 3909 1991 3966 virtutis
2021 3889 2126 3966 tuae

543 3981 852 4053 dignatione
873 3986 1181 4055 conﬁrmas,
1199 4000 1256 4045 ut
1275 3992 1606 4049 salutaribus
1636 3999 1892 4055 remediis
1908 4001 2127 4070 pietatis

546 4082 650 4129 tua:
700 4090 928 4144 corpora
979 4087 1168 4135 nostra
1216 4091 1272 4136 et
1322 4086 1564 4140 membra
1593 4097 1936 4159 vegetentur,
1965 4109 2148 4162 super.

544 4164 691 4220 hunc
731 4166 991 4224 famulqu
1025 4182 1173 4226 tuum
1230 4177 1553 4245 propitiatus
1598 4181 1839 4249 intende,
1872 4194 1932 4239 ut
1981 4188 2124 4244 omni

547 4257 876 4325 necessitate
904 4275 1177 4331 corporea:
1208 4265 1539 4326 infirmitatis
1586 4273 1838 4340 exclusa,
1868 4277 2040 4348 gratia
2072 4279 2126 4333 in

547 4361 612 4401 eo
632 4348 877 4417 pristinae
903 4353 1153 4408 sanitatis
1179 4357 1416 4423 perfecta
1447 4372 1748 4429 reparetur.
1780 4364 1906 4421 Per.

595 4490 598 4494 ί
623 4440 762 4495 Alia.
799 4442 941 4499 Deus
965 4446 1055 4514 qui
1081 4445 1304 4504 factura:
1331 4459 1435 4506 tua:
1467 4452 1555 4522 pio
1585 4469 1797 4526 semper
1827 4459 2128 4515 dominaris

551 4531 793 4600 ali'ectu,
877 4536 1078 4593 inclina
1165 4556 1353 4599 aurem
1425 4553 1569 4600 tuam
1637 4549 2145 4619 supplicationibus

550 4623 770 4690 nostris,
805 4635 860 4680 et
889 4627 1145 4684 fanmlum
1174 4640 1321 4688 tuum
1349 4633 1415 4688 Ν.
1453 4652 1522 4691 ex
1562 4638 1790 4695 adversa
1819 4641 2130 4698 valetudine

550 4719 800 4787 corporis
851 4719 1187 4784 laborantem
1250 4727 1494 4796 placatus
1560 4732 1790 4802 respice,
1845 4743 1900 4788 et
1967 4736 2129 4791 visita

553 4810 606 4864 in
633 4810 852 4868 salutari
881 4821 972 4870 tuo
996 4831 1061 4872 ac
1087 4818 1329 4876 cwlestis
1348 4822 1538 4891 gratia:
1553 4835 1750 4893 praasta
1777 4827 2128 4882 medicinam.

553 4906 672 4962 Per.

623 5000 764 5055 Alia.
791 5001 932 5061 Deus
953 5003 1046 5074 qui
1067 5004 1305 5061 humano
1329 5006 1514 5077 generi
1535 5016 1592 5061 et
1612 5007 1806 5065 salutis
1831 5010 2131 5066 remedium

550 5099 607 5144 et
634 5092 757 5148 vita:
781 5104 992 5152 aeternae
1015 5112 1239 5152 munera
1260 5098 1562 5164 contulisti,
1588 5114 1846 5155 conserva
1871 5101 2131 5157 famulum

556 5189 704 5236 tuum
747 5193 958 5240 tuarum
1010 5188 1152 5249 dona
1205 5189 1489 5254 virtutum,
1520 5198 1574 5243 et
1619 5193 1874 5258 concede,
1905 5202 1966 5248 ut
2015 5209 2134 5248 mc-

553 5273 728 5328 delam
785 5284 928 5330 tuam
983 5294 1090 5332 non
1125 5279 1298 5334 solum
1345 5280 1400 5334 in
1445 5295 1698 5334 corpore.
1742 5285 1836 5334 sed
1870 5285 2033 5334 etiam
2058 5285 2132 5334 iin

2224 3165 2292 3218 ad
2323 3163 2538 3219 laudem
2566 3175 2618 3218 et
2645 3166 2872 3237 gloriam
2897 3168 3131 3224 nominis
3159 3169 3257 3224 tui.
3291 3169 3420 3244 Per.

2524 3256 2826 3314 Benedictio
2851 3277 3008 3332 super
3035 3278 3197 3316 unum
3219 3263 3508 3318 hominem.

2297 3349 2588 3407 Beuedicat
2611 3360 2662 3406 te
2687 3353 2833 3408 Deus
2856 3353 3005 3418 cwli,
3032 3355 3254 3410 adiuvet
3281 3367 3333 3410 te
3360 3355 3618 3413 Christus
3645 3357 3683 3412 F
3687 3357 3796 3412 ilius

2226 3442 2323 3500 Dei
2353 3459 2552 3514 corpus
2586 3455 2734 3500 tuum
2762 3447 2818 3501 in
2865 3447 3091 3504 servitio
3123 3456 3214 3504 tuo
3250 3449 3530 3504 custodire
3577 3460 3634 3504 et
3682 3465 3797 3504 con-

2227 3559 2447 3600 servare
2478 3545 2754 3616 dignetur.
2789 3546 2895 3602 Per
2991 3565 2996 3568 ‘

2299 3635 2441 3688 Alia.
2492 3633 2726 3689 Mentem
2778 3644 2924 3690 tuam
2979 3635 3245 3692 illuminet
3292 3645 3348 3691 et
3401 3651 3622 3693 sensum
3665 3648 3794 3692 tuum

2228 3728 2520 3792 custodiat,
2551 3727 2783 3797 gratiam
2829 3742 2982 3781 suam
3023 3727 3091 3781 ad
3121 3727 3423 3798 profectum
3469 3731 3664 3784 anima:
3710 3740 3794 3784 tua:

2229 3818 2326 3872 tibi
2356 3817 2620 3888 porrigat,
2653 3818 2720 3872 ab
2756 3818 2903 3872 omni
2938 3817 3082 3873 malo
3130 3827 3182 3873 te
3210 3817 3426 3883 liberet,
3455 3819 3678 3874 dextera
3711 3836 3794 3874 sua

2233 3920 2286 3966 te
2319 3908 2592 3975 defendat,
2627 3919 2680 3966 ct
2724 3911 2817 3981 qui
2868 3921 3090 3966 sanctos
3137 3925 3264 3965 suos
3310 3925 3531 3980 semper
3574 3914 3790 3974 adiuvat,

2232 4004 2347 4073 ipse
2389 4013 2441 4059 te
2471 4003 2694 4057 adiuvet
2725 4011 2780 4056 et
2808 4002 2875 4057 ad
2905 4000 3148 4057 coelestia
3186 4015 3353 4072 regna
3382 4003 3668 4075 perducat.
3708 4000 3793 4070 Qui

2232 4097 2364 4151 vivit
2391 4109 2447 4151 et
2473 4105 2664 4167 regnat
2687 4096 2851 4151 Deus.

2305 4187 2444 4241 Alia.
2478 4187 2592 4240 Due
2622 4186 2696 4241 Ds
2721 4195 2926 4242 aeterne
2951 4186 3044 4258 qui
3073 4195 3364 4256 utrumque
3398 4201 3591 4241 sexum
3628 4186 3691 4241 de
3729 4187 3796 4239 in-

2235 4278 2394 4333 teritu
2423 4284 2699 4348 perpetuae
2743 4277 2938 4331 mortis
2967 4292 3067 4349 per
3094 4276 3278 4332 Jesum
3320 4276 3606 4333 Christum
3652 4277 3796 4330 lilium

2155 4410 2208 4469 Β
2237 4377 2387 4422 tuum
2459 4369 2524 4423 de
2596 4367 2764 4422 Maria
2840 4368 3050 4440 virgine
3129 4379 3316 4424 uatum
3394 4369 3798 4424 misericorditer

2234 4458 2534 4523 redemisti,
2581 4459 2724 4514 hunc
2769 4457 3030 4513 famulum
3086 4467 3235 4514 tuum
3281 4459 3479 4514 devota
3524 4470 3700 4514 mente
3719 4459 3796 4513 tibi

2233 4551 2560 4606 servientem
2613 4549 2757 4604 omni
2806 4550 3188 4606 benedictione
3216 4549 3450 4618 spiritali
3496 4551 3798 4605 benedicere

2235 4643 2497 4712 digneris,
2550 4624 2622 4696 ut
2679 4641 2823 4694 inter
2872 4642 3108 4710 gratiam
3165 4640 3324 4695 fidem
3380 4642 3603 4705 habeat,
3659 4650 3710 4693 et
3756 4639 3797 4691 in

2236 4733 2520 4802 princeptis
2559 4730 2694 4801 legis
2731 4739 2833 4785 tua:
2866 4745 3084 4800 semper
3123 4740 3458 4800 perseveret,
3495 4740 3710 4784 terrena
3756 4738 3800 4781 ct

2238 4824 2552 4879 transitoria
2596 4823 2884 4894 despiciat,
2933 4833 3138 4878 aeterna
3187 4830 3243 4875 et
3276 4821 3575 4876 invisibilia
3619 4824 3798 4875 intenta

2239 4914 2589 4970 meditatione
2614 4914 2823 4984 diligat,
2850 4922 2909 4969 ut
2931 4915 2985 4968 in
3009 4929 3235 4970 numero
3259 4912 3587 4968 Sanctorum
3613 4922 3798 4967 tuorum

2238 5020 2560 5076 permanens
2578 5005 2789 5060 caelesti
2815 5020 3018 5075 sponso
3037 5020 3163 5061 cum
3189 5005 3533 5076 lampadibus
3560 5008 3794 5061 bonorum

2237 5097 2561 5151 tiducialiter
2587 5106 2866 5152 occurrat.
2898 5098 3071 5152 Amen

2309 5189 2451 5243 Alia.
2479 5189 2768 5245 Beuedicat
2799 5201 2851 5244 te
2879 5190 3041 5256 Deus,
3085 5191 3178 5262 qui
3218 5191 3270 5244 in
3310 5191 3581 5261 principio
3623 5198 3794 5245 cuncta

2241 5282 2467 5334 creavit.
2501 5283 2788 5334 benedicat
2833 5292 2885 5334 te
2932 5282 3072 5334 Deus
3121 5273 3308 5334 Filius.
3341 5283 3434 5334 oui
3472 5282 3544 5334 de
3574 5281 3795 5334 supernis
