3962 6326
151 349 279 407 939

1407 354 1727 414 JUDlClUM
1766 357 2236 419 PtENI'l‘ENTIS.

3341 369 3448 426 990

152 477 498 540 exspectant
566 469 634 525 ad
684 467 969 540 judicium,
1019 467 1113 540 qui
1163 482 1284 524 cum
1333 467 1512 538 Patre;
1535 469 1671 524 vivit
1715 472 2195 532 etAseminando
2248 473 2600 540 discordiam,
2655 476 2710 531 in
2783 492 2920 548 pace
2979 476 3139 546 falsa,
3193 479 3249 535 in
3322 481 3448 536 ﬁcta

152 571 370 632 regnat
405 561 547 617 Deus
575 576 672 630 per
711 563 891 616 omnia
925 561 1122 616 saecula
1161 562 1505 616 saeculorum.
1558 563 1756 618 Amen.

174 672 178 674 γ
239 651 392 706 Atia.
423 652 716 706 Benedicat
748 661 799 706 te
837 655 979 707 Deus
1006 651 1192 717 Pater,
1221 654 1492 708 custodiat
1521 662 1571 708 te
1595 653 1758 709 Iesus

1861 563 2128 627 amicitia,
2185 564 2240 619 in
2297 563 2541 635 ignavia,
2598 567 2652 622 in
2705 569 2958 640 segnitia,
3017 570 3072 624 in
3132 571 3342 638 auditu,
3394 573 3448 626 in

1859 663 2041 722 gustu,
2074 655 2128 709 in
2189 663 2355 719 tactu,
2388 658 2440 712 in
2493 658 2633 724 visu,
2672 659 2726 714 in
2776 661 3025 728 odoratu,
3068 662 3122 717 in
3164 663 3364 730 dando,
3392 663 3450 720 in

151 744 449 809 Christus,
508 745 774 800 illuminet
827 755 880 801 te
933 745 1169 816 Spiritus
1231 755 1458 802 sanctus
1507 749 1762 804 omnibus
1860 743 2200 815 accipiendo,
2234 747 2288 802 in
2321 749 2694 816 contentione,
2724 751 3047 822 accipiendo
3071 769 3315 808 usuram.

152 835 367 891 diebus
385 835 510 890 vita:
547 845 671 892 tum.
695 835 998 891 Confirmet
1040 846 1094 892 te
1125 836 1298 892 virtus
1325 835 1547 892 Christi.
1579 837 1760 892 Indul-

149 936 300 994 δεδι
329 927 427 981 tibi
454 927 566 981 Das
615 927 870 982 universa
918 927 1115 981 delicta
1144 937 1255 988 tua,
1287 927 1379 998 qui
1404 927 1458 980 in
1487 926 1759 982 Trinitate

153 1015 420 1086 perfecta
467 1018 602 1072 vivit
650 1026 708 1074 et
757 1026 949 1089 regnat
994 1018 1137 1073 Deus
1187 1032 1284 1088 per
1333 1019 1514 1073 omnia
1561 1017 1758 1074 secula

156 1110 522 1166 saeculorum.
545 1112 740 1166 Amen.
1562 1172 1569 1176 _

236 1203 390 1257 Alia.
431 1203 525 1258 llle
572 1204 714 1260 Deus
755 1205 1101 1275 omnipotens
1148 1204 1434 1260 benedicat
1491 1213 1543 1259 te
1593 1203 1758 1262 Pater

155 1295 230 1350 de
270 1295 451 1359 cmlis,
481 1295 574 1364 qui
617 1309 714 1365 per
757 1295 1051 1367 gloriosam
1109 1295 1452 1350 nativitatem
1501 1309 1656 1351 suam
1700 1305 1758 1352 et

156 1386 549 1441 admirabilem
595 1386 1072 1451 resurrectionem,
1105 1387 1581 1456 venerandamque
1631 1403 1754 1442 cru-

162 1494 294 1533 cem
371 1487 426 1533 et
502 1478 929 1550 sacratissimam
1002 1477 1320 1548 genitricem
1390 1487 1446 1533 et
1514 1479 1752 1548 preciosi

158 1568 452 1640 sanguinis
489 1567 753 1624 effusione
800 1583 900 1624 nos
944 1567 1097 1622 venit
1141 1566 1408 1623 redimere
1449 1567 1516 1623 de
1568 1569 1747 1624 terris.

157 1660 363 1714 Amen.

229 1751 535 1814 Benedicat
583 1759 638 1806 te
678 1751 823 1806 Dens
867 1750 1052 1814 Pater,
1089 1757 1244 1804 sanet
1282 1757 1336 1806 te
1372 1750 1517 1806 Deus
1553 1750 1747 1818 Filius,

2147 835 2280 890 Item
2332 835 2604 907 Confessio
2636 852 2986 911 peccatorum.
3017 842 3167 913 (144)

1929 925 2011 980 lh.
2054 927 2240 998 gihun.
2273 930 2431 1000 gode.
2462 930 2825 1003 almahdigen.
2861 933 3023 988 unde.
3061 933 3223 991 allen.
3264 935 3448 1006 godes.

1857 1017 2095 1089 engilon.
2143 1019 2304 1074 unde.
2358 1020 2519 1076 allen.
2571 1023 2757 1093 godes.
2802 1024 3071 1096 heilegon.
3127 1027 3290 1082 unde.
3341 1029 3446 1084 dir.

1857 1111 2041 1183 godes.
2072 1111 2269 1170 boden.
2311 1113 2497 1169 allero.
2542 1115 2771 1170 minero.
2811 1117 3066 1172 sundino.
3098 1118 3259 1172 unde.
3295 1118 3446 1172 ιιιιίΙί.

1858 1203 2006 1258 dero.
2041 1203 2301 1276 bigihdig.
2330 1206 2592 1260 uuerdan.
2632 1221 2749 1261 suo.
2779 1207 3044 1279 sochsegi.
3078 1209 3327 1286 uremidi.
3363 1224 3445 1263 so.

1858 1305 2020 1344 uuaz.
2075 1290 2214 1346 soih.
2259 1291 2550 1346 unrehdes.
2608 1292 2920 1362 gisahrode.
2973 1295 3260 1349 unrehdes.
3296 1295 3450 1362 giha-

1857 1379 2004 1434 nedi.
2059 1381 2376 1436 unrehtero.
2436 1383 2664 1438 uuordo.
2715 1384 3030 1439 unrehtero.
3088 1399 3307 1439 uuerco.
3342 1401 3446 1438 un-

1856 1470 2096 1524 rchtero.
2157 1471 2406 1541 gidanco.
2462 1472 2694 1528 ubilero.
2747 1473 2910 1528 iusto.
2973 1473 3167 1529 ubiles.
3219 1474 3444 1530 uuillcn.

1854 1561 2229 1618 ﬂuochonnes.
2271 1563 2570 1632 liogannes.
2616 1566 2989 1634 bisprachidu.
3023 1567 3301 1621 unrehtes.
3340 1575 3450 1622 sta-

1856 1653 2025 1709 dales.
2078 1655 2370 1712 unrehdes.
2421 1657 2656 1712 sedales.
2726 1657 2806 1712 ln.
2873 1658 3112 1713 nncidin.
3160 1659 3446 1729 sclaphun.

1855 1743 2095 1798 uncidin.
2157 1746 2429 1800 uuachun.
2480 1746 2560 1800 ln.
2611 1747 2962 1818 uncidigimo.
3023 1762 3229 1803 mazze.
3293 1749 3449 1802 unci-

156 1812 440 1899 illnminet
493 1852 546 1897 te
589 1842 734 1897 Deus
774 1841 1013 1912 Spiritus
1059 1852 1300 1907 sanctus,
1353 1857 1552 1912 corpus
1599 1852 1749 1896 tuum
1786 1812 2076 1906 Bdigimo.
2135 1837 2393 1892 dranche.
2453 1837 2623 1894 Thaz.
2676 1855 2996 1895 unmezzon.
3053 1840 3295 1894 uehonti.
3349 1839 3449 1893 Mi-

157 1931 364 1996 salvel,
392 1932 633 1986 animam
664 1940 812 1986 tuam
853 1931 1143 1996 custodiat,
1173 1946 1269 1986 cor
1313 1940 1463 1985 tuum
1500 1932 1748 1995 irradiet,

154 2037 387 2077 sensum
419 2031 570 2077 tuum
601 2022 820 2094 dirigat,
853 2030 909 2078 et
941 2022 1008 2076 ad
1031 2036 1320 2092 supernam
1351 2021 1515 2075 vitam
1548 2031 1600 2076 te
1623 2036 1749 2092 per-

155 2114 349 2169 ducat.
373 2113 565 2169 Amen.

225 2207 379 2260 Atia.
411 2207 520 2261 Dns
551 2207 638 2262 lhs
667 2205 783 2277 Xps
807 2207 947 2276 apud
979 2215 1030 2264 te
1067 2207 1160 2272 sit,
1186 2215 1245 2261 ut
1283 2214 1337 2260 te
1389 2205 1622 2268 reﬁciat.
1649 2206 1752 2262 cir-

153 2314 284 2354 cum
319 2307 374 2352 te
399 2298 488 2363 sit,
514 2306 574 2352 ut
611 2307 660 2352 te
686 2299 866 2363 ducat,
894 2314 1060 2369 super
1084 2299 1266 2352 omnia
1293 2298 1382 2362 sit,
1416 2307 1475 2352 ut
1508 2307 1560 2352 te
1585 2299 1751 2354 bene-

153 2387 333 2453 dicat,
381 2403 481 2458 pro
522 2396 575 2443 te
611 2388 702 2453 sit,
737 2397 797 2442 ut
834 2403 934 2458 pro
975 2397 1028 2443 te
1068 2389 1402 2444 incercedat.
1443 2387 1750 2445 Praestante

154 2479 396 2533 Domino
427 2487 615 2534 nostro
642 2477 768 2535 Jesu
791 2478 1034 2544 Christo,
1067 2479 1154 2535 cui
1183 2489 1267 2534 est
1292 2480 1469 2535 honor
1497 2489 1552 2535 et
1574 2479 1748 2550 gloria

153 2586 259 2641 per
286 2570 468 2624 omnia
500 2571 696 2625 saecula
729 2570 1072 2625 saeculorum.
1102 2570 1294 2625 Amen.

249 2661 376 2719 ιιξα.
406 2661 500 2717 ltle
536 2673 587 2716 te
630 2663 937 2727 benedicat,
977 2671 1242 2732 protegat,
1289 2669 1454 2732 atque
1492 2662 1750 2718 defendat

154 2751 375 2806 cunctis
406 2751 597 2807 diebus
622 2753 747 2806 vitae
784 2761 910 2810 tum.
951 2759 1008 2807 et
1029 2753 1295 2822 perducat
1331 2761 1384 2805 te
1427 2753 1494 2807 ad
1520 2769 1746 2824 regnum

161 2843 358 2914 gloriae
403 2859 544 2908 sure,
597 2858 759 2913 quem
811 2859 1002 2900 omnes
1051 2853 1242 2915 gentes
1264 2853 1587 2916 exspectant
1618 2861 1751 2900 ven-

157 2945 346 2989 turum
373 2935 623 2990 iudicem.
662 2937 855 2991 Amen.

169 3025 176 3030 '
230 3023 375 3078 Atia.
407 3024 550 3080 Deus
581 3026 672 3096 qui
697 3042 802 3080 non
829 3027 914 3082 vis
944 3037 1175 3083 mortem
1206 3030 1530 3098 peccatoris,
1573 3032 1667 3086 sed
1690 3041 1749 3088 ut

155 3125 515 3172 convertatur
553 3126 607 3172 et
649 3119 825 3184 vivat;
878 3121 1007 3175 huic
1055 3119 1260 3176 famulo
1293 3130 1408 3187 tuo,
1437 3123 1502 3177 ad
1543 3133 1594 3180 te
1635 3134 1749 3180 toto

1855 1943 2008 1982 nero.
2063 1929 2313 2000 spiungu.
2374 1931 2592 1986 huores.
2637 1929 2872 1986 Thiuhu.
2924 1932 3265 1986 manslahdu.
3315 1932 3451 1986 mei-

1853 2034 2007 2073 nero.
2040 2020 2184 2076 eido.
2221 2020 2452 2075 minero.
2492 2020 2654 2077 fastu.
2688 2021 3131 2076 ferhrochcneru.
3160 2022 3308 2076 mina
3331 2021 3448 2077 chi-

1854 2109 2067 2165 riclmn.
2111 2126 2191 2166 so.
2232 2112 2523 2167 nisuohda.
2576 2128 2658 2168 so.
2696 2113 2770 2168 ih.
2797 2113 2970 2168 solda.
3025 2127 3257 2168 sunnon.
3287 2113 3447 2184 daga.

1852 2204 2014 2258 unde.
2077 2203 2299 2259 andere.
2350 2205 2580 2276 beilega.
2639 2207 2798 2277 daga.
2858 2222 2940 2262 so.
2994 2221 3061 2261 ne
3093 2206 3272 2260 ereda.
3315 2205 3444 2260 noh.

1851 2307 1940 2347 ne.
1975 2294 2221 2365 begienc.
2263 2309 2344 2348 so.
2397 2294 2474 2348 ih.
2507 2294 2666 2350 solta.
2714 2294 2984 2366 heilegan.
3044 2294 3323 2347 unizzuht.
3363 2307 3444 2348 so.

1850 2400 1942 2440 ne.
1971 2385 2182 2455 gihielt.
2215 2401 2278 2440 so
2309 2386 2384 2440 ih.
2415 2385 2576 2441 solta.
2601 2388 2807 2441 minan.
2839 2403 2984 2441 curs.
3011 2399 3099 2440 ne.
3128 2386 3347 2439 irunlta.
3382 2400 3446 2442 so

1851 2477 1926 2531 ih.
1960 2476 2131 2532 solda.
2163 2478 2444 2546 ghorsam.
2493 2477 2569 2532 ni.
2611 2493 2767 2533 uuas.
2819 2492 2880 2533 so
2911 2478 2962 2532 ih
2994 2476 3154 2530 solta.
3187 2476 3444 2546 Thurph-

1838 2568 2020 2636 'tigun.
2065 2568 2205 2622 nint.
2235 2567 2413 2638 phiec.
2463 2583 2546 2623 so.
2605 2569 2682 2622 ih.
2731 2568 2892 2623 solta.
2927 2568 3230 2622 alamuosa.
3262 2566 3445 2637 nigabo

1849 2676 1910 2716 so
1959 2662 2036 2716 ih.
2080 2660 2240 2716 solta.
2291 2655 2429 2715 Ana.
2483 2659 2698 2715 nrlaub.
2751 2660 2874 2731 gab.
2934 2659 3096 2714 unde.
3131 2674 3222 2713 na.
3255 2657 3440 2712 dazilr.

1848 2754 2066 2808 nisolta.
2109 2753 2311 2808 Zuene.
2364 2753 2720 2808 nibesuonda.
2773 2769 2834 2808 so
2880 2753 2931 2807 ih
2969 2752 3125 2806 solta.
3158 2751 3352 2807 sunda.
3391 2749 3446 2804 ni

1850 2843 2074 2910 uerliez,
2107 2844 2276 2899 thien.
2307 2845 2384 2898 ih.
2413 2845 2573 2899 solta.
2607 2845 2772 2898 mine.
2810 2844 3084 2898 nahiston.
3109 2857 3170 2897 so
3193 2841 3270 2896 ni.
3305 2841 3447 2895 min-

1849 2944 1998 2990 nota.
2038 2951 2099 2991 so
2142 2936 2218 2990 ih.
2257 2936 2415 2992 solta.
2463 2937 2603 2992 thes.
2646 2935 2803 2991 alles.
2838 2936 3001 2991 unde.
3041 2935 3289 2990 anderes.
3333 2947 3446 2987 ma-

1850 3042 2034 3098 nages.
2079 3029 2221 3083 thes.
2271 3029 2348 3083 ih.
2389 3029 2602 3083 nuidar.
2638 3037 2750 3100 got.
2807 3027 3033 3084 sculdic.
3080 3027 3148 3081 si.
3191 3026 3329 3080 thes.
3365 3025 3442 3079 ih.

1857 3118 1908 3172 in
1947 3119 2176 3175 minero.
2208 3119 2563 3175 cristanheidi
2621 3119 2855 3188 gchiczi.
2896 3117 3058 3172 unde.
3087 3116 3166 3171 ih.
3195 3116 3319 3170 daz.
3351 3115 3447 3170 be-

156 3210 329 3264 cordc
354 3223 619 3264 converso
651 3219 874 3280 peccata
899 3212 1131 3280 dimitte,
1157 3217 1484 3284 etperennis
1511 3219 1743 3288 gratiam
1779 3206 1822 3226 υ
1853 3210 2056 3264 minen.
2090 3211 2377 3280 mcnisgin.
2419 3209 2678 3265 t'crliczzi.
2734 3209 2896 3264 unde.
2947 3208 3253 3263 bemineru.
3293 3206 3446 3262 chin-

157 3299 291 3352 vitre
323 3301 578 3354 concede.
607 3301 731 3357 Per.

272 3389 325 3444 11
333 3392 379 3445 ic
412 3394 565 3445 detur
585 3395 832 3448 secretior
860 3412 1007 3450 .ocus
1031 3398 1297 3468 .anguidis
1324 3402 1630 3470 confitendi.

233 3484 514 3540 Conﬁteor
554 3486 783 3540 Domino
832 3498 887 3542 et
912 3489 1164 3543 omnibus
1183 3491 1391 3546 sanctis
1415 3492 1534 3547 cius
1563 3501 1618 3547 et
1651 3493 1745 3548 tibi

159 3574 422 3628 sacerdos
448 3573 673 3641 Christi,
712 3577 839 3646 quia
871 3579 1087 3649 peccavi
1120 3580 1283 3635 nimis
1308 3582 1361 3636 in
1392 3581 1501 3637 vita
1540 3598 1658 3638 mea
1693 3585 1745 3639 in

159 3665 514 3735 cogitatione,
538 3666 590 3721 in
614 3667 904 3734 locutione,
935 3670 987 3725 in
1012 3679 1155 3735 actu,
1189 3673 1239 3726 in
1268 3675 1745 3742 commessatione,

160 3756 216 3808 in
249 3755 496 3825 crapula,
539 3756 594 3811 in
645 3757 935 3824 ebrietate,
967 3759 1020 3814 in
1058 3759 1206 3816 curis
1248 3762 1412 3816 huius
1435 3765 1646 3830 mundi,
1691 3764 1747 3819 in

161 3847 602 3916 concupiscentia
649 3848 858 3913 carnis,
884 3851 937 3904 in
993 3851 1245 3917 avaritia,
1295 3852 1348 3907 in
1401 3854 1642 3920 luxuria,
1690 3855 1744 3910 in

162 3937 528 4003 immnnditia,
579 3939 633 3993 in
694 3939 1015 4009 pollucione,
1066 3943 1119 3996 in
1165 3945 1442 4014 superbia,
1502 3946 1554 4000 in
1607 3961 1746 4002 vana

160 4026 436 4097 gloria,in
478 4029 814 4100 arrogantia,
845 4031 898 4084 in
949 4032 1232 4099 iactantia,
1276 4035 1329 4089 in
1367 4035 1660 4103 velatibne,
1687 4037 1741 4092 in

161 4117 556 4182 inobedientia,
609 4119 662 4173 in
688 4122 1054 4186 contumacia,
1088 4121 1141 4177 in
1189 4123 1388 4178 duritia
1441 4128 1661 4194 mentis,
1693 4127 1746 4182 in

163 4208 616 4275 contradictione,
665 4209 720 4264 in
766 4213 1216 4280 murmuratione,
1269 4215 1322 4268 in
1353 4216 1745 4287 indignatione,

164 4299 218 4352 in
273 4298 646 4368 despectione,
703 4301 756 4355 in
814 4303 1172 4369 detractione,
1217 4307 1270 4360 in
1325 4307 1435 4372 via,
1494 4310 1548 4364 in
1595 4311 1743 4380 odio,

169 4390 395 4454 invidia,
431 4392 483 4444 in
514 4391 917 4460 maledictione,
965 4395 1018 4450 in
1060 4397 1391 4465 pertinacia,
1419 4399 1470 4454 in
1512 4399 1748 4457 fornica-

1850 3301 2022 3371 desgi.
2057 3303 2328 3374 geburidi.
2375 3318 2456 3357 so.
2511 3304 2636 3358 mir.
2691 3303 2761 3356 iz.
2804 3301 3044 3357 slafanti.
3088 3300 3344 3372 gebnriti.
3384 3314 3446 3355 so

1848 3392 2178 3446 unachandi.
2210 3406 2289 3447 so.
2327 3393 2402 3447 ih.
2441 3393 2507 3446 iz.
2541 3393 2706 3448 selho.
2749 3392 3053 3462 gcfremidi.
3092 3392 3242 3446 oder.
3275 3392 3444 3446 audc-

1849 3497 2020 3538 remo.
2063 3484 2334 3553 gehancti.
2389 3485 2540 3540 oder.
2582 3485 2840 3540 anderen.
2903 3484 3184 3556 gespuoni.
3231 3498 3314 3539 so.
3365 3483 3442 3539 ih.

1847 3586 1928 3627 es.
1969 3573 2199 3644 gchngc.
2247 3589 2328 3629 so.
2382 3575 2460 3628 ni.
2520 3575 2748 3646 gehngc.
2806 3589 2867 3629 so
2915 3575 2986 3628 ih.
3032 3589 3109 3629 es.
3152 3587 3235 3643 ge.
3271 3573 3442 3628 dahti.

1848 3665 2002 3719 oder.
2033 3680 2117 3736 ge.
2149 3666 2287 3720 salii.
2316 3667 2468 3720 oder.
2498 3668 2573 3720 ih.
2613 3667 2682 3721 iz.
2715 3682 2800 3737 ge.
2835 3667 2980 3721 dadi.
3011 3667 3190 3722 order.
3224 3681 3444 3737 gespra-

1847 3754 1960 3809 chi.
1989 3769 2050 3810 so
2072 3755 2322 3810 uuirdon.
2359 3757 2431 3810 ih.
2462 3771 2539 3812 es.
2567 3757 2719 3812 alles.
2751 3757 3010 3827 bigihdig.
3043 3757 3198 3826 gode.
3228 3757 3438 3811 almah-

1849 3847 2030 3919 digen.
2065 3848 2226 3905 unde.
2254 3848 2420 3920 allen.
2464 3849 2648 3920 godes.
2690 3849 2948 3919 heiligon.
2979 3850 3142 3906 unde.
3188 3849 3315 3905 thir.
3340 3865 3439 3922 go-

1849 3945 2166 3999 desinanne.

1918 4034 2052 4089 Cum
2075 4033 2264 4088 venerit
2290 4032 2483 4102 aliquis
2506 4036 2575 4088 ad
2598 4042 2919 4102 sacerdotem
2954 4034 3194 4102 conﬁteri
3212 4032 3442 4104 'peccata

1846 4114 1966 4189 sua,
1991 4125 2068 4177 ita
2095 4123 2354 4192 imprimis
2392 4120 2760 4193 interrogetur.
2811 4121 2922 4175 lnt.
2951 4122 3141 4177 Credis
3189 4123 3244 4176 in
3274 4123 3443 4178 Deum

1847 4217 2087 4279 Patrem,
2109 4224 2166 4269 et
2202 4215 2421 4280 Filium,
2459 4223 2514 4269 et
2554 4214 2816 4284 Spiritum
2859 4223 3128 4269 sanctum.
3155 4214 3209 4284 ιῆ.
3245 4214 3440 4270 Credo.

1847 4309 1958 4364 Int.
1990 4308 2182 4364 Credis
2221 4308 2367 4377 quod
2413 4308 2532 4362 istae
2577 4316 2686 4362 tres
2729 4307 3165 4378 personac‘sicut
3209 4306 3444 4362 diximus

1846 4402 2009 4458 Pater
2035 4411 2092 4456 et
2121 4401 2294 4456 Filius
2333 4409 2389 4456 et
2435 4399 2669 4470 Spiritus
2723 4408 2946 4455 sanctus
3007 4408 3116 4454 tres
3157 4406 3282 4454 sunt
3322 4413 3444 4468 per-

168 4485 332 4550 tionc,
377 4485 430 4539 in
465 4487 859 4551 susurratione,
892 4488 942 4543 in
993 4490 1363 4556 musitatione,
1395 4493 1446 4547 in
1481 4494 1744 4561 periurio,
1776 4524 1825 4583 υ
1852 4510 2020 4559 sonas,
2063 4504 2118 4548 et
2147 4507 2286 4547 unus
2332 4475 2498 4546 Deus.
2527 4493 2581 4561 ιῆ.
2627 4491 2820 4547 Credo.
2853 4490 2962 4544 Int.
2983 4491 3170 4546 Credis
3199 4492 3341 4560 quod
3387 4490 3443 4545 in

164 4578 219 4632 in
250 4575 550 4642 mendacio,
584 4577 637 4631 in
693 4578 867 4644 furtu,
916 4580 968 4634 in
1019 4581 1384 4653 neglegentia,
1417 4583 1470 4637 in
1525 4584 1745 4640 tristitia

166 4667 326 4722 huius
355 4667 562 4733 srecnli,
599 4669 651 4722 in
686 4668 872 4724 laetitia
919 4687 1079 4737 vana,
1113 4674 1166 4727 in
1207 4674 1503 4745 loquendo,
1535 4677 1587 4731 in
1616 4677 1746 4732 reti-

167 4759 360 4823 cendo,
394 4759 446 4812 in
479 4759 811 4829 increpando
831 4761 1214 4828 immoderate,
1236 4766 1287 4820 in
1313 4767 1638 4822 remittendo
1661 4769 1745 4824 in-

167 4858 344 4914 caute,
376 4850 430 4904 in
472 4849 762 4906 dilectione
799 4867 961 4918 vana,
997 4853 1050 4908 in
1093 4854 1458 4920 inclementia,
1497 4859 1550 4913 in
1580 4860 1746 4913 simu-

169 4941 383 5007 latione,
415 4942 470 4996 in
498 4942 635 5008 risu,
670 4942 724 4997 in
753 4943 894 5009 ioco,
925 4944 982 4998 in
1006 4947 1364 5014 scnrrilitate,
1389 4949 1444 5004 in
1477 4949 1745 5006 discordia

237 5051 380 5120 (Ml)
408 5051 564 5106 Manu
600 5054 874 5110 Lambecii
906 5057 957 5109 in
1002 5057 1132 5111 bibl.
1164 5057 1412 5115 Caesarea
1443 5061 1545 5116 hoc
1573 5062 1625 5116 in
1653 5079 1745 5118 co-

304 5123 562 5202 scriptum
589 5134 674 5202 est
705 5125 844 5202 ερας»
869 5125 1060 5202 Ottone
1079 5129 1248 5202 primo
1272 5131 1477 5202 videtur
1491 5135 1738 5202 scriptus.

167 5192 391 5266 ldem_e_x
418 5194 616 5266 celebri
647 5195 1048 5266 cod.-Augiensi
1077 5192 1316 5264 ejusdem
1348 5192 1742 5259 bibliothme-

159 5278 273 5321 sar.
301 5263 487 5335 Theol.
521 5264 623 5328 149
652 5265 821 5324 edidit
859 5263 1221 5335 antiquiorem
1245 5270 1422 5326 adhuc
1443 5271 1741 5328 confessio-

167 5348 284 5387 nem
317 5333 640 5411 .theptis‘cam
683 5335 777 5390 lib.
803 5352 838 5390 ιι
864 5333 1008 5411 _hibl.
1039 5337 1174 5411 Caes.
1205 5353 1254 5392 c.
1280 5339 1340 5411 75,
1373 5357 1424 5411 p.
1450 5342 1574 5397 518.
1610 5344 1740 5400 Eam

166 5403 356 5479 repetit
395 5403 699 5479 Diederz'cus
727 5406 1024 5479 vonAStade
1063 5403 1443 5479 in_specimihe
1473 5413 1597 5467 lect.
1633 5431 1734 5469 ao-

170 5471 264 5547 tiji.
292 5471 675 5547 Francicorunt
701 5492 752 5544 p.
801 5476 890 5532 20.
938 5493 1052 5547 seq.
1113 5471 1356 5534 Similem
1400 5483 1569 5538 edidit
1608 5484 1732 5540 Seb.

159 5543 466 5620 Ahlunsterus
513 5545 566 5620 in
606 5543 1165 5620 Cosntogr._ser_mone
1192 5549 1396 5620 vulgari
1441 5554 1734 5611 etiamnum

169 5615 303 5683 apud
340 5630 440 5693 nos
456 5617 654 5693 usitato
682 5615 1023 5693 qltfrdnkisch
1047 5619 1192 5693 di_cto
1222 5639 1234 5673 :
1278 5615 1554 5693 multaque
1587 5625 1636 5678 in
1671 5643 1735 5682 ea

171 5693 316 5740 notat
337 5683 548 5740 dialecti
563 5683 1052 5760 Anyto-Saxonica:
1073 5690 1380 5760 Grupenius
1407 5683 1740 5753 in'formulis

173 5763 403 5819 veterum
449 5755 852 5815 confessionum
886 5777 899 5816 :
933 5755 1420 5832 sequitur'brevior
1450 5764 1537 5822 illa
1576 5783 1738 5838 quam

1855 4588 1970 4656 ipsa
2016 4601 2179 4641 carne
2234 4586 2286 4640 in
2341 4600 2449 4653 qua
2512 4599 2655 4639 nunc
2707 4592 2790 4638 est
2840 4583 3083 4652 recipere
3133 4582 3298 4637 debes
3328 4583 3444 4638 sive

1853 4679 2076 4743 bonum,
2107 4677 2222 4733 sive
2271 4675 2494 4740 malum,
2537 4676 2680 4744 quod
2729 4674 2963 4742 gessisti.
2996 4675 3048 4742 ii}.
3080 4673 3279 4729 Credo.
3327 4673 3438 4728 lnt.

1853 4771 1948 4825 Vis
1999 4769 2272 4824 dimittere
2321 4767 2406 4823 his
2454 4768 2546 4837 qui
2599 4768 2652 4822 in
2705 4775 2755 4821 te
2799 4775 3180 4836 peccaverunt,
3214 4775 3270 4821 ut
3299 4766 3442 4823 Deus

1853 4861 2091 4916 dimittat
2131 4860 2224 4914 tibi
2265 4867 2481 4928 peccata
2528 4866 2618 4912 tua
2643 4899 2657 4922 ,
2691 4858 2902 4912 dicente
2931 4858 3156 4912 Domino
3184 4859 3236 4912 in
3264 4858 3443 4924 Evan-

1851 4950 1992 5022 gelio
2024 4969 2036 5005 :
2067 4950 2364 5005 Dml'rnre
2414 4963 2485 5004 ET
2530 4965 2872 5004 nm'rrs'run
2920 4965 3091 5006 vosls.
3148 4948 3206 5004 Si
3258 4963 3436 5003 Αυτειι

1847 5074 1967 5134 post
1989 5062 2162 5117 Achil.
2193 5063 2486 5134 Cassarum
2515 5062 2803 5134 Goldastus
2829 5074 2867 5118 t.
2893 5063 2959 5117 lll
2980 5061 3289 5134 Rer._Alem.
3309 5078 3436 5134 pag.

1850 5132 1971 5189 143.
2023 5134 2295 5189 Eccardns
2342 5132 2542 5187 Franc.
2576 5132 2785 5189 Orient.
2824 5149 2946 5204 pag.
2975 5134 3098 5189 930.
3133 5132 3438 5204 Schilteriis

1847 5204 2011 5260 Thes.
2047 5213 2084 5258 t.
2112 5204 2130 5257 ι
2155 5221 2207 5273 p.
2239 5204 2328 5269 87,
2358 5219 2480 5259 cum
2509 5204 2674 5258 variis
2703 5202 3045 5273 versionihns
3082 5217 3146 5273 ac
3196 5202 3440 5258 lectioni-

1844 5276 1944 5329 bus
1968 5271 2304 5330 variantibus
2330 5291 2394 5329 ex
2426 5273 2663 5329 Broweri
2695 5273 2876 5342 Antiq.
2905 5271 3061 5326 Fuld.
3090 5272 3183 5325 lih.
3214 5288 3253 5327 ιι
3274 5289 3324 5327 c.
3345 5273 3435 5338 M,

1845 5345 2150 5407 ediderunt,
2189 5361 2255 5400 ex
2300 5345 2489 5400 codice
2531 5342 2910 5399 Son-Gallensi
2955 5342 3318 5409 descriptam,
3348 5343 3433 5397 cui

1847 5413 2154 5486 Grnpeoius
2182 5417 2344 5471 tertio
2380 5416 2500 5471 loco
2544 5414 2957 5486 Lambecianom
2994 5412 3433 5486 codicisitidcm

1846 5481 2172 5540 Alemannici
2195 5487 2468 5556 Augiensia
2491 5500 2555 5556 ac
2578 5487 2793 5556 demum
2823 5481 3344 5556 A_nglofs_aa:on_i_cam
3369 5499 3435 5537 ex

1845 5556 2145 5611 canonihus
2190 5551 2295 5612 an:
2319 5555 2422 5612 967
2469 5555 2569 5612 sub
2608 5553 2820 5619 Edgaro
2851 5552 2917 5608 Β.
2949 5553 3155 5609 addidit
3185 5551 3432 5610 Hannon.

1845 5626 2118 5682 an.i767.
