3902 5334
482 390 582 446 991

486 524 582 565 νος
620 524 722 563 ηοξ(
768 524 1096 565 υιιιεεκιτιε
1138 524 1427 565 ιιοιικιιιυε
1475 524 1712 565 PBCCA'I‘A
1753 521 1931 561 BORUI
1973 517 2071 558 NEC
2104 482 2149 538 Α

484 617 660 657 ΗτΕῆ
719 617 949 665 γεδτειιη
983 616 1262 657 C(ELI'ZSTIS
1318 617 1584 657 ιιιιιιττετ
1634 615 1785 655 νοιιδ
1830 613 2071 659 PECCA'I'A

484 710 687 752 “it-1'!“

657 807 733 888 Et
762 833 1004 889 sacerdos
1033 834 1320 897 benedicat,
1343 842 1393 889 et
1412 843 1545 900 aret,
1564 843 1613 888 et
1635 834 1774 888 dicat
1796 831 1894 887 illi.

559 965 727 1035 Oinps
754 967 849 1027 Ds.
876 966 968 1036 qui
998 965 1172 1022 dixit:
1207 966 1309 1035 Qnt
1342 982 1411 1022 its
1440 983 1729 1025 consessus
1761 983 1956 1024 ﬂii-2an
1981 982 2075 1024 oo-

486 1072 595 1113 BAU
626 1068 932 1123 Βοιικιιιυς,
953 1073 1283 1115 COSFITEBOB
1318 1074 1388 1113 ΕΤ
1419 1073 1519 1113 Εθο
1545 1072 1657 1115 Εωι
1686 1073 1864 1116 εοιλι
1887 1057 2072 1115 ΡΑΤΒΕ

487 1161 615 1209 uso,
641 1145 728 1201 ille
748 1156 801 1202 te
820 1146 1123 1213 benedicat,
1141 1156 1196 1203 et
1223 1149 1521 1212 custodiat.
1546 1158 1602 1204 et
1630 1151 1723 1205 det
1752 1150 1845 1205 tibi
1879 1150 2072 1206 remis-

487 1238 699 1293 sionem
740 1239 983 1294 omnium
1026 1249 1396 1309 peccatorum,
1425 1249 1480 1296 et
1524 1241 1788 1297 scelerum
1835 1250 2072 1298 tuorum.

488 1328 685 1384 Amen.
720 1327 1154 1387 Miscreatur'tui
1197 1332 1541 1402 omnipotens
1584 1332 1725 1388 Deus
1752 1339 1809 1387 et
1835 1332 2076 1389 dimittat

490 1418 602 1473 tibi
635 1417 817 1472 omnia
864 1428 1088 1488 peccata
1119 1429 1230 1475 tua.
1274 1421 1468 1477 Amen.
1499 1421 1719 1479 Liberet
1748 1433 1800 1477 te
1828 1423 1897 1477 ab
1926 1423 2078 1478 omni

490 1508 656 1576 malo,
684 1518 739 1564 et
779 1519 1066 1567 conservet
1095 1521 1147 1565 te
1187 1512 1241 1566 in
1288 1513 1434 1567 omni
1474 1514 1635 1571 bono.
1663 1513 1857 1569 Amen.
1884 1513 2078 1569 donet-

488 1614 595 1670 que
627 1600 722 1656 tibi
746 1616 927 1656 veram
967 1602 1353 1670 humilitatem,
1379 1611 1434 1659 et
1458 1619 1643 1659 veram
1672 1602 2085 1674 ptenitentiam,‘

489 1689 858 1755 sobrietatem,
891 1700 947 1746 et
975 1690 1340 1757 tolerantiam,
1364 1693 1562 1748 bonam
1592 1694 2085 1763 perseverantiam,

488 1790 543 1836 ct
570 1783 769 1838 bonum
816 1782 998 1853 ﬁnem,
1027 1793 1082 1841 et
1123 1786 1382 1854 perducat
1422 1794 1472 1840 te
1505 1784 1558 1841 in
1587 1786 1753 1843 vitam
1791 1795 2075 1842 aeternam.

489 1877 683 1931 Amen.
714 1876 994 1948 lndulgcat
1040 1878 1135 1932 tibi
1185 1878 1450 1934 Dominus
1486 1879 1669 1934 omnia
1716 1888 1936 1949 peccata
1966 1888 2076 1945 tua,

490 1966 765 2034 prtetcrita
807 1967 1096 2037 praesentia
1142 1977 1199 2024 et
1245 1968 1445 2023 futura.
1478 1970 1673 2025 Amen.
1706 1970 1976 2027 llluminet
2026 1979 2079 2026 te

494 2056 733 2125 Spiritus
761 2065 984 2113 sanctus
1014 2073 1045 2112 a
1075 2058 1239 2115 Patre
1276 2069 1332 2115 et
1367 2059 1507 2115 Filio
1536 2061 1856 2131 procedens.
1880 2061 2074 2117 Amen.

496 2145 717 2203 Salvum
752 2158 803 2204 te
830 2149 995 2204 faciat
1026 2151 1135 2206 Dus
1157 2167 1373 2207 servum
1400 2168 1575 2208 suum.
1603 2154 1792 2207 Amen.
1821 2152 2087 2210 Dominus

495 2239 768 2296 custodiat
800 2249 853 2296 te
894 2241 961 2297 ab
982 2242 1129 2297 omni
1164 2242 1326 2298 malo.
1353 2242 1546 2298 Amen.
1576 2242 1872 2299 Benedicat
1894 2251 1946 2298 te
1976 2244 2082 2298 Do-

503 2329 680 2385 minus
704 2345 774 2385 ex
802 2330 955 2386 Sion.
986 2331 1181 2387 Amen.
1209 2333 1386 2389 Mittat
1417 2333 1511 2390 tibi
1540 2333 1800 2389 Dominus
1820 2333 2081 2389 auxilium

496 2420 563 2475 de
594 2420 804 2478 sancto.
849 2421 1041 2477 Amen.
1068 2420 1327 2479 Dominus
1357 2433 1645 2480 conservet
1671 2431 1746 2486 te,
1769 2434 1826 2481 et
1844 2424 2084 2482 vivilicet

496 2520 550 2566 te
570 2511 818 2570 Christus
854 2512 1026 2569 Filius
1054 2515 1144 2569 Dei
1176 2514 1413 2570 salvator
1438 2516 1647 2571 mundi.
1670 2514 1868 2572 Amen.
1891 2513 2084 2585 Propi-

495 2602 604 2660 tius
637 2603 708 2659 sit
748 2604 843 2659 tibi
881 2605 1238 2676 omnipotens.
1260 2605 1423 2671 Deus,
1462 2604 1554 2662 hic
1575 2606 1714 2661 etin
1742 2614 2081 2676 perpetuum.

495 2694 693 2750 Amen.
713 2694 848 2751 Inde
871 2706 991 2767 post
1008 2707 1279 2768 acceptam
1291 2698 1646 2768 paenitentiam
1666 2707 1714 2753 et
1728 2698 1887 2767 ﬁdem
1915 2698 2085 2769 expli-

498 2790 679 2853 citum,
711 2788 923 2843 redeant
954 2790 1271 2854 risitatores,
1300 2798 1350 2844 et
1392 2799 1517 2845 tunc
1542 2789 1797 2860 incipiunt
1824 2789 2083 2861 psalmum

500 2886 715 2932 cantare
748 2895 868 2933 cum
896 2878 1023 2934 Ant.
1057 2878 1116 2934 lu
1142 2880 1344 2935 virtute
1371 2888 1460 2935 tua
1491 2880 1685 2935 exaudi
1713 2895 1800 2936 me
1839 2880 2083 2937 Domine.

503 2966 598 3022 Ps.
642 2968 871 3025 Domine
917 2970 1111 3024 exaudi
1151 2971 1471 3026 orationem.
1502 2970 1757 3041 Sequitur
1791 2972 1962 3026 oratio
1992 2970 2087 3026 do-

502 3055 696 3111 minica
724 3073 843 3111 cum
871 3058 1110 3128 capitulis
1140 3059 1243 3114 his.

571 3156 793 3243 Salvum
813 3157 900 3215 {ac
929 3174 1145 3216 servum
1175 3169 1344 3217 tuum.
1419 3163 1475 3216 ιθ.
1506 3161 1647 3218 Deus
1678 3177 1829 3219 meus
1860 3177 2088 3235 speran-
2113 3200 2160 3263 ο

648 3257 757 3303 tem
768 3287 782 3302 .

577 3352 730 3408 Mitte
757 3354 805 3408 ei
831 3353 946 3410 Due
984 3354 1244 3410 auxilium
1274 3357 1356 3411 ide
1399 3365 1609 3411 sancto.
1683 3357 1740 3426 ιῆ.
1773 3356 1839 3412 Et
1862 3357 1929 3413 de
1959 3357 2093 3414 Sion

651 3451 889 3499 tueatur.

577 3543 723 3602 Nihil
763 3546 1009 3618 prolicict
1035 3548 1287 3605 inimicus
1315 3548 1367 3603 in
1390 3564 1476 3605 eo.
1550 3550 1604 3619 ἡ.
1631 3550 1698 3606 Et
1721 3551 1862 3607 illius
1892 3551 2092 3624 iniqui-

649 3637 800 3693 tatis.

578 3725 841 3783 Dominus
878 3738 1164 3786 conservet
1202 3746 1326 3787 eum
1366 3739 1422 3786 et
1455 3732 1606 3788 vivit.
1679 3735 1733 3803 ti}.
1770 3735 1833 3789 Et
1872 3736 2092 3791 beatum

652 3815 813 3872 faciet
839 3833 983 3874 eum.

580 3916 692 3980 Dus
730 3934 885 3990 opem
926 3919 1062 3977 ferat
1093 3922 1165 3978 illi
1198 3938 1361 3995 super
1381 3922 1601 3980 lectum.
1675 3926 1729 3996 ii}.
1766 3924 2106 3982 Universum
2183 3957 2186 3961 ~

654 4018 904 4065 stratum.

582 4108 794 4182 Exurge
823 4111 939 4169 Due
966 4114 1106 4171 Deus
1124 4125 1369 4184 meus,ct
1391 4116 1557 4173 exalt.
1632 4119 1684 4189 ιῆ.
1717 4117 1794 4177 Ne
1815 4119 2097 4176 oblivisca-

662 4219 740 4259 ris
770 4219 894 4275 pau.

585 4304 706 4395 Tibi
737 4305 851 4361 Due
874 4307 1164 4365 derelictus
1189 4318 1272 4364 est
1294 4324 1519 4380 pauper.
1590 4313 1644 4383 ἢ.
1670 4310 1880 4384 Pupillo
1909 4323 1962 4370 tu
1987 4314 2098 4371 eris

598 4436 601 4439 λ
665 4398 791 4454 adiu

1252 382 1545 442 APPEND.
1587 384 1680 439 AD
1712 380 1885 437 SEC.
1914 380 1980 434 Χ.
2020 409 2089 419 -
2124 373 2558 431 MONUMENTA
2612 371 2887 429 LITURG.

2820 489 3124 547 Orationes.

2242 610 2445 666 Praesta
2494 618 2803 676 qumsumus
2851 601 2968 656 Due
3015 599 3144 656 huic
3170 595 3375 653 famulo
3416 601 3513 649 tuo
3537 591 3749 664 dignum

2170 698 2506 772 paenitentiae
2538 696 2793 758 fructum,
2838 699 2899 747 ut
2923 688 3179 746 Ecclesiae
3209 694 3331 748 tum.
3362 699 3393 738 a
3423 681 3580 749 cuius
3619 682 3753 736 inte-

2172 798 2369 869 gritate
2413 795 2656 851 deviarat
2683 788 2977 864 peccando,
3005 786 3367 844 admissorum
3392 783 3606 838 veniam
3629 796 3753 837 con-

2173 890 2447 962 scquendo
2489 888 2749 944 reddatur
2790 885 3063 940 innoxius.
3111 880 3238 936 Per.
3285 877 3428 932 Alia.
3460 876 3755 931 Praeveniat

2172 985 2318 1040 hunc
2365 981 2626 1037 famulum
2670 987 2819 1034 tuum
2872 987 3184 1047 quaesumus
3226 970 3342 1026 Dne
3389 964 3752 1023 misericordia

2174 1084 2266 1130 tua
2293 1083 2348 1130 et
2368 1086 2558 1128 omnes
2596 1070 2909 1140 iniquitates
2959 1065 3078 1134 ejus
3111 1063 3277 1122 celeri
3307 1057 3647 1131 indulgentia
3666 1067 3755 1113 tua

2174 1162 2472 1220 deleantur.
2498 1161 2622 1217 Per.
2652 1159 2792 1214 Alia.
2834 1155 3043 1212 Exaudi
3090 1154 3207 1209 Dne
3236 1149 3545 1222 supplicum
3574 1162 3759 1218 preces

2174 1264 2229 1313 et
2249 1252 2622 1312 conﬁtentium
2648 1250 2742 1306 tibi
2773 1263 2938 1320 parce
2961 1246 3219 1318 peccatis,
3244 1251 3303 1298 ut
3325 1255 3466 1312 quos
3487 1238 3757 1296 conscien-

2177 1348 2265 1404 tiae
2287 1356 2469 1402 reatus
2492 1342 2737 1403 aecusat,
2766 1338 3097 1411 indulgentia
3124 1344 3232 1391 tua:
3266 1329 3641 1389 miserationis
3669 1328 3758 1387 ab-

2177 1437 2371 1495 solvat.
2396 1436 2520 1492 Per.

2818 1545 2951 1603 Item
2990 1545 3120 1599 alia.
3192 1560 3193 1563 ‘

2250 1669 2610 1741 Omnipotens
2656 1665 2988 1736 scmpitcrne
3019 1662 3182 1727 Deus,
3208 1654 3493 1714 conﬁtenti
3545 1651 3669 1708 huic
3688 1649 3759 1704 [ιο

2178 1764 2326 1821 mulo
2373 1771 2467 1817 tuo
2510 1775 2607 1832 pro
2654 1768 2745 1814 tua
2788 1756 2990 1828 pietate
3038 1759 3261 1824 peccata
3300 1747 3540 1837 dimitte,
3572 1750 3760 1798 utnon

2112 1849 2154 1909 Β
2181 1859 2302 1931 plus
2329 1855 2379 1914 ei
2406 1862 2600 1911 noceat
2641 1847 2988 1907 conscientiae
3016 1855 3199 1902 reatus
3242 1841 3309 1896 ad
3336 1852 3580 1911 pmnam,
3607 1847 3761 1905 quam

2184 1944 2515 2016 indulgentia
2552 1951 2655 1998 tua:
2691 1939 2908 2012 pietatis
2931 1937 2997 1992 ad
3021 1934 3256 2017 veniam.
3282 1931 3412 1986 Per.

2252 2057 2445 2115 Postea
2468 2065 2736 2126 unguatur
2757 2060 2986 2122 (egrotae
3005 2048 3071 2104 de
3089 2046 3204 2103 oleo
3227 2041 3562 2112 sanctiﬁcato
3588 2054 3759 2094 cruces

2182 2149 2424 2222 faciendo
2452 2147 2506 2202 in
2528 2147 2757 2217 quinque
2781 2141 3015 2213 corporis
3041 2138 3272 2230 (θείω-ει
3296 2128 3605 2230 dicaturad
3629 2144 3760 2228 sunt.

2181 2241 2247 2296 N.
2264 2239 2321 2296 In
2345 2238 2564 2295 nomine
2587 2234 2767 2290 Patris
2792 2240 2852 2288 et
2878 2229 3002 2286 Filii
3030 2237 3086 2285 et
3118 2225 3357 2298 Spiritus
3386 2225 3563 2277 sancti
3588 2225 3766 2285 accipe

2181 2332 2491 2389 sanitatem.
2545 2326 2737 2399 Ungue
2786 2322 3020 2379 frontem
3053 2328 3202 2376 tuum
3231 2316 3299 2371 de
3344 2312 3469 2369 oleo
3499 2308 3765 2399 sauctoin

2184 2423 2402 2479 nomine
2429 2397 2725 2484 Patrispet
2764 2413 2909 2478 Filii,
2941 2420 2997 2469 et
3024 2409 3256 2481 Spiritus
3280 2403 3461 2462 sancti
3490 2402 3549 2456 in
3579 2397 3764 2455 remis-

2184 2516 2391 2572 sionem
2432 2511 2676 2569 omnium
2715 2515 3086 2581 peccatorum,
3112 2510 3171 2556 ut
3199 2500 3272 2557 sit
3315 2496 3412 2552 tibi
3447 2496 3567 2550 haec
3592 2490 3769 2545 unctio

2185 2605 2290 2662 olei
2339 2598 2790 2660 sanctiﬁcationis
2851 2596 2922 2652 ad
2986 2590 3421 2665 purificationem
3469 2582 3667 2638 mentis
3713 2588 3769 2633 et

2186 2695 2462 2767 corporis,
2486 2700 2625 2751 etut
2652 2706 2760 2747 non
2805 2690 2973 2745 lateat
3012 2685 3068 2739 in
3105 2691 3158 2739 te
3183 2680 3407 2752 spiritus
3440 2672 3769 2767 immundus,

2187 2765 2362 2863 neque
2407 2790 2462 2844 in
2507 2784 2788 2849 membris,
2841 2794 3017 2852 neque
3068 2778 3121 2834 in
3172 2770 3465 2867 medullis,

2189 2857 2554 2942 membrorum
2606 2874 2947 2948 compagine.
2977 2872 3217 2934 tuorum,
3245 2865 3341 2922 sed
3395 2863 3451 2918 in
3484 2868 3538 2916 te

2188 2976 2359 3031 virtus
2379 2970 2583 3029 Christi
2613 2945 2885 3031 altissimi,
2911 2972 2966 3020 et
3003 2959 3242 3050 Spiritus
3269 2952 3445 3050 sancti
3472 2963 3649 3050 amen:
3673 2945 3769 3050 ξε·-

2186 3066 2364 3138 quitur
2388 3061 2590 3134 antiph.
2617 3073 2735 3114 cum
2767 3053 2982 3127 psalmis
3011 3047 3281 3106 canendis.
3309 3044 3460 3141 Sana
3483 3041 3601 3096 Due

2191 3132 2336 3213 mum
2361 3132 2524 3211 istum
2553 3149 2708 3221 cujus
2729 3163 2852 3205 ossa
2873 3147 3090 3203 turbata
3117 3148 3268 3205 sunt,
3297 3146 3353 3194 et
3376 3136 3535 3208 cujus
3557 3132 3771 3202 spiritus

2201 3247 2444 3304 turbatus
2456 3252 2538 3301 est
2548 3240 2777 3299 Domine
2792 3246 3132 3299 convertere,
3145 3240 3203 3288 et
3219 3245 3353 3287 sana
3372 3243 3522 3284 eum.
3550 3221 3642 3277 Ps.
3666 3221 3769 3274 Due

2193 3354 2264 3396 ne
2294 3340 2348 3396 in
2386 3338 2571 3393 furere
2591 3342 2702 3391 tuo.
2733 3332 2774 3388 Ι.
2806 3331 2897 3386 Ps.
2929 3329 3011 3384 Ad
3041 3338 3096 3383 te
3115 3326 3230 3381 Dnc
3262 3321 3458 3415 levavi.
3478 3317 3592 3415 ΔΡε.
3628 3312 3769 3415 Beati

2195 3445 2445 3502 quorum.
2461 3426 2554 3482 Ps.
2571 3424 2798 3481 Domine
2812 3438 2881 3479 ne
2893 3421 2947 3476 in
2961 3420 3143 3476 furore
3157 3426 3272 3508 tuo.
3283 3410 3463 3508 ιιιζῇ
3475 3409 3673 3464 Beatus
3684 3409 3767 3508 qui

2197 3517 2466 3590 intelligit.
2485 3515 2581 3572 Ps.
2605 3514 2865 3571 Miserere
2886 3511 2992 3568 mei
3014 3511 3175 3566 Deus.
3202 3505 3244 3562 l.
3272 3504 3367 3560 Ps.
3394 3502 3654 3599 Miserere
3673 3502 3769 3599 mei

2195 3608 2475 3682 Deus.illl.
2524 3606 2621 3663 Ps.
2670 3605 2813 3662 Deus
2862 3603 3187 3659 misereatur
3208 3596 3403 3654 nostri.
3429 3594 3527 3649 Ps.
3551 3593 3768 3682 Deusiiu

2198 3681 2524 3775 adiutorium
2563 3715 2744 3756 meum
2791 3696 3030 3754 intende.
3063 3692 3161 3749 Ps.
3185 3690 3389 3747 lnclina
3410 3681 3765 3775 Domine.

2198 3774 2422 3851 Domine
2452 3792 2671 3850 exaudi.
2687 3791 2725 3846 l.
2749 3788 2847 3847 Ps.
2869 3789 2946 3845 De
2966 3785 3266 3859 profundis.
3296 3780 3392 3837 Ps.
3418 3778 3537 3834 Due
3563 3774 3767 3832 exaudi.

2197 3886 2259 3942 ll.
2275 3903 2392 3941 cum
2430 3884 2646 3947 letania,
2695 3880 2861 3936 donec
2907 3876 3084 3933 unctio
3126 3875 3368 3945 ﬁniatur.
3402 3867 3598 3924 Postea
3625 3861 3771 3933 faciat

2197 3990 2406 4031 crucem
2429 3972 2499 4028 ad
2527 3986 2683 4027 aures
2710 3969 2826 4041 ejus
2845 3964 3085 4022 dicendo.
3112 3962 3179 4019 N.
3205 3961 3264 4017 In
3286 3960 3508 4017 nomine
3535 3952 3708 4011 Patris
3725 3958 3774 4005 et

2197 4067 2320 4124 Filii
2365 4073 2422 4121 et
2450 4064 2684 4134 Spiritus
2709 4060 2881 4119 sancti
2926 4057 3110 4129 accipe
3152 4054 3465 4113 sanitatem.
3512 4046 3774 4118 nguoet

2198 4160 2299 4216 bas
2326 4171 2488 4213 aures
2512 4155 2714 4213 sacrati
2742 4152 2851 4210 olei
2899 4151 3111 4222 liquore
3162 4148 3217 4204 in
3270 4144 3492 4203 nomine
3532 4138 3775 4198 Patris.ct

2199 4249 2322 4307 Filii
2349 4258 2405 4313 et
2429 4247 2665 4319 Spiritus
2689 4245 2861 4301 sancti
2880 4283 2896 4309 ,
2925 4251 2987 4298 ut
3013 4236 3277 4312 quidquid
3305 4232 3519 4327 peccati
3547 4229 3776 4327 Wa

2200 4343 2346 4400 tione
2377 4318 2555 4396 nocivi
2597 4337 2819 4395 auditus
2854 4334 3151 4391 admissum
3187 4336 3295 4394 est,
3320 4322 3594 4383 medicina
3627 4318 3773 4390 spiri-

2203 4431 2360 4491 tualis
2387 4437 2645 4487 cvaeuct.
2686 4429 2884 4485 Amen.
2925 4423 3126 4482 Deinde
3164 4434 3325 4491 super
3359 4414 3542 4472 oculos
3590 4410 3773 4482 [acim

587 4498 924 4605 Desiderium
948 4520 1248 4578 pauperum
1273 4508 1470 4565 exaud.
1500 4549 1514 4564 .
1547 4509 1604 4577 ἡ.
1633 4509 2025 4582 Prieparation.

2203 4540 2410 4580 crucem
2435 4522 2600 4577 dicat.
2637 4518 2717 4597 N.
2747 4519 2806 4576 lu
2835 4517 3053 4574 nomine
3080 4513 3263 4570 Patris
3296 4518 3355 4566 ct
3378 4506 3502 4605 Filii
3539 4514 3598 4560 et

589 4589 814 4653 Miriﬁca
845 4594 1246 4653 misericordias
1283 4606 1423 4655 tuas.
1499 4600 1552 4669 ιῆ.
1585 4600 1689 4668 Qui
1712 4601 1890 4657 salvos
1916 4601 2024 4658 l'ac.

588 4679 668 4737 Tu
694 4693 875 4741 autem
902 4686 956 4742 in
985 4697 1174 4745 sancto
1206 4689 1442 4746 habitas.
1515 4692 1569 4762 ii}.
1599 4690 1743 4750 Laus
1765 4692 1956 4749 Israel.

587 4772 645 4828 ln
677 4784 729 4830 te
754 4788 1113 4846 speraverant
1141 4791 1323 4851 patres
1356 4798 1410 4836 n.
1487 4783 1541 4848 ιῆ.
1572 4782 1940 4852 Speravcrunt
1978 4794 2033 4840 et
2059 4783 2097 4839 l.

585 4875 669 4936 Ad
691 4883 744 4933 te
765 4876 1138 4936 domaverunt
1159 4889 1215 4937 et
1235 4882 1370 4937 salvi
1399 4880 1435 4936 ι.
1510 4883 1565 4952 ﬁ.
1590 4884 1649 4938 In
1666 4890 1720 4937 te
1746 4894 2103 4955 speraverant

655 4974 713 5024 οι
746 4983 802 5021 n.

590 5065 771 5133 Multae
810 5070 1187 5129 tribulationes
1221 5083 1515 5145 ,ustorum.
1589 5077 1643 5132 ἡ.
1683 5075 1750 5132 Et
1774 5077 1841 5133 de
1871 5054 2102 5159 nisum.-

662 5159 841 5221 nibus.

2205 4624 2293 4670 tus
2323 4612 2498 4673 sancti
2539 4590 2728 4681 accipe
2774 4609 3087 4667 sanitatem.
3124 4603 3318 4674 Ungue
3345 4598 3538 4655 oculos
3570 4605 3690 4651 tuos
3720 4590 3775 4645 de

2201 4705 2321 4761 oleo
2364 4703 2707 4761 sanctiﬁcata
2757 4701 2813 4757 in
2865 4699 3089 4756 nomine
3139 4704 3347 4753 sanctae
3391 4687 3777 4752 Trinitatis,ut

2203 4795 2466 4865 uuidquid
2507 4794 2717 4850 inlicito
2742 4792 2861 4849 visu
2888 4787 3185 4861 deliquisti,
3215 4781 3510 4860 hujusolei
3541 4777 3775 4834 unctione

2205 4887 2473 4957 expietur.
2502 4884 2698 4939 Deinde
2718 4891 3025 4953 unguantur
3052 4894 3226 4934 nares.
3254 4874 3321 4933 Ν.
3356 4872 3416 4929 In
3446 4867 3773 4965 nomine?-

2211 4956 2311 5034 tris
2332 4988 2388 5033 et
2415 4976 2562 5042 Filii,
2590 4983 2648 5031 et
2672 4973 2912 5044 Spiritus
2932 4968 3106 5026 sancti
3132 4969 3321 5037 accipe
3346 4963 3658 5021 Sanitatem.
3687 4956 3772 5013 Ua-

2210 5088 2315 5143 guo
2340 5072 2440 5128 has
2469 5083 2630 5125 nares
2652 5067 2719 5123 de
2743 5065 2864 5121 oleo
2890 5071 3080 5119 sancto
3116 5062 3170 5116 in
3197 5058 3418 5116 nomine
3448 5064 3653 5113 sancta:
3673 5050 3773 5104 Tri-

2213 5161 2424 5220 nitatis.
2448 5168 2511 5215 ut
2532 5157 2797 5216 uuiduuid
2824 5155 3002 5211 noxiae
3040 5149 3313 5212 superﬂuo
3341 5155 3685 5209 contractum
3706 5147 3774 5192 est
