3962 6326
127 310 266 366 995

1398 305 1715 368 JUDICIUM
1755 309 2221 369 PfENITENTlS.

3317 317 3423 374 θθι

141 435 340 495 pectus
371 433 638 494 unguatur
665 422 836 495 (H5).
869 421 935 479 Ν.
964 421 1021 480 In
1061 423 1279 478 nomine
1319 422 1496 478 Patris
1535 433 1587 478 et
1620 422 1740 477 Filii
1773 439 1817 494 Α
1845 436 1899 482 et
1924 426 2262 482 confessione
2292 426 2536 496 placatus
2565 440 2643 491 es,
2695 426 2765 480 ita
2818 439 2872 482 et
2917 427 3043 482 huic
3083 426 3283 484 famulo
3329 440 3425 487 tuo

141 527 207 571 et
253 515 489 587 Spiritus
538 515 711 570 sancti
759 516 947 586 accipe
977 517 1288 571 sanitatem.
1335 513 1526 585 Unguo
1553 524 1743 586 pectus

144 620 313 664 tuum
355 611 422 664 de
451 609 571 665 oleo
596 619 787 664 sancto
813 610 866 663 in
897 609 1116 664 nomine
1153 617 1354 664 sanctae
1376 607 1658 663 Trinitatis
1687 618 1745 663 ut

133 700 267 753 'hoc
296 698 569 752 unctionis
615 707 902 766 prospectu
943 707 1157 752 certare
1200 696 1414 752 fortiter
1439 697 1620 752 valeas
1645 699 1742 752 ad-

141 803 352 844 versus
380 789 559 842 aerias
615 796 881 843 catervas.
933 788 1230 844 Prtcstante
1262 790 1377 844 Dno
1419 805 1517 845 nro
1541 791 1634 844 lhu
1673 789 1740 844 Χ.

140 877 248 948 qui
284 893 406 932 cum
439 877 616 931 Patre.
650 877 851 931 Deinde
885 878 971 947 [ac
1015 895 1220 932 crucem
1246 879 1382 933 inter
1406 879 1671 949 scapulas,
1694 890 1742 934 et

139 970 388 1023 medium
413 969 772 1039 scapularum.
813 969 877 1025 N.
913 969 970 1024 In
998 971 1215 1025 nomine
1257 970 1434 1025 Patris
1459 980 1513 1026 ct
1544 971 1662 1025 Filii
1689 981 1745 1026 et

143 1061 396 1131 Spiritus
422 1061 595 1117 sancti
619 1062 804 1131 accipe
824 1061 1136 1116 sanitatem.
1165 1060 1351 1132 Unguo
1373 1061 1622 1132 scapulas
1643 1061 1742 1116 has

141 1153 273 1208 sive
296 1152 530 1207 medium
577 1152 924 1222 scapularum
956 1153 1022 1207 de
1049 1153 1169 1210 oleo
1193 1169 1369 1218 sacro,
1412 1162 1470 1208 ut
1497 1169 1564 1209 ex
1593 1155 1739 1209 omni

138 1252 312 1313 parte
357 1243 622 1312 spirituah
657 1243 996 1314 protectione
1023 1245 1264 1299 munitus
1283 1244 1464 1313 jacula
1487 1244 1738 1300 diabolici

142 1333 388 1403 impetus
423 1332 652 1387 viriliter
678 1332 1065 1404 contempnere
1109 1349 1173 1390 ac
1207 1335 1393 1406 procul
1417 1336 1590 1407 possis
1615 1351 1739 1391 cum

140 1426 350 1479 robore
367 1423 661 1494 juvaminis
702 1423 984 1493 repellere.
1016 1425 1073 1479 In
1120 1426 1336 1480 nomine
1380 1425 1479 1480 Dui
1529 1426 1611 1480 nri
1644 1425 1739 1480 lhu

141 1513 256 1584 Xpi
284 1513 378 1584 qui
406 1529 530 1568 cum
559 1512 723 1568 Patre
749 1525 804 1568 et
834 1513 1038 1584 Spiritu
1083 1527 1273 1571 sancto
1306 1516 1432 1570 vivit
1473 1524 1527 1571 et
1551 1525 1742 1586 regnat

141 1605 298 1660 Deus
329 1617 427 1675 per
453 1602 634 1658 orunia
678 1603 872 1658 saecula
919 1604 1259 1660 saeculorum.
1305 1606 1499 1660 Amen.
1544 1605 1736 1660 Postea

143 1695 238 1765 {ac
260 1711 469 1750 crucem
497 1695 549 1748 in
569 1694 782 1765 palmis.
812 1694 876 1749 N.
911 1695 967 1750 In
995 1697 1215 1752 nomine
1245 1694 1423 1750 Patris
1445 1704 1502 1750 et
1535 1694 1654 1750 Filii
1684 1701 1739 1750 et

1847 519 2084 588 placare,
2135 526 2190 573 et
2236 519 2492 589 precibus
2543 519 2660 573 eius
2709 519 2974 588 benignus
3026 523 3224 590 aspira,
3275 534 3334 576 ut
3367 513 3419 578 in

1847 610 2410 667 confessione-flebili
2440 627 2766 681 permanens
2811 620 2864 666 et
2921 613 3182 682 petitione
3229 629 3423 684 perpe-

1851 716 1938 760 tua
1987 706 2330 760 clementiam
2367 715 2513 760 tuam
2563 705 2811 760 celeriter
2856 714 3065 770 exoret,
3111 707 3424 777 sanctisque

1848 797 2116 851 altaribus
2147 809 2203 851 et
2248 797 2607 851 sacramentis
2655 797 2935 852 restitutus
2967 812 3152 851 rursus
3187 797 3425 851 cmlestis

1845 888 2026 959 glorize
2058 889 2415 958 mancipetur.
2448 888 2570 944 Per.

1915 978 2055 1033 Alia.
2106 979 2247 1034 Deus
2276 979 2604 1042 misericors,
2636 980 2775 1034 Deus
2815 979 3076 1043 clemens,
3108 980 3199 1050 qui
3229 994 3425 1034 secun-

1844 1072 1972 1126 dum
2019 1071 2417 1125 multitudinem
2469 1072 2880 1126 miscrationum
2933 1082 3146 1127 tuarum
3198 1083 3421 1142 peccata

1845 1163 2224 1234 pmnitentium
2257 1161 2426 1226 deles,
2461 1170 2514 1216 et
2560 1163 2959 1232 przeteritorum
2993 1164 3278 1218 criminum
3307 1163 3418 1217 culo

1844 1269 1942 1325 pas
1970 1255 2123 1309 venia
2172 1255 2507 1309 remissionis
2545 1269 2800 1321 evacuas,
2830 1255 3042 1324 respice
3087 1271 3246 1326 super
3277 1255 3421 1309 hunc

1845 1345 2102 1401 famulum
2135 1355 2310 1413 tuum,
2339 1355 2393 1400 ct
2423 1345 2798 1402 remissionem
2833 1347 2934 1403 sibi
2963 1347 3201 1403 omnium
3230 1362 3424 1417 pecca-

1846 1447 2024 1492 torum
2069 1453 2290 1492 suurum
2331 1445 2443 1492 tota
2489 1436 2670 1492 cordis
2719 1437 3062 1492 confessione
3108 1447 3419 1508 poscentem

1843 1530 2160 1599 deprecatus
2204 1530 2420 1592 exaudi,
2477 1544 2676 1584 renova
2726 1531 2778 1583 in
2840 1543 2904 1582 eo
2949 1529 3190 1599 piissime
3237 1529 3420 1591 Pater,

1842 1620 2099 1692 quidquid
2155 1629 2366 1674 terrena
2418 1618 2705 1689 fragilitate
2751 1628 3086 1688 corruptum,
3137 1617 3220 1672 vel
3259 1617 3421 1687 quid-

1842 1715 1970 1785 quid
2028 1713 2292 1770 diabolica
2349 1714 2536 1768 fraude
2584 1712 2838 1768 violatum
2894 1720 2978 1767 est
3021 1711 3104 1766 vel
3146 1712 3198 1766 iu
3255 1727 3420 1765 unum

142 1790 389 1860 Spiritus
414 1790 587 1845 sancti
617 1790 803 1859 accipe
832 1791 1143 1846 sanitatem.
1193 1790 1387 1862 Unguo
1411 1801 1466 1847 et
1491 1791 1590 1847 has
1623 1805 1735 1846 ma-

1849 1807 2138 1862 membrum
2167 1806 2409 1875 corporis
2450 1804 2651 1860 Christi
2681 1813 2734 1858 et
2780 1803 2832 1857 in
2861 1803 3122 1857 unitatem
3169 1801 3423 1856 Ecclesiae

143 1897 251 1937 nus
273 1883 328 1936 in
360 1881 576 1937 nomine
603 1889 804 1937 sanctzn
842 1881 1122 1938 Trinitatis
1156 1881 1223 1937 de
1248 1882 1367 1939 oleo
1397 1891 1732 1947 consecrato,

141 1983 203 2028 ut
225 1973 490 2044 quidquid
515 1974 721 2028 inlicito
755 1974 841 2029 vel
879 1975 1043 2030 noxio
1068 1989 1234 2044 opere
1268 1985 1614 2047 peregerunt,
1638 1990 1737 2044 per

141 2064 286 2120 hanc
311 2064 622 2119 unctionem
648 2073 958 2120 evacuetur.
1001 2064 1202 2119 Deinde
1243 2067 1398 2135 pedes
1430 2075 1738 2136 tinguuntur

141 2155 394 2210 dicendo.
450 2154 516 2210 N.
579 2155 638 2212 In
686 2156 906 2211 nomine
959 2156 1052 2212 lhu
1092 2155 1192 2226 Xpi
1249 2156 1516 2212 Nazareni
1575 2172 1736 2224 surge

137 2254 194 2300 et
225 2246 468 2302 ambula.
502 2246 696 2317 Unguo
739 2248 838 2304 hos
881 2249 1046 2319 pedes
1097 2249 1162 2304 de
1198 2249 1318 2305 oleo
1344 2249 1630 2304 benedicta
1682 2250 1734 2304 in

138 2341 369 2394 nomine
413 2341 514 2396 Dni
547 2343 630 2396 nri
658 2341 750 2396 lhu
781 2342 907 2412 Xpi,
939 2351 999 2396 ut
1047 2341 1307 2412 quidquid
1353 2341 1624 2414 superﬂuo
1642 2341 1735 2396 'vel

139 2434 342 2489 nociva
372 2435 584 2491 incessu
608 2436 997 2492 commiserunt
1024 2437 1124 2491 ista
1173 2435 1386 2491 aboleat
1429 2438 1732 2506 pet-unctio,

139 2530 202 2575 ut
236 2523 342 2577 hac
362 2524 618 2580 unctione
645 2525 1034 2580 corroboratus
1055 2524 1232 2580 aerias
1268 2525 1446 2580 valcas
1475 2540 1735 2595 superare

139 2621 418 2671 catervas.

682 2707 935 2779 Sequitur
996 2708 1203 2762 Oratio.

217 2799 575 2868 Omnipotens
619 2800 782 2866 Deus,
831 2801 922 2870 qui
953 2815 1050 2870 per
1089 2815 1151 2856 os
1195 2800 1338 2856 beati
1383 2800 1559 2857 lacobi
1607 2815 1735 2869 apo-

143 2890 271 2944 stoli
320 2890 393 2944 tui
433 2891 537 2946 hoc
582 2891 944 2946 ministerium
990 2891 1222 2946 infirmis
1270 2891 1522 2946 omnibus
1556 2889 1735 2946 facere

140 2981 474 3052 praecepisti,
524 2995 784 3036 conserva
831 2980 1032 3037 famqu
1075 2990 1167 3036 tuo
1212 2980 1280 3036 N.
1332 2990 1545 3035 tuarum
1593 2982 1734 3036 dona

142 3073 433 3137 virtutum,
465 3082 521 3127 et
548 3073 808 3138 concede,
843 3082 903 3127 ut
933 3073 1200 3128 medelam
1225 3083 1388 3146 tuam
1418 3087 1523 3126 non
1554 3071 1731 3127 solum

143 3149 201 3217 in
242 3178 489 3234 corpore,
519 3165 614 3220 sed
659 3165 823 3219 etiam
852 3167 906 3220 in
935 3175 1114 3221 mente
1140 3165 1425 3235 percipiat.
1458 3165 1582 3219 Per.

219 3254 362 3308 Alia.
423 3255 648 3311 Domine
696 3266 884 3311 sancte
929 3255 1094 3312 Pater
1139 3258 1482 3326 omnipotens
1529 3265 1732 3311 aeterne

141 3350 318 3414 Deus,
362 3349 451 3419 qui
483 3364 542 3405 es
568 3349 650 3404 via
680 3359 736 3405 et
780 3351 984 3406 veritas
1032 3359 1085 3405 et
1117 3350 1248 3415 vita,
1292 3350 1485 3405 exaudi
1519 3359 1574 3404 et
1603 3365 1733 3404 con-

143 3453 309 3492 serva
366 3439 508 3493 hunc
558 3437 820 3494 famulum
870 3448 1055 3507 tuum,
1107 3455 1266 3510 quem
1321 3439 1495 3510 pretio
1532 3455 1731 3510 magno

146 3530 479 3586 redemendo
523 3531 807 3586 vivificain
850 3545 1008 3586 sacro
1059 3531 1324 3601 sanguine
1370 3529 1462 3584 filii
1501 3529 1578 3584 tui
1627 3530 1732 3583 Do-

139 3620 283 3675 mini
327 3620 412 3674 uri
456 3619 548 3674 lhu
591 3620 696 3692 Xpi
735 3621 830 3691 qui
880 3630 1054 3676 tecum
1091 3621 1224 3674 vivit
1265 3630 1320 3674 et
1362 3629 1571 3690 regnat.
1627 3617 1732 3672 Hic

140 3713 562 3766 tammunicetur
591 3712 764 3783 (HG).
794 3712 905 3767 Pax
933 3721 988 3768 et
1024 3711 1446 3767 communicatio
1487 3709 1732 3778 corporis

137 3812 199 3858 et
226 3804 507 3873 sanguinis
560 3804 660 3858 Dui
717 3804 800 3857 uri
859 3804 954 3858 lhu
1007 3802 1110 3874 Xpi
1155 3811 1440 3860 conservet
1491 3804 1731 3855 animam

141 3903 298 3949 tuam
331 3895 384 3947 iu
416 3895 578 3948 vitam
623 3904 906 3950 mlernam.
957 3896 1150 3951 Amen.

691 3989 822 4043 Alia:
881 3988 1179 4044 Orationes.

215 4083 452 4140 Oremus
507 4083 707 4138 fratres
766 4084 905 4137 Dum
971 4099 1090 4137 ιιι-ιιι
1160 4098 1259 4153 pro
1304 4083 1474 4140 fratre
1519 4093 1730 4148 nostro,

143 4193 310 4246 quem
337 4177 469 4232 dure
511 4176 575 4231 ad
608 4191 846 4247 praesens
875 4176 1076 4231 malum
1109 4176 1383 4247 languoris
1431 4176 1636 4249 adtigit,
1675 4186 1734 4231 ut

141 4285 274 4324 etim
317 4268 528 4323 Domini
567 4270 742 4339 pietas
785 4267 1098 4323 rtelestibus
1125 4268 1378 4338 dignetur
1397 4285 1591 4325 curare
1622 4285 1734 4325 me-

143 4358 369 4425 dicinis,
395 4367 456 4413 ut
477 4360 568 4429 qui
596 4359 742 4414 dedit
768 4359 936 4412 vitam
966 4359 1057 4414 det
1082 4360 1332 4414 salutem.
1390 4360 1516 4416 Per.

217 4451 450 4506 Domine
483 4451 599 4506 Iesu
643 4451 884 4512 Christe.
926 4451 1018 4520 qui
1069 4451 1410 4521 corripiendo
1457 4454 1636 4520 parcis
1679 4461 1733 4508 et

142 4542 422 4612 parcendo
467 4541 720 4608 remittis,
771 4543 860 4611 qui
897 4541 1220 4612 ﬂagellando
1254 4543 1484 4614 corripis
1528 4552 1582 4598 et
1626 4544 1730 4596 mi-

146 4631 384 4688 serando
465 4632 755 4697 convertis,
820 4647 985 4705 argue
1037 4632 1297 4688 famulum
1354 4643 1504 4688 tuum
1555 4633 1620 4688 N.
1677 4635 1730 4689 in

145 4723 522 4778 misericordia
566 4731 674 4787 tua,
718 4732 773 4778 et
805 4739 910 4779 non
950 4723 1003 4778 in
1029 4724 1235 4789 furore,
1279 4723 1369 4794 qui
1399 4739 1520 4779 eum
1548 4739 1731 4780 corre-

148 4818 330 4872 ctione
365 4822 456 4870 tua
479 4816 810 4887 corrigatur,
850 4815 1180 4886 indulgentia
1211 4816 1544 4882 consoletur,
1569 4817 1730 4872 disci-

149 4909 297 4980 plina
329 4908 631 4974 erudiatur,
676 4905 944 4963 medicina
971 4917 1214 4975 curetur,
1242 4910 1472 4963 verbere
1499 4910 1736 4980 castige-

153 5015 260 5066 tur,
301 5002 505 5073 pietate
531 5011 772 5056 sanetur.
800 5001 1020 5056 Placeat
1067 5015 1196 5073 ergo
1225 5000 1322 5056 tibi
1355 5001 1580 5056 Domine
1610 5018 1731 5055 eum

154 5096 413 5157 liberare,
443 5094 737 5164 corripere,
769 5095 979 5164 eripere
1005 5103 1061 5150 et
1097 5109 1203 5148 non
1228 5094 1557 5165 disperdere.
1608 5092 1730 5147 Per.

222 5186 365 5240 Alia.
415 5186 490 5239 Da
516 5186 673 5242 nobis
717 5185 830 5240 Dne
879 5194 938 5240 ut
983 5184 1125 5240 sicut
1154 5183 1428 5255 publicani
1473 5184 1730 5256 precibus
1807 5255 1810 5259 ἴ

226 5319 374 5392 (“5)
399 5320 586 5392 Inungi
618 5321 732 5376 lure
774 5334 900 5392 pars
930 5318 1384 5392 cantorisdes‘iit,
1406 5333 1575 5392 quam
1604 5318 1732 5373 olim

157 5389 325 5446 solam
356 5389 517 5443 etiam
542 5389 760 5444 unctam
801 5389 968 5444 fuisse
1006 5389 1118 5458 jam
1150 5389 1487 5444 Mabillouius
1513 5390 1566 5442 in
1591 5404 1733 5457 prte-

159 5463 360 5516 fatione
384 5460 449 5514 ad
478 5460 613 5514 Stec.
642 5477 658 5515 I
687 5460 1080 5514 Benedictinum
1116 5475 1144 5512 a
1173 5459 1392 5513 Christo
1434 5475 1566 5513 vero
1609 5468 1734 5513 nato

158 5541 369 5587 sextum
406 5531 714 5585 observavit
739 5545 804 5584 ex
831 5532 940 5584 vita
973 5531 1030 5585 S.
1062 5529 1326 5599 Augendi,
1359 5530 1451 5597 qui
1488 5538 1734 5584 extremo

158 5601 486 5658 decumbens
516 5602 724 5662 morbo.
751 5611 930 5654 vorato
960 5615 1063 5654 uno
1089 5604 1157 5653 ad
1178 5617 1233 5652 se
1256 5599 1320 5652 de
1345 5600 1620 5669 fratribus,
1651 5600 1734 5653 cui

160 5688 276 5727 cum
297 5670 529 5725 libertate
552 5670 802 5740 peculiari
826 5670 949 5723 olim
971 5671 1128 5724 etiam
1151 5670 1474 5740 perungendi
1499 5670 1735 5740 inﬁrmos

162 5759 288 5813 opus
316 5738 637 5810 injunxerat,
666 5741 1006 5796 secretissime
1035 5738 1235 5812 quoque
1256 5741 1354 5794 sibi
1381 5738 1735 5809 pectusculum

1841 1906 1944 1952 tua:
1973 1897 2338 1952 membrorum
2385 1894 2623 1967 perfecta
2673 1895 2991 1949 remissieae
3040 1894 3284 1947 restitue.
3318 1892 3422 1946 Mi-

1838 2003 2020 2044 serere
2051 1989 2163 2044 Dne
2190 1989 2503 2058 gemitnum,
2533 1987 2792 2042 miserere
2823 1985 3200 2049 lacrimarum;
3233 1993 3285 2038 ct
3312 2001 3419 2038 non

1837 2080 2129 2136 habentem
2179 2080 2430 2134 fiduciam
2463 2078 2564 2133 nisi
2599 2079 2650 2132 in
2685 2085 2772 2130 tua
2821 2075 3190 2130 misericordia
3224 2072 3289 2128 ad
3335 2090 3420 2127 sa-

1844 2179 2183 2226 cramentum
2213 2182 2522 2239 quaesumus
2546 2165 2998 2222 reconciliationis
3020 2165 3264 2220 admitte.
3297 2162 3423 2218 Per.

1907 2262 2050 2316 Alia.
2130 2261 2462 2315 Maiestatem
2514 2268 2660 2312 tuam
2731 2256 2842 2311 Dne
2899 2255 3170 2326 supplices
3233 2253 3425 2323 depre-

1837 2369 2048 2418 camur,
2083 2361 2142 2407 ut
2183 2353 2309 2408 huic
2357 2350 2558 2404 famulo
2592 2361 2684 2403 tuo
2741 2348 2899 2418 longo
2954 2346 3202 2416 squalore
3251 2345 3424 2414 paeni-

1839 2446 2021 2500 tentia:
2067 2452 2340 2499 macerato
2396 2441 2759 2496 miserationis
2820 2449 2924 2494 tum
2969 2439 3181 2492 veniam
3236 2435 3421 2503 largiri

1838 2533 2102 2604 digneris,
2125 2540 2185 2587 ut
2226 2531 2450 2601 nuptiali
2477 2539 2626 2585 veste
2664 2537 2875 2598 recepta
2908 2528 2973 2582 ad
3009 2527 3246 2597 regalem
3272 2542 3425 2580 men-

1837 2637 1951 2678 sam
1980 2629 2122 2677 unde
2147 2622 2352 2677 eiectus
2384 2619 2558 2675 fuerat
2593 2630 2866 2674 mereatur
2900 2619 3146 2674 introire.
3183 2618 3308 2674 Per.

1907 2715 2048 2767 Alia.
2097 2714 2389 2769 Benedicat
2441 2722 2493 2766 te
2539 2711 2682 2766 Deus
2733 2711 2925 2775 Pater,
2979 2719 3132 2766 sanet.
3185 2720 3236 2765 tc
3282 2709 3424 2767 Deus

1838 2806 2027 2870 Filius,
2057 2804 2324 2859 illuminct
2373 2813 2425 2858 te
2468 2804 2704 2873 Spiritus
2755 2813 2994 2857 sanctus.
3029 2802 3238 2872 Corpus
3271 2810 3420 2855 tuum

1838 2895 2130 2961 custodiat,
2176 2895 2410 2948 animam
2448 2903 2591 2949 tuam
2627 2893 2814 2957 salvet,
2849 2910 2945 2948 cor
2973 2902 3124 2946 tuum
3171 2891 3416 2952 irradiet.

1839 2996 1893 3042 ct
1913 2987 1978 3041 ad
2007 3001 2235 3057 superna
2269 2994 2320 3041 te
2364 2986 2646 3056 perducat,
2691 2998 3043 3055 perseverare
3075 2993 3126 3038 te
3169 2981 3420 3037 Christus

1844 3083 1895 3137 in
1923 3097 2021 3137 suo
2060 3090 2248 3137 sancto
2290 3080 2512 3135 servitio
2542 3079 2725 3145 faciat,
2773 3088 2826 3133 et
2856 3079 3117 3149 perducat
3155 3087 3204 3132 te
3254 3077 3304 3130 in
3349 3077 3422 3130 vi-

1759 3156 1802 3218 (ἶ
1838 3183 1943 3228 tam
1970 3185 2245 3228 :ctcrnam.
2274 3171 2491 3227 Partem
2525 3172 2784 3226 merearis
2820 3171 3019 3226 habere
3059 3185 3181 3225 cum
3213 3170 3417 3222 sanctis

1834 3274 1888 3321 et
1928 3265 2116 3320 electis
2170 3263 2286 3318 Dei.
2335 3263 2614 3334 Indulgcat
2648 3263 2742 3317 tibi
2798 3261 2940 3316 Deus
2985 3261 3162 3315 omnia
3199 3271 3415 3329 peccata

1837 3367 1949 3423 tua,
1988 3358 2312 3412 misereatur
2357 3356 2450 3410 tibi
2485 3355 2736 3410 Christus
2766 3354 2908 3408 illius
2950 3352 3069 3417 Dei,
3109 3367 3317 3421 semper
3365 3361 3418 3406 te

1834 3464 2024 3502 sanum
2055 3457 2106 3502 et
2130 3447 2449 3502 incolomem
2477 3453 2531 3500 et
2557 3454 2855 3515 protectum
2897 3443 2964 3498 ab
3001 3443 3250 3499 omnibus
3290 3442 3421 3498 insi-

1833 3539 1939 3594 diis
1977 3537 2318 3592 inimicorum
2365 3535 2607 3590 omnium
2660 3533 2931 3595 custodiat
2967 3531 3130 3586 Pater
3168 3532 3416 3601 omnipo-

1837 3640 1953 3683 tens
1981 3628 2072 3697 qui
2105 3635 2154 3681 te
2188 3627 2393 3680 creavit
2438 3640 2538 3694 per
2583 3625 2800 3678 unicum
2851 3621 3017 3676 lilium
3071 3638 3226 3676 suum
3282 3622 3419 3674 Dum

1835 3735 1955 3772 nrm
1981 3718 2071 3788 qui
2113 3731 2235 3773 cum
2265 3716 2454 3772 eodem
2478 3714 2638 3769 Patre
2665 3723 2719 3768 et
2749 3713 2951 3784 Spiritu
2983 3722 3173 3767 sancto
3214 3712 3423 3766 vivit‘et

1835 3817 2023 3880 regnat
2055 3808 2109 3862 in
2138 3806 2331 3862 smcula
2379 3805 2722 3861 szeeulorum.
2786 3805 2982 3859 Amen.

1905 3899 2046 3954 Alia.
2097 3898 2300 3952 Adesto
2343 3897 2455 3952 Dne
2505 3893 2988 3966 supplicationibus
3035 3895 3259 3957 nostris,
3314 3909 3418 3950 nec

1833 3989 1906 4045 sit
1929 3989 1996 4044 ab
2024 3990 2124 4043 hoc
2149 3985 2349 4042 famulo
2380 3995 2471 4040 tuo
2508 3985 2809 4040 clementia:
2837 3985 3064 4054 benigna
3107 3985 3405 4044 miseratio,

1836 4095 1967 4137 sana
1997 4079 2242 4139 vulnera,
2275 4078 2500 4148 eiusque
2531 4076 2749 4131 remitte
2794 4086 3038 4146 peccata,
3071 4083 3129 4128 ut
3174 4073 3335 4129 nullis
3383 4092 3414 4128 a

1835 4183 1885 4228 te
1929 4172 2303 4243 iniquitatibus
2335 4172 2447 4226 suis
2476 4180 2756 4240 separatus
2787 4169 2878 4222 tihi
2911 4183 3124 4238 semper
3166 4166 3280 4222 Dne
3323 4168 3420 4220 ad-

1835 4265 2041 4320 haerere
2081 4263 2276 4318 valeat.
2334 4262 2455 4316 Pcr.
2871 4278 2875 4282 ·

1903 4356 2045 4411 Alia.
2095 4355 2262 4410 l‘arce
2294 4354 2516 4410 Domine
2569 4367 2730 4422 parce
2758 4350 2966 4405 famulo
3010 4360 3099 4403 tuo
3125 4365 3286 4418 quem
3335 4364 3419 4403 re-

1839 4448 2052 4502 demisti
2093 4448 2309 4501 Christe
2352 4446 2613 4516 sanguine
2656 4453 2767 4508 tuo,
2802 4459 2867 4497 ne
2899 4443 2951 4495 in
3004 4453 3264 4496 :eternum
3315 4439 3419 4492 ira-

1841 4540 2010 4594 scaris
2037 4540 2106 4593 ei.
2139 4538 2239 4592 llic
2273 4541 2614 4592 decantrntur
2662 4534 3036 4604 pwuitentiales
3080 4532 3268 4594 psalmi
3309 4529 3419 4584 VH

1841 4649 1956 4687 cum
1983 4629 2194 4685 la'tania
2222 4630 2359 4700 infra
2382 4630 2600 4682 inserta.

1839 4727 2001 4799 Kyrie
2025 4727 2095 4783 el.
2120 4723 2236 4797 Xpe
2264 4726 2333 4782 el.
2369 4727 2486 4795 Xpe
2511 4725 2633 4780 audi
2662 4741 2779 4780 nos.

1841 4820 2092 4874 Salvator
2121 4819 2302 4872 mundi
2346 4819 2534 4873 adiuva
2561 4834 2679 4872 nos.

1839 4911 2042 4966 Sancta
2071 4910 2236 4965 Maria
2267 4924 2360 4964 ora
2389 4925 2487 4980 pro
2519 4910 2690 4964 nobis.

1838 5001 2041 5058 Sancta
2070 5001 2235 5056 Maria
2261 4999 2352 5056 Dei
2385 5001 2612 5072 genitria
2644 5017 2738 5055 ora
2778 5017 2876 5072 pro
2907 5000 3108 5056 famulo
3135 5012 3245 5057 tuo.

1837 5092 2036 5148 Sancta
2068 5103 2122 5149 et
2147 5101 2404 5163 perpetua
2432 5093 2584 5164 virgo
2613 5107 2871 5148 succurre
2901 5094 2956 5149 in
2986 5093 3252 5163 angustiis
3291 5106 3418 5147 con-

1907 5185 2115 5240 stituto.

1835 5321 2000 5392 petiit,
2033 5331 2089 5375 ut
2112 5321 2389 5392 morisiest,
2421 5319 2623 5392 inungi.
2797 5390 2807 5392 _
2886 5389 2897 5392 Α
2964 5388 2977 5392 Α
3045 5387 3048 5390 ,

1908 5392 2055 5467 (HQ
2098 5392 2217 5467 \fid.
2271 5391 2496 5467 Launoii
2545 5385 2686 5467 liber
2725 5390 2833 5467 cui.
2862 5387 3088 5467 titulus:
3131 5385 3412 5467 Explicala

1836 5461 1978 5517 vetus
2008 5461 2258 5516 Ecclesia:
2296 5463 2512 5516 traditio
2551 5461 2615 5514 de
2653 5463 2775 5515 data
2815 5461 3040 5582 inprmis
3070 5468 3182 5522 post
3212 5461 3412 5510 unctio-

1840 5550 1954 5582 nem
1979 5533 2347 5582 Euclmristia:
2379 5531 2520 5582 unde
2558 5546 2728 5582 nauea
2759 5531 2824 5582 de
2889 5545 2972 5582 ioc
3014 5529 3138 5582 ritu.
3171 5528 3260 5582 uui
3298 5527 3412 5580 ubi-

1840 5550 1954 5587 nem
1979 5533 2347 5596 Eucltaristia;
2379 5531 2520 5586 unde
2558 5546 2728 5602 pauca
2759 5531 2824 5584 de
2870 5527 2972 5602 hoc
3014 5529 3147 5602 ritu,
3171 5528 3271 5602 qui
3298 5527 3414 5580 ubi-

1839 5619 1945 5673 que
1979 5603 2229 5666 obtinuit,
2260 5598 2894 5673 dicendum'existimavi
2943 5600 3003 5654 P.
3035 5614 3072 5653 ιι
3100 5598 3325 5670 disquis.
3359 5611 3389 5650 ν

1840 5672 1888 5728 c.
1919 5675 1974 5741 ὅ,
2005 5689 2056 5728 n.
2088 5673 2142 5740 '5,
2166 5689 2219 5743 p.
2247 5672 2369 5728 486.
3356 5692 3358 5695 ·
