3902 5334
549 303 655 360 995

548 397 753 452 Omnes
778 391 950 448 sancti
974 389 1162 464 Angeli
1184 397 1337 445 orate
1357 405 1456 461 pro
1478 391 1581 445 hoc
1603 389 1839 469 inﬁrmo.

552 486 753 544 Omnes
781 485 950 542 sancti
979 482 1300 554 Archangeli
1327 491 1478 538 orate
1505 497 1559 552 p.
1591 481 1648 536 h.
1675 481 1772 536 inf.

552 576 754 634 Omnes
781 578 950 632 sancti
993 575 1320 629 Patriarcha:
1347 583 1500 630 orate
1538 589 1592 644 p.
1627 574 1680 628 h.
1710 570 1808 627 inf.

551 669 753 726 Omnes
783 667 955 722 sancti
989 665 1270 736 Propheta;
1294 674 1447 720 orate
1484 680 1537 735 p.
1564 665 1618 718 h.
1653 664 1751 718 inf.

553 760 754 814 Sancte
781 758 1046 812 Iohannes
1069 757 1305 823 Baptista
1329 771 1424 811 ora
1452 770 1506 825 p.
1541 755 1597 808 h.
1639 753 1734 809 inf.

553 853 612 907 S.
641 851 800 906 Petre
826 866 920 904 ora
950 864 1048 923 pro
1081 850 1183 904 hoc
1213 849 1445 903 inﬁrmo.

559 949 616 1004 S.
649 949 815 1004 Paule
842 963 937 1004 ora
968 963 1066 1018 pro
1099 947 1202 1002 ltoc
1233 947 1470 1001 inﬁrmo.

553 1040 610 1094 S.
643 1039 858 1094 Andrea
889 1054 984 1094 ora
1008 1053 1106 1108 pro
1136 1038 1240 1092 hoc
1278 1036 1514 1091 inﬁrmo.

552 1130 612 1182 ὃ.
643 1128 908 1183 Iohannes
927 1136 980 1181 et
1007 1126 1186 1182 ueteri
1219 1126 1309 1195 qui
1340 1133 1659 1195 sequuntur.
1687 1134 1841 1180 orate
1869 1141 1918 1195 p.
1951 1124 2006 1178 h.
2034 1123 2131 1178 inl'.

553 1217 755 1274 Omnes
807 1219 982 1274 sancti
1025 1217 1266 1288 Apostoli
1321 1226 1377 1272 et
1419 1217 1798 1288 Evangelistrc.
1847 1226 1998 1272 orate
2038 1230 2173 1287 pro,

627 1311 733 1366 hoc
764 1309 1001 1364 inﬁrmo.

553 1401 755 1456 Omnes
782 1401 955 1455 sancti
992 1400 1271 1472 Martyres.
1309 1410 1460 1457 orate
1490 1418 1544 1472 p.
1574 1404 1630 1456 ll.
1677 1402 1778 1456 lnl‘.

553 1490 757 1546 Omnes
786 1491 959 1546 sancti
983 1489 1355 1546 Confessores.
1389 1501 1540 1547 orate
1569 1507 1621 1562 p.
1667 1493 1720 1546 h.
1749 1489 1844 1546 inf.

553 1583 755 1638 Omnes
781 1591 983 1638 sanctm
1007 1583 1276 1654 Virgines.
1303 1593 1456 1638 orate
1491 1599 1546 1654 ι).
1581 1584 1635 1638 h.
1679 1582 1775 1638 inf.

553 1673 754 1729 Omnes
807 1673 982 1728 sancti
1027 1673 1094 1727 ab
1140 1673 1303 1728 inicio
1351 1675 1537 1729 mundi
1574 1690 1746 1745 usque
1775 1675 1842 1730 ad
1872 1689 2132 1745 prmsens.

629 1776 782 1823 orate
808 1783 907 1838 pro
943 1767 1047 1822 hoc
1087 1765 1322 1821 inﬁrmo.

551 1859 825 1930 Propitius
853 1868 970 1915 esto
992 1868 1046 1914 et
1084 1859 1253 1914 libera
1284 1874 1407 1914 eum
1441 1859 1574 1914 Due.

553 1945 823 2017 Propitius
849 1957 965 2003 esto
991 1956 1045 2002 et
1067 1963 1227 2018 parce
1257 1948 1303 2002 ei
1335 1948 1465 2002 Dne.

552 2035 636 2090 Ab
665 2037 810 2090 omni
841 2037 983 2091 malo
1015 2036 1181 2091 libera
1205 2051 1328 2091 eum
1361 2035 1492 2091 Dne.

553 2125 639 2180 Ab
669 2126 746 2179 ira
779 2134 868 2180 tua
908 2125 1075 2180 libera
1105 2142 1226 2181 eum
1261 2127 1394 2180 Dne.

552 2217 636 2271 Ab
666 2218 848 2290 iniqua
874 2228 1048 2274 morte
1084 2219 1252 2274 libera
1283 2235 1405 2273 eum
1438 2220 1572 2276 Dne.

553 2310 636 2365 Ab
661 2311 808 2365 omni
848 2311 1188 2366 immunditia
1219 2312 1400 2367 cordis
1426 2321 1480 2366 et
1509 2310 1753 2382 corporis
1800 2307 1892 2366 lib.
1921 2326 1970 2367 c.
2003 2307 2064 2365 D.

551 2403 594 2457 Λ
631 2403 856 2457 vinculis
887 2403 1081 2458 diaboli
1122 2403 1289 2458 libera
1321 2419 1442 2458 eum
1478 2402 1608 2457 Due.

552 2491 657 2548 Per
683 2510 897 2549 crucem
933 2503 1075 2548 tuam
1106 2494 1274 2548 libera
1315 2508 1438 2548 eum
1469 2494 1601 2549 Dne.

552 2584 659 2639 Per
687 2585 992 2654 passionem
1027 2594 1174 2638 tuam
1217 2584 1383 2640 libera
1423 2600 1547 2640 cum
1575 2585 1708 2640 Due.

551 2673 657 2734 Per
684 2679 973 2733 adventum
1015 2686 1162 2734 tuum
1191 2677 1358 2733 libera
1386 2695 1510 2735 eum
1543 2681 1674 2735 Due.

551 2770 899 2827 Peccatores.
932 2771 1008 2827 Te
1032 2787 1284 2842 rogamus
1311 2772 1457 2826 audi.

554 2861 625 2918 Ut
651 2878 837 2934 pacem
868 2872 1184 2934 perpetuam
1211 2864 1261 2918 ei
1290 2863 1481 2919 dones.
1532 2861 1609 2918 Te
1640 2878 1735 2933 rog

553 2953 625 3010 Ut
654 2952 857 3008 fontem
887 2953 1250 3024 lacrytnarum
1278 2954 1327 3008 ei
1356 2954 1544 3009 dones.
1589 2952 1666 3007 Te
1693 2967 1808 3023 rog.

555 3042 622 3099 Ut
658 3044 886 3112 gratiam
939 3043 1111 3098 sancti
1169 3042 1385 3114 Spritus
1438 3043 1589 3098 cordi
1647 3042 1790 3099 illius
1853 3040 2138 3097 infundere

622 3134 883 3206 digneris.
932 3133 1007 3187 Te
1047 3150 1324 3205 rogamus.

551 3225 624 3282 Ut
657 3227 898 3296 spacium
943 3227 1295 3296 poenitentiae,
1343 3226 1391 3282 si
1449 3227 1567 3281 ﬁeri
1599 3233 1797 3296 potest,
1848 3225 1899 3282 ei
1944 3226 2133 3282 dones.

623 3314 701 3368 Te
729 3329 1001 3384 rogamus.

553 3405 626 3462 Ut
651 3406 1093 3461 intercessionem
1137 3413 1191 3460 et
1216 3404 1470 3463 solatium
1499 3414 1814 3461 sanctorum
1850 3405 1900 3461 ei
1943 3405 2132 3472 dones.

623 3495 700 3551 Te
727 3511 999 3567 rogamus.

554 3589 625 3645 Ut
656 3589 708 3644 in
739 3587 990 3659 praesenti
1016 3587 1258 3660 periculo
1294 3589 1343 3644 ei
1392 3603 1714 3645 succurrere
1754 3587 2010 3659 digneris.
2062 3583 2137 3643 Te

620 3693 895 3748 rogamus.

551 3769 622 3826 Ut
649 3769 875 3840 repellas
900 3769 968 3824 ab
990 3783 1054 3825 eo
1097 3784 1290 3826 omnes
1327 3770 1602 3842 principes
1644 3770 2013 3826 tenebrarum.
2059 3770 2137 3826 Te

623 3878 896 3935 rogamus.

549 3954 623 4012 Ut
665 3955 732 4010 ad
761 3955 953 4024 gaudia
976 3964 1179 4010 acterna
1228 3969 1353 4011 eum
1403 3955 1699 4026 perducere
1745 3955 2000 4028 digneris.
2063 3956 2140 4041 Te

621 4060 894 4116 rogamus.

550 4129 624 4187 Ut
648 4132 945 4187 Ecclesiam
980 4140 1125 4186 tuam
1164 4131 1216 4185 in
1245 4145 1311 4186 eo
1340 4132 1580 4188 exaltare
1619 4133 1877 4202 digneris.
1920 4134 1982 4189 T.
2020 4151 2065 4189 r.

553 4221 626 4278 Ut
652 4238 752 4277 nos
777 4221 1035 4276 exaudire
1063 4221 1319 4292 digneris.
1353 4222 1429 4276 Te
1461 4238 1734 4292 r0gamus.

552 4315 653 4372 Fili
684 4315 798 4369 Dei.
852 4313 929 4368 Te
956 4328 1208 4385 rogamus
1239 4315 1362 4369 audi
1407 4329 1527 4370 nos.
1557 4315 1640 4368 Ill.

550 4409 703 4478 Agne
751 4406 843 4461 Dei
875 4406 966 4476 qui
999 4406 1141 4462 tollis
1185 4397 1402 4477 peccata
1434 4408 1639 4463 mundi.
1681 4406 1850 4463 Parce
1880 4407 1970 4463 isti
2001 4408 2136 4464 Due.

1402 295 1694 352 APPEND.
1735 296 1826 352 AD
1863 295 2036 352 SEC.
2080 296 2147 352 Χ.
2184 327 2240 339 --
2285 296 2715 354 MONUMENTA
2747 297 3021 356 LlTURG.
3700 296 3789 353 996

2157 391 2209 452 Α
2237 398 2344 444 tem
2387 391 2440 444 in
2472 391 2616 446 hunc
2663 389 2940 452 mundum.
2982 387 3224 444 illumina
3275 399 3592 460 quresumus
3619 399 3704 440 cor
3730 386 3789 440 la-

2234 480 2362 535 muli
2393 480 2470 534 tui
2513 481 2698 551 gratia:
2728 490 2831 534 tua:
2877 479 3184 550 splendore,
3229 486 3288 531 ut
3338 477 3505 549 digna
3552 477 3790 532 maiestati

2236 579 2340 625 tuae
2375 571 2636 641 cogitare,
2678 579 2734 625 et
2761 570 2986 640 diligere
3021 568 3212 623 valeat.
3262 565 3386 622 Per.

2304 663 2446 717 Alia.
2495 665 2715 720 Dimitte
2750 663 2865 718 Due
2898 671 3120 732 peccata
3163 672 3349 718 nostra
3377 670 3435 716 et
3463 659 3645 714 tribue
3668 659 3795 716 nobis

2235 755 2660 810 misericordiam
2715 762 2860 807 tuam
2911 768 3016 822 qua
3070 753 3184 807 oris
3234 752 3404 807 nostri
3451 750 3690 819 alloquio
3721 751 3795 807 de-

2235 854 2507 917 precatus,
2545 846 2729 901 famuli
2767 845 2841 899 tui
2887 844 3247 898 humilitatem
3275 853 3331 898 et
3373 843 3684 914 angustiam
3721 843 3798 896 atl-

2239 939 2447 1002 tendas,
2473 937 2688 992 vincula
2717 935 2915 1002 solvas,
2949 933 3144 989 delicta
3176 933 3379 998 deleas,
3413 932 3798 988 tribulationem

2237 1030 2525 1100 inspicias,
2581 1025 2936 1095 eﬁ‘ectumque
3004 1023 3263 1094 peticioni
3327 1032 3540 1078 nostra:
3600 1021 3802 1091 largiens

2237 1126 2534 1182 clementer
2570 1122 2850 1178 exaudias.
2903 1123 3028 1177 Per.
3097 1117 3199 1173 His
3246 1120 3322 1172 ita
3376 1115 3642 1186 explicitis
3685 1123 3800 1182 roget

2237 1216 2478 1270 sacerdos
2505 1215 2771 1284 confessor
2792 1212 2989 1281 inﬁrmi
3028 1208 3162 1264 alios
3193 1207 3526 1268 sacerdotes,
3571 1213 3625 1256 ut
3653 1203 3801 1255 dicant

2237 1327 2393 1380 super
2413 1327 2530 1364 eum
2569 1307 2830 1362 orationes
2853 1307 2969 1370 has,
2996 1319 3114 1375 qua:
3150 1311 3270 1357 sunt
3310 1301 3375 1353 de
3402 1295 3802 1353 reconciliatione

2237 1401 2525 1474 ptrnitcntis
2548 1399 2616 1453 ad
2644 1407 2885 1454 mortem.

2930 1487 3139 1544 Oratio.

2313 1586 2453 1642 Deus
2479 1583 2818 1647 misericors,
2850 1583 2992 1636 Deus
3023 1580 3286 1636 clemens.
3313 1576 3462 1630 Atia.
3494 1574 3801 1628 Maiestatem

2242 1683 2412 1730 tuam.
2455 1674 2597 1728 Atia.
2623 1673 2962 1728 Maiestatem
2995 1680 3140 1724 tuam
3169 1681 3487 1738 quaesumus
3509 1665 3625 1719 Due
3651 1674 3804 1717 sancte

2171 1775 2216 1834 Β
2243 1767 2402 1822 Pater
2429 1767 2772 1837 omnipotens
2825 1775 3028 1820 aeterne
3075 1763 3217 1817 Deus
3268 1760 3362 1830 qui
3412 1774 3529 1814 non
3585 1765 3803 1819 mortem,

2242 1857 2337 1912 sed
2386 1864 2730 1926 peccatorum
2789 1853 2957 1908 vitam
3021 1865 3236 1920 semper
3302 1847 3576 1918 inquiris;
3626 1845 3804 1913 respice

2240 1947 2458 2004 ﬂentem
2501 1947 2763 2002 famulum
2792 1954 2965 2008 tuum,
3005 1942 3238 1998 adtende
3279 1947 3647 2011 prostratum,
3689 1936 3806 1989 eius-

2241 2055 2345 2111 que
2367 2039 2642 2109 planctum
2671 2039 2721 2091 in
2751 2035 3007 2106 gaudium
3042 2041 3134 2087 tua
3161 2031 3522 2087 miseratione
3560 2035 3804 2082 converte.

2243 2131 2441 2187 Scinde
2466 2121 2781 2186 delictorum
2811 2141 3049 2190 saccum,
3073 2133 3135 2192 et.
3164 2123 3327 2178 indue
3363 2136 3499 2176 eum
3531 2119 3708 2174 laetitia
3739 2131 3806 2170 sa-

2242 2222 2425 2287 lutari,
2461 2230 2522 2276 ut
2569 2229 2692 2290 post
2744 2220 2960 2290 longam
3007 2214 3472 2288 peregrinationis
3525 2211 3713 2266 famem
3755 2209 3806 2262 de

2243 2313 2446 2369 sanctis
2467 2313 2728 2367 altaribus
2759 2311 2864 2365 tuis
2891 2309 3142 2374 satietur,
3181 2307 3585 2376 ingressusque
3610 2301 3801 2356 cubicu-

2243 2405 2352 2460 lum
2381 2405 2546 2474 regis,
2593 2401 2867 2473 inipsius
2909 2399 3033 2454 aula
3081 2396 3367 2454 benedical.
3414 2410 3619 2449 nomen
3653 2390 3803 2461 gloria:

2243 2505 2348 2551 tute
2377 2509 2606 2564 semper.
2639 2491 2761 2548 Per.
2791 2491 2991 2545 Deinde
3029 2489 3231 2559 faciant
3273 2501 3476 2556 aquam
3517 2483 3802 2538 benedictum

2242 2587 2351 2642 sale
2377 2602 2644 2657 aspersam
2665 2595 2711 2638 et
2743 2590 3019 2653 aspergant
3055 2597 3193 2644 eam,
3223 2592 3342 2631 cum
3383 2575 3600 2646 amipli.
3635 2581 3680 2626 et
3712 2587 3804 2623 ora-

2241 2679 2466 2734 tionibus
2488 2693 2643 2748 super
2668 2677 2836 2746 ipsum
2853 2675 3142 2744 infirmum,
3177 2680 3223 2724 et
3253 2669 3307 2723 in
3333 2667 3520 2732 domo,
3549 2681 3652 2735 qua
3680 2663 3802 2716 iacet.

2243 2771 2370 2828 Post
2402 2772 2512 2826 Ittec
2543 2788 2574 2824 a
2595 2769 2862 2824 sacerdote
2889 2767 3100 2820 dicatur
3130 2765 3323 2820 oratio.

2318 2863 2540 2918 Domine
2566 2862 2731 2927 Deus,
2781 2860 2871 2930 qui
2921 2875 3020 2930 per
3065 2855 3368 2928 apostolum
3417 2862 3578 2908 tuum
3621 2851 3802 2906 locutus

2243 2969 2324 3020 es,
2351 2953 2659 3009 inﬁrmatur
2679 2952 2802 3023 quis
2831 2952 2886 3007 in
2914 2951 3068 3007 vobis
3125 2950 3345 3005 inducat
3370 2947 3712 3018 presbyteros
3735 2943 3805 2996 Ec.

2241 3044 2442 3109 clcsim,
2483 3054 2537 3098 et
2565 3053 2722 3099 orent
2782 3057 2945 3112 super
2993 3056 3142 3107 eum,
3196 3048 3509 3110 unguentes
3552 3053 3672 3092 eum
3712 3034 3804 3088 oleo

2169 3130 2214 3192 C
2244 3143 2434 3189 sancto
2466 3134 2519 3188 in
2542 3133 2760 3188 nomine
2788 3131 3024 3196 Domini,
3051 3140 3107 3186 et
3133 3130 3310 3184 oratio
3334 3128 3461 3184 ﬁdei
3500 3127 3721 3184 salvabit
3743 3126 3803 3177 in-

2239 3224 2480 3290 ﬁrmum,
2517 3235 2573 3280 et
2603 3223 2861 3278 allevabit
2893 3239 3017 3279 eum
3055 3223 3335 3287 Dominus,
3360 3232 3416 3277 et
3445 3221 3497 3276 si
3523 3222 3576 3275 in
3606 3217 3803 3291 peccatis

2239 3318 2330 3382 sit,
2368 3316 2716 3372 dimittuntur
2761 3315 2833 3387 ei.
2879 3316 3021 3370 Cura
3078 3329 3390 3384 quaesumus
3423 3313 3698 3368 redemtur
3728 3322 3807 3361 no-

2238 3418 2353 3464 ster
2379 3409 2555 3477 gratia
2586 3407 2824 3478 Spiritus
2864 3407 3039 3478 sancti
3093 3407 3382 3478 lauguores
3413 3406 3580 3461 istius
3615 3400 3800 3461 inﬁrmi,

2239 3500 2466 3570 eiusque
2490 3514 2622 3554 sana
2648 3498 2897 3564 vulnera,
2933 3514 2998 3554 ac
3023 3499 3236 3554 dimitte
3263 3507 3512 3568 peccata,
3538 3506 3690 3566 atque
3727 3491 3802 3546 do-

2240 3590 2382 3644 lores
2429 3599 2656 3645 cunctos
2684 3590 2865 3645 cordis
2894 3605 2960 3645 ac
3003 3592 3246 3662 corporis
3287 3590 3356 3645 ab
3391 3605 3462 3646 eo
3507 3591 3721 3661 expelle,
3758 3597 3801 3645 et

2240 3679 2451 3750 plenam
2475 3679 2523 3734 ei
2557 3679 2786 3735 interius
2819 3682 3168 3753 exteriusque
3191 3684 3488 3739 sanitatem
3525 3683 3796 3739 misericor-

2240 3771 2381 3826 diter
2408 3770 2592 3837 rcdde,
2625 3780 2685 3826 ut
2724 3786 2827 3842 ope
2868 3772 3258 3832 misericordias
3307 3784 3411 3830 tuae
3441 3776 3732 3837 restitutus.
3757 3782 3801 3828 et

2241 3868 2462 3915 sanatus
2491 3861 2558 3914 ad
2597 3861 2824 3932 pristina
2872 3863 3092 3932 pietatis
3149 3874 3253 3920 tua:
3300 3875 3589 3936 reparetur
3631 3863 3795 3921 oﬁicia.

2241 3953 2340 4020 Qui
2372 3967 2493 4008 cum
2525 3952 2687 4008 Patre
2715 3955 2845 4008 vivit
2873 3965 2928 4009 et
2971 3964 3160 4026 regnat
3199 3956 3363 4011 Deus.
3417 3956 3489 4010 Et
3530 3958 3606 4011 sic
3647 3957 3795 4025 ﬂectat

2241 4059 2430 4113 genua,
2457 4043 2544 4112 qui
2574 4053 2646 4097 est
2676 4043 2956 4113 languidus
2983 4045 3052 4097 ad
3082 4045 3321 4099 dextram
3345 4045 3634 4100 sacerdotis
3666 4046 3732 4098 sic
3759 4051 3798 4094 et

2241 4132 2544 4186 decantetur
2563 4135 2687 4188 Ant.
2713 4133 2856 4188 Sana
2889 4133 3005 4188 Dne
3033 4133 3306 4190 inﬁrmum
3335 4135 3499 4190 istum
3525 4135 3677 4191 cuius
3697 4145 3797 4188 ossa

2242 4225 2566 4279 conturbata
2612 4233 2760 4293 sunt,
2803 4231 2856 4279 et
2884 4224 3040 4280 cuius
3067 4225 3248 4279 anima
3292 4226 3509 4280 turbata
3535 4234 3620 4281 est
3645 4223 3793 4285 valde,

2245 4317 2338 4371 sed
2372 4327 2426 4370 tu
2475 4315 2700 4370 Domine
2731 4326 3050 4371 convertere
3093 4324 3148 4372 et
3194 4331 3328 4371 sana
3369 4332 3516 4382 eum,
3578 4326 3630 4372 et
3672 4314 3795 4383 eripe

2245 4406 2481 4459 animam
2510 4405 2628 4462 eius
2677 4420 2708 4459 a
2757 4414 2949 4461 morte.
2997 4404 3093 4460 Ps.
3143 4406 3371 4463 Domine
3416 4423 3488 4463 ne
3533 4407 3588 4461 in
3619 4405 3791 4459 furore.

551 4503 704 4571 Agne
728 4499 820 4554 Dei
863 4499 952 4568 qui
981 4497 1124 4553 tollis
1153 4509 1376 4569 peccata
1409 4500 1614 4555 mundi.
1647 4498 1906 4555 Miserere
1946 4499 2036 4555 isti
2069 4500 2134 4555 D.
2167 4478 2216 4538 Ῑ)
2243 4499 2375 4553 Cum
2412 4497 2615 4554 Gloria.

551 4591 669 4661 Xpe
696 4591 819 4646 audi
853 4605 971 4646 nos.
999 4589 1084 4644 Ill.
1113 4589 1278 4661 Kyrie
1310 4589 1382 4644 el.

551 4683 670 4754 Xpe
697 4683 921 4738 eleison.
951 4681 1114 4752 Kyrie
1145 4681 1372 4737 eleison.

551 4775 712 4830 Pater
735 4784 939 4830 noster.
985 4773 1052 4826 Et
1082 4787 1148 4827 ne
1175 4788 1274 4828 nos
1300 4773 1410 4827 ind.

553 4863 773 4919 Salvum
802 4863 889 4918 lac
913 4877 1131 4917 servum
1157 4873 1328 4917 tuum.

552 4955 704 5010 Mitte
732 4955 782 5008 ei
823 4955 1072 5010 Domine.

552 5049 766 5119 Exurge
803 5047 1050 5103 Domine.

1101 5183 1349 5255 Sequitur
1389 5181 1594 5238 Oratio.

625 5319 663 5334 Λ

2312 4586 2518 4642 Oratio.
2565 4587 2796 4645 Oremus
2848 4589 2986 4644 Dnm
3043 4605 3165 4645 nrm
3216 4589 3400 4646 Iesum
3431 4590 3591 4662 Xpm,
3618 4598 3669 4646 et
3690 4601 3790 4642 cum

2239 4680 2389 4736 omni
2438 4679 2833 4751 supplicatione
2887 4695 3186 4752 rogemus,
3243 4689 3304 4734 ut
3366 4681 3510 4735 hunc
3560 4677 3788 4733 famulum

2240 4787 2397 4826 suum
2428 4788 2526 4842 per
2551 4772 2800 4844 angelum
2830 4789 2988 4828 suum
3024 4782 3277 4830 sanctum
3329 4775 3574 4836 visitare,
3603 4780 3655 4828 et
3679 4785 3788 4826 con-

2241 4857 2447 4914 fortare
2471 4859 2741 4929 dignetur.
2768 4859 2870 4925 Qui
2905 4859 3059 4913 vivit.

2312 4945 2564 5018 Sequitur
2637 4946 2854 5019 Antiph.
2923 4947 3072 5003 Dnus
3131 4947 3346 5004 locutus
3405 4958 3490 5004 est
3541 4941 3785 5015 discipulis

2241 5039 2356 5095 suis
2383 5080 2399 5105 ,
2445 5041 2498 5094 in
2560 5042 2779 5098 nomine
2825 5057 2947 5098 meo
2996 5043 3262 5099 daemonia
3292 5043 3614 5107 eiicientur,
3650 5050 3784 5105 super

2243 5129 2492 5186 inﬁrmos
2544 5147 2736 5186 manus
2789 5132 3090 5202 imponite,
3139 5143 3193 5188 et
3217 5133 3356 5188 bene
3385 5132 3668 5188 habebunt.
3708 5126 3778 5179 Ρι-

2249 5220 2388 5277 Deus
2443 5223 2688 5278 deorum.
2734 5221 2866 5278 Cum
2932 5224 3137 5280 Gloria.
3202 5224 3453 5293 Sequitur
3497 5223 3637 5278 Orat.
3668 5220 3780 5273 Deus

2249 5314 2331 5334 ---3
2394 5313 2417 5334 ρ
2450 5313 2586 5334 ---Ι-
2643 5322 2728 5334 ιη,
2783 5315 2824 5334 1⁵3
2872 5330 2885 5334 -
2909 5317 2942 5334 _I
2969 5317 2980 5328 ³
3015 5331 3025 5334 -
3117 5316 3158 5334 Ι.
3210 5332 3234 5334 ..
3383 5315 3424 5334 Δ.
3456 5324 3469 5334 ι
3541 5313 3639 5334 Π-..
3679 5323 3756 5334 ,Αι-
