3962 6326
148 330 257 387 997

1393 327 1710 387 JUDICIUM
1752 325 2215 386 PCENITENTIS.

3305 335 3410 398 998

149 446 367 503 camine
401 487 414 510 ,
471 451 531 498 ut
584 442 636 498 in
691 442 920 514 pristina
969 443 1201 500 sanitate
1247 460 1276 498 a
1343 453 1396 498 te
1447 443 1728 497 restitutus
1757 441 2042 508 A‘rantem
2089 443 2548 500 consolationibus
2594 445 2706 501 suis
2756 446 3000 515 adtollat,
3047 449 3240 518 quibus
3267 457 3410 510 etde

150 538 451 610 gratiarum
494 534 588 590 tibi
637 534 691 589 in
731 535 959 590 ecclesia
1013 545 1100 588 tua
1146 550 1309 589 sanus
1341 533 1539 588 referat
1565 534 1732 588 actio-

151 644 269 682 nes.
333 625 428 681 Ps.
480 626 562 680 Ad
612 627 768 680 Dnm.
813 641 930 679 cum
973 625 1175 682 Gloria.
1205 624 1354 678 Orat.
1386 624 1588 679 Adesto
1619 625 1732 679 Due

148 718 636 789 supplicationibus
683 716 884 771 nostris
918 756 933 782 ,
998 732 1099 772 nec
1172 716 1244 770 sit
1297 715 1365 770 ab
1411 717 1532 770 hoc.
1586 715 1728 769 Alia.

150 809 268 864 Due
310 809 403 863 Ihu
440 807 596 878 Xpe,
644 807 736 875 qui
786 820 846 861 es
899 806 1128 861 salvatio
1155 815 1210 860 et
1238 805 1500 860 redemtio
1521 815 1731 870 nostra,

52 946 58 949 μ
147 911 206 958 et
235 902 327 972 qui
376 915 436 955 es
489 915 616 956 vera
639 899 784 955 salus
836 908 890 954 et
921 899 1192 954 medicina
1230 939 1246 964 ,
1277 907 1331 952 et
1359 913 1390 952 a
1429 913 1536 968 quo
1557 899 1732 953 omnis

148 992 360 1046 sanitas
409 999 466 1046 et
512 990 967 1046 medicamentum
1011 991 1198 1045 venit:
1252 989 1344 1059 qui
1391 988 1619 1057 apostoli
1656 989 1730 1042 tui

147 1097 284 1138 voce
333 1099 432 1138 nos
488 1082 714 1136 instruis
744 1121 760 1146 ,
815 1090 872 1136 ut
917 1081 1203 1151 languidos
1247 1080 1350 1135 olei
1387 1080 1594 1150 liquore
1618 1089 1733 1134 tan-

147 1184 340 1244 gentes
414 1183 518 1228 tute
574 1174 909 1243 postulemus
976 1173 1406 1229 misericordiam
1474 1172 1726 1244 pietatis;

148 1263 363 1332 respice
407 1263 671 1332 prepitius
717 1277 879 1332 super
932 1262 1077 1317 hunc
1146 1261 1412 1317 famulum
1467 1270 1614 1316 tuum
1663 1260 1732 1315 ab

146 1353 241 1408 illa
293 1353 528 1410 mirabili
581 1354 836 1408 sumitate
891 1355 1200 1420 cmlorum,
1231 1364 1289 1409 ut
1313 1369 1474 1424 quem
1501 1353 1730 1424 languor

147 1453 344 1502 curvat
400 1445 468 1500 ad
525 1445 729 1500 exitum
757 1485 773 1510 ,
830 1455 886 1500 et
913 1446 1109 1500 virium
1136 1445 1435 1501 contractio
1458 1446 1570 1516 jam
1603 1460 1728 1515 per-

149 1537 318 1590 trabit
380 1536 446 1590 ad
492 1549 793 1600 occasum,
842 1536 1050 1590 medela
1101 1546 1204 1590 tua:
1246 1535 1434 1605 gratiae
1457 1535 1614 1590 saluti
1649 1551 1732 1591 re-

146 1628 340 1681 stituat
388 1626 734 1696 castigatum.
788 1625 1057 1696 Estingue
1101 1625 1154 1680 in
1201 1625 1389 1680 eodem
1447 1624 1728 1679 libidinum

145 1729 200 1773 et
255 1716 484 1772 febrium
531 1726 679 1772 actus
703 1758 718 1780 ,
777 1717 1022 1772 dolorum
1053 1716 1300 1771 stimulos
1331 1757 1346 1780 ,
1386 1730 1449 1770 ac
1474 1717 1729 1770 vitiorum

142 1809 393 1879 opprime
436 1809 712 1863 cruciatus
744 1847 760 1873 ,
816 1806 1196 1878 aegritudinum
1231 1846 1247 1870 ,
1284 1813 1339 1859 et
1373 1805 1723 1876 cupiditatum
1755 1809 1802 1870 B

143 1910 416 1955 tormenta
465 1899 742 1964 dissolve,
816 1899 1082 1968 superbia:
1133 1896 1466 1952 inflationem
1502 1937 1517 1961 ,
1571 1896 1727 1950 timo-

109 2008 371 2063 .remquc
415 2005 700 2062 compesce
725 2032 740 2057 ,
796 1991 977 2045 ulcera
1019 1997 1073 2044 et
1119 1989 1435 2060 putredines
1471 1987 1727 2042 vitiorum

139 2100 348 2140 evacua
379 2123 394 2148 ,
446 2084 718 2139 viscerum
772 2082 987 2137 interna
1017 2122 1032 2147 ,
1100 2081 1454 2150 cordiumque
1505 2093 1569 2134 ac
1618 2093 1728 2133 me-

137 2178 413 2232 dullarum
459 2184 513 2230 et
562 2174 952 2246 cogitationum
1007 2189 1138 2229 sana
1196 2172 1508 2228 discrimina
1538 2211 1554 2237 ,
1592 2184 1725 2224 con-

136 2268 491 2324 scientiarum
553 2274 715 2334 atque
766 2265 1041 2335 plagarum
1106 2263 1360 2318 obducite
1409 2261 1722 2325 cicatrices,

135 2361 389 2432 physicis
414 2400 429 2424 ,
497 2359 797 2429 typicisque
827 2359 1017 2412 adesto
1045 2356 1301 2427 periculis
1333 2396 1347 2421 ,
1381 2364 1589 2410 veteres
1619 2354 1720 2408 im-

133 2465 467 2519 mensasque
531 2463 748 2503 remove
800 2448 1122 2518 passiones,
1173 2460 1336 2514 opera
1383 2445 1566 2499 carnis
1601 2460 1724 2498 san-

131 2530 430 2611 guinisque
487 2540 776 2594 materiam
821 2551 1127 2605 compone,
1179 2551 1241 2590 ac
1298 2535 1615 2589 delictorum
1649 2532 1724 2588 illi

135 2636 356 2688 veniam
419 2632 744 2704 propitiatus
797 2630 1064 2694 attribue,
1105 2628 1289 2698 sicque
1327 2627 1474 2681 illum
1522 2625 1726 2698 jugitcr

130 2724 414 2779 custodiat
475 2724 648 2795 pietas
721 2731 809 2776 tua
845 2762 859 2785 ,
925 2728 986 2774 ut
1039 2734 1138 2774 nec
1192 2718 1258 2772 ad
1317 2719 1720 2789 corruptionem

129 2815 434 2886 aliquando
486 2814 713 2878 sanitas,
765 2827 866 2867 nec
922 2811 987 2864 ad
1041 2810 1402 2879 perditionem
1470 2818 1521 2864 te
1570 2809 1725 2864 auxi-

132 2909 306 2963 liante
356 2922 498 2962 nunc
547 2906 806 2976 perducat
861 2905 1152 2959 infirmitas
1185 2921 1197 2957 :
1230 2903 1428 2973 ﬁatque
1479 2903 1554 2958 illi
1606 2905 1724 2958 haec

128 3001 242 3054 olei
303 3013 456 3054 saera
503 2996 792 3067 perunctio
848 3004 1036 3050 contra
1087 2993 1261 3047 morbi
1322 2993 1608 3064 prmsentis
1629 3008 1724 3047 ex-

131 3091 351 3162 pulsio,
401 3099 455 3145 et
506 3098 856 3159 peccatorum
902 3087 1145 3142 omnium
1202 3095 1386 3157 optata
1445 3086 1718 3152 remissio,
1777 3123 1790 3135 .

131 3195 191 3236 te
248 3183 622 3251 concedente,
700 3181 950 3236 Salvator
1014 3179 1243 3247 mundi,
1315 3177 1408 3250 qui
1479 3178 1615 3233 vivis
1669 3163 1793 3231 etC

130 3288 358 3345 regnas.

855 3401 997 3444 All“.

207 3503 537 3573 Propitietur
575 3501 723 3556 Dnus
763 3501 976 3556 cunctis
1012 3497 1390 3568 iniquitatibus
1434 3493 1595 3562 hujus
1651 3492 1726 3548 in-

129 3595 282 3650 firmi
319 3634 334 3658 ,
393 3603 448 3648 et
485 3601 638 3646 sanet.
691 3606 880 3646 omnes
938 3589 1229 3660 languores
1259 3586 1422 3651 illius,
1464 3585 1725 3640 redimat-

129 3701 246 3756 que
293 3685 360 3739 de
413 3683 634 3738 interitu
687 3691 965 3751 perpetua:
1022 3678 1216 3734 mortis
1269 3676 1441 3730 vitam
1470 3690 1589 3745 ejus
1622 3714 1638 3739 ,
1668 3683 1727 3728 et

133 3779 462 3834 corroboret
523 3791 589 3831 ac
644 3775 810 3830 faciet
879 3773 932 3828 in
993 3772 1152 3828 bonis
1207 3769 1459 3830 omnibus
1513 3767 1725 3822 deside-

132 3871 282 3932 rium
330 3870 502 3940 ipsius
532 3908 548 3930 ,
603 3867 696 3937 qui
760 3865 909 3921 solus
960 3865 1013 3920 in
1079 3862 1346 3918 Trinitate
1395 3874 1537 3914 unus
1579 3857 1723 3913 Deus

132 3961 277 4019 vivit
331 3969 386 4016 et
433 3968 624 4030 regnat
662 3973 757 4029 per
783 3955 1110 4012 immortalia
1148 3953 1344 4009 sazcula
1375 3950 1720 4006 saeculorum.

133 4053 336 4108 Amen.
369 4051 468 4105 His
511 4052 585 4104 ita
611 4048 858 4120 peractis,
889 4057 1082 4116 septem
1112 4044 1387 4098 continuos
1425 4042 1537 4095 dies
1569 4033 1722 4111 (M7)

133 4150 183 4204 si
227 4146 508 4200 necessitas
549 4141 844 4212 contigerit.
880 4151 986 4195 tam
1024 4138 1090 4192 de
1133 4136 1518 4198 communione,
1563 4148 1721 4203 quam

134 4240 202 4293 de
250 4237 360 4290 alio
386 4236 550 4306 o/jicio
580 4233 779 4303 faciant
818 4230 898 4284 illi
925 4269 941 4294 ,
973 4238 1028 4284 et
1053 4227 1335 4284 suscitabit
1365 4240 1490 4280 eum
1539 4223 1723 4279 Domi-

135 4343 243 4384 nus
303 4327 372 4381 ad
417 4325 643 4380 salutem
673 4363 690 4390 ,
745 4330 800 4378 et
833 4321 878 4377 si
924 4321 976 4375 in
1012 4318 1252 4388 peccatis
1293 4315 1492 4380 fuerit,
1531 4315 1720 4369 dimit-

139 4429 332 4474 tuntur
387 4418 480 4482 ei,
552 4425 608 4468 ut
677 4413 946 4484 apostolus
995 4411 1144 4464 dicit.
1197 4408 1392 4462 Debent
1445 4408 1605 4462 etiam
1655 4423 1721 4460 ea:

1835 533 2087 602 praesenti
2140 545 2509 606 consequatur
2560 539 2819 593 auxilium
2854 551 2910 595 et
2933 549 3137 595 mterna
3169 547 3407 601 remedia

1834 627 2274 696 comprehendat.
2313 629 2434 701 Per.

1904 739 2070 794 Missa
2110 745 2321 812 quando
2363 746 2541 799 anima
2586 763 2638 801 tn
2684 765 2849 818 agone
2893 749 3062 803 exitus
3110 752 3336 806 laborat.

1903 831 2027 884 Ant.
2079 831 2565 890 Circumdederunt
2617 852 2702 892 me
2759 839 2991 909 gemitus
3044 843 3254 896 mortis.
3311 840 3404 898 Ps.

1832 919 2060 990 Diligam
2117 931 2168 978 te
2220 923 2354 979 Due.
2439 925 2789 997 Omnipotens
2846 931 3172 1000 sempiterne
3229 933 3406 1000 Deus,

1831 1018 2183 1065 conservator
2229 1013 2532 1068 animarum
2567 1056 2582 1080 ,
2641 1017 2730 1084 qui
2781 1033 2917 1086 quos
2949 1019 3126 1090 diligis
3151 1023 3405 1093 corripis,

1830 1109 1884 1155 et
1918 1117 2054 1171 quos
2109 1104 2308 1174 recipis
2365 1107 2450 1176 pia
2500 1109 2877 1165 emendatione
2919 1126 3139 1168 coerces
3175 1154 3190 1178 ,
3233 1123 3285 1168 te
3329 1115 3410 1169 in-

1832 1206 2092 1246 vocamus
2135 1193 2290 1260 Due,
2339 1204 2398 1249 ut
2449 1197 2706 1252 medelam
2767 1207 2912 1253 tuam
2942 1201 3190 1258 conferre
3223 1204 3411 1274 digne-

1831 1283 1909 1338 ris
1959 1283 2164 1340 famulo
2222 1298 2314 1341 tuo
2351 1327 2366 1352 ,
2435 1289 2525 1358 qui
2557 1290 2606 1343 in
2642 1307 2870 1360 corpore
2900 1295 3105 1362 patitur
3131 1298 3409 1351 membro-

1830 1387 1950 1426 rum
1991 1374 2325 1430 debilitatem
2359 1417 2374 1442 ,
2435 1379 2541 1432 vim
2594 1379 2795 1435 laboris
2827 1423 2843 1446 ,
2891 1383 3144 1438 stimulos
3181 1385 3409 1440 infirmi-

1833 1475 2004 1521 tatum
2032 1485 2046 1534 ;
2115 1471 2180 1525 da
2205 1472 2252 1526 ei
2284 1474 2510 1528 Domine
2538 1476 2768 1545 gratiam
2807 1484 2954 1530 tuam
2987 1477 3039 1531 in
3070 1479 3199 1533 liora
3231 1481 3409 1534 exitus

1780 1604 1789 1613 .
1830 1560 1974 1616 illius
2027 1563 2094 1617 de
2145 1579 2373 1634 corpore
2401 1607 2416 1632 ,
2479 1576 2538 1620 ut
2577 1567 2779 1637 absque
2817 1570 3024 1638 peccati
3072 1570 3280 1624 macula
3313 1571 3410 1624 tibi

1829 1653 2004 1709 datori
2060 1657 2276 1726 proprio
2323 1672 2422 1727 per
2479 1674 2672 1714 manus
2727 1671 3048 1715 sanctorum
3090 1679 3406 1734 angelorum

1831 1747 2210 1814 repraasentari
2243 1757 2518 1804 mereatur
2544 1750 2661 1817 ejus
2687 1751 2891 1806 anima.
2920 1751 3045 1808 Per.

2543 1839 2684 1894 Alia.

1898 1924 2261 1982 All'lictionem
2322 1927 2507 1984 famuli
2561 1931 2637 1984 tui
2691 1947 3001 2001 quassamus
3040 1933 3154 1989 Dne
3191 1935 3410 1994 intende

1831 2013 2072 2084 placatus
2106 2056 2120 2080 ,
2205 2024 2264 2070 ut
2311 2017 2516 2072 indulta
2577 2021 2732 2075 venia
2793 2032 3138 2090 peccatorum
3187 2025 3254 2079 de
3304 2027 3410 2081 tuis

1827 2119 2041 2173 semper
2056 2105 2336 2161 beneficiis
2359 2107 2636 2178 glorietur.
2657 2109 2780 2164 Per.
2801 2110 2942 2165 Alia.
2959 2111 3159 2168 Praesta
3187 2114 3410 2171 Domine

1827 2193 2029 2249 famulo
2079 2205 2170 2251 tuo
2233 2212 2546 2266 quaesumus
2589 2201 2975 2258 consolationis
3023 2205 3279 2260 auxilium
3309 2248 3323 2272 ,
3355 2216 3406 2261 et

1827 2285 2093 2340 diuturnis
2121 2287 2524 2345 calamitatibus
2559 2289 2893 2346 laborantem
2929 2294 3203 2364 propitius
3233 2299 3406 2366 respi-

1827 2389 1949 2428 rare
1978 2375 2230 2430 concede.
2273 2376 2396 2432 Per.

2222 2486 2364 2543 Lect.
2405 2489 2687 2544 Hieremiae
2714 2489 3012 2560 PrOpItette.

1895 2573 1953 2629 In
2009 2575 2200 2632 diebus
2254 2578 2360 2633 illis
2413 2580 2548 2634 dixit
2599 2581 2920 2636 Hieremias.
2985 2583 3235 2651 Domne,
3287 2601 3407 2641 om-

1828 2678 1926 2721 nes
1958 2705 1975 2729 ,
2049 2666 2139 2735 qui
2186 2676 2236 2722 te
2291 2666 2680 2740 derelinquunt
2745 2670 3168 2728 confundentur.
3239 2675 3405 2732 Reee-

1827 2757 2018 2812 dentes
2071 2774 2101 2813 a
2153 2770 2206 2814 te
2251 2759 2305 2814 in
2363 2769 2506 2815 terra
2553 2763 2862 2839 scribentur
2891 2803 2908 2828 ,
2960 2765 3216 2834 quoniam
3257 2768 3410 2822 dere-

1826 2849 2102 2924 liquerunt
2159 2866 2355 2906 venam
2420 2868 2682 2922 aquarum
2737 2855 3034 2910 viventium
3097 2857 3406 2914 Dominum.

1827 2943 1971 2995 Sana
2019 2956 2104 2995 me
2156 2942 2382 3000 Domine
2424 2953 2480 3000 et
2529 2946 2762 3000 sauabor
2792 2986 2808 3012 ,
2859 2947 3068 3003 salvum
3116 2965 3203 3005 me
3239 2950 3324 3005 fac
3354 2960 3411 3006 et

1826 3033 2008 3088 salvus
2053 3049 2193 3100 ero,
2249 3037 2502 3105 quoniam
2556 3036 2674 3092 laus
2723 3053 2842 3092 mea
2901 3047 2956 3093 tu
3023 3056 3102 3094 es.
3131 3041 3272 3097 Ecce
3306 3043 3407 3113 ipsi

1829 3124 2013 3179 dicunt
2065 3125 2132 3180 ad
2184 3142 2271 3182 me
2304 3167 2320 3191 ,
2371 3128 2460 3181 ubi
2505 3136 2590 3183 est
2658 3130 2881 3184 verbum
2913 3132 3124 3186 Domini
3155 3135 3403 3191 ?veniat.

1829 3215 1898 3268 Et
1942 3229 2042 3285 ego
2075 3231 2178 3270 non
2217 3231 2335 3270 sum
2369 3217 2617 3272 turbatus
2642 3226 2693 3272 te
2731 3229 3001 3288 pastorem
3035 3235 3266 3291 sequens
3299 3264 3314 3289 ,
3355 3235 3412 3279 et

1829 3303 1971 3358 diem
2034 3304 2269 3360 hominis
2332 3321 2437 3360 non
2517 3306 2839 3361 desideravi.
2929 3308 3006 3363 Tu
3082 3325 3190 3366 scis
3267 3313 3408 3381 quod

1827 3410 2102 3466 egressum
2151 3405 2236 3450 est
2261 3396 2328 3451 de
2369 3397 2528 3452 labiis
2564 3400 2722 3462 meis,
2784 3409 2989 3454 rectum
3029 3400 3406 3472 in‘conspcclu

1829 3497 1923 3543 tuo
1962 3486 2084 3542 fuit.
2152 3487 2271 3542 Non
2324 3490 2400 3543 sis
2452 3490 2592 3565 mihi
2642 3500 2697 3544 tu
2755 3489 3063 3546 formidinis
3115 3507 3240 3562 spes
3287 3509 3408 3548 mea

1829 3586 1884 3632 tu
1941 3577 1995 3632 in
2041 3578 2127 3634 die
2175 3577 2502 3634 aﬂlictionis.
2554 3578 2968 3634 Confundantur
3015 3582 3108 3650 qui
3160 3598 3246 3636 me
3286 3599 3411 3652 per-

1826 3675 2086 3721 secuntur
2133 3677 2185 3722 et
2243 3683 2349 3721 non
2411 3667 2716 3722 confundar
2765 3684 2903 3738 ego;
2951 3679 3182 3738 paveant
3212 3670 3284 3724 illi
3312 3682 3409 3733 ,et

1827 3773 1934 3813 non
1985 3772 2207 3828 paveam
2259 3773 2378 3829 ego.
2444 3757 2609 3812 Indue
2661 3773 2827 3828 super
2854 3773 2950 3814 eos
2990 3759 3132 3814 diem
3162 3758 3411 3817 alllictio-

1827 3851 1956 3917 nis,
2015 3859 2069 3905 et
2119 3851 2318 3921 duplici
2386 3853 2725 3907 contricione
2767 3860 2990 3908 contere
3042 3869 3139 3910 eos
3184 3855 3409 3912 Domine

1826 3945 1969 3999 Deus
1994 3954 2197 4000 noster.

1867 4087 1870 4090 .
1897 4033 2064 4089 Grad.
2092 4035 2322 4090 Adiulor
2357 4050 2509 4091 meus
2536 4042 2589 4090 et
2630 4034 2892 4090 liberator
2923 4051 3076 4091 meus
3101 4046 3217 4092 esto
3239 4079 3255 4103 ,
3299 4038 3403 4094 Do-

1826 4127 2002 4192 mine,
2036 4141 2106 4182 ne
2135 4126 2452 4181 tardaveris.
2495 4128 2529 4195 Ῡ
2555 4166 2567 4181 .
2598 4125 3006 4182 Confundantur
3032 4137 3089 4183 et
3119 4144 3408 4184 revereari-

1828 4231 1916 4278 tur
1947 4223 2154 4278 inimici
2208 4223 2314 4278 mei
2347 4264 2361 4288 ,
2395 4223 2486 4293 qui
2519 4231 2769 4293 qumrunt
2809 4223 3044 4278 animam
3087 4240 3281 4278 meam.
3314 4225 3409 4281 Se-

1823 4318 2052 4371 cundum
2077 4317 2395 4371 Iohannem.
2429 4317 2484 4370 In
2530 4316 2622 4385 illo
2653 4325 2892 4385 tempore
2945 4315 3082 4370 dixit
3131 4316 3217 4371 “IS
3247 4318 3426 4372 disei-'

1824 4408 1966 4476 pulis
1988 4409 2119 4462 suis.
2149 4407 2320 4462 Amen
2355 4422 2512 4462 amen
2543 4407 2663 4462 dico
2718 4407 2870 4461 vobis
2901 4446 2915 4470 ,
2952 4407 3077 4475 quia
3105 4407 3407 4475 plorabitis.

135 4509 397 4563 ministris
457 4515 654 4560 sancite
723 4502 973 4558 Ecclesia?
1045 4517 1164 4554 cum
1214 4515 1422 4553 summa
1493 4512 1728 4552 νευετεη·
1753 4501 1805 4561 D
1831 4511 1886 4556 et
1911 4500 2108 4556 ﬂebitis
2137 4517 2254 4556 vos.
2285 4501 2515 4555 Mundus
2547 4509 2728 4555 autem
2759 4499 3014 4570 gaudebit
3044 4539 3058 4564 ,
3100 4515 3196 4555 vos
3227 4509 3408 4554 autem

137 4605 214 4655 tia
284 4597 509 4666 inﬁrmis
588 4597 868 4650 decantare
935 4608 1029 4663 per
1101 4591 1340 4660 singulos
1418 4589 1529 4643 dies
1605 4603 1718 4642 ues-

137 4690 426 4773 pertinales
480 4699 528 4744 et
595 4686 934 4743 matutinales
1002 4683 1189 4738 laudes
1257 4700 1377 4738 cum
1417 4681 1620 4752 antiplt.
1672 4689 1722 4735 et

137 4771 442 4854 responsor.
488 4782 591 4835 sive
631 4778 939 4834 lectionibus
1005 4786 1055 4832 et
1119 4774 1444 4830 orationibus
1507 4772 1577 4826 ad
1624 4771 1721 4825 hoc

135 4876 536 4946 pertinentibus.
568 4873 771 4928 Oratio.
805 4871 1162 4940 Omnipotens
1194 4867 1528 4937 sempiterne
1556 4864 1719 4928 Deus,

135 4969 233 5038 qui
261 4965 520 5034 subvenis
547 4965 599 5018 in
644 4962 902 5032 periculis
941 4970 998 5016 et
1023 4961 1076 5015 in
1111 4959 1437 5014 necessitate
1477 4955 1721 5011 laboran-

138 5061 291 5114 tibus
341 5057 679 5126 majestatem
731 5063 881 5108 tuam
932 5052 1249 5122 suppliciter
1300 5065 1608 5114 exoramus,
1665 5058 1726 5104 ut.

134 5151 361 5205 mittere
406 5147 647 5218 digneris
689 5154 936 5202 sanctum
977 5143 1226 5214 angelum
1279 5150 1429 5196 tuum
1464 5180 1480 5206 ,
1523 5140 1614 5210 qui
1645 5138 1721 5194 fa-

134 5243 351 5300 mulum
404 5249 556 5294 tuum
605 5238 660 5293 in
702 5235 967 5308 angustiis
1018 5243 1074 5290 et
1117 5231 1536 5288 necessitatibus
1580 5229 1726 5285 labo-

217 5394 367 5467 (147)
402 5394 559 5449 τῐῐιιηο
583 5392 1115 5467 ritumcontinuandi
1139 5407 1234 5461 per
1255 5403 1460 5467 septem
1483 5395 1722 5465 integros

137 5465 264 5524 dies
286 5465 586 5520 extremam
615 5465 929 5534 unctionem
951 5472 1251 5532 sequuntur
1283 5466 1525 5534 plerique
1557 5467 1723 5519 ritua-

135 5541 228 5595 les
265 5545 391 5591 ante
411 5544 464 5587 et
492 5543 612 5603 post
635 5550 831 5588 annum
871 5533 1071 5603 Christi
1100 5533 1450 5603 millesimum,
1472 5551 1534 5588 ac
1555 5536 1718 5588 etiam

137 5620 382 5677 sequens
409 5601 659 5677 saecultun
680 5618 939 5677 _xn,.quo
980 5601 1291 5677 Gaufridus
1326 5602 1716 5677 Vindocinensis

138 5671 244 5734 ιίιιζ
276 5693 339 5740 ll,
368 5676 524 5749 epist.
554 5674 765 5749 l9._l_vo
791 5671 1129 5749 _Ca_r_notcnsis
1153 5671 1299 5749 apud
1324 5675 1568 5749 eumdem
1604 5675 1718 5749 epi-

140 5749 289 5809 stola
319 5742 568 5817 sequenti
597 5785 610 5810 ,
637 5742 981 5802 Theobaldus
1011 5743 1325 5800 Senonensis
1359 5743 1420 5801 S.
1447 5742 1712 5800 Columba

1830 4591 2309 4647 contristabimini.
2369 4589 2475 4644 Sed
2533 4588 2755 4644 tristitia
2823 4595 3001 4640 vestra
3063 4596 3308 4640 vertetur
3355 4589 3406 4640 in

1829 4685 2110 4755 gaudium.
2158 4684 2350 4738 Mulier
2386 4699 2507 4738 cum
2556 4683 2699 4753 parit
2734 4681 3006 4736 tristitiam
3039 4681 3204 4736 habet
3236 4722 3250 4748 ,
3281 4685 3406 4752 quia

1829 4777 1980 4833 venit
2007 4778 2140 4831 hora
2171 4777 2307 4846 ejus.
2339 4775 2471 4829 Cum
2500 4784 2678 4829 autem
2718 4773 2990 4844 pepererit
3019 4788 3264 4844 puerum,
3290 4775 3402 4844 jam

1830 4884 1936 4925 non
1969 4869 2216 4923 meminit
2271 4881 2541 4938 pressura:
2577 4874 2797 4936 propter
2821 4865 3074 4935 gaudium
3102 4904 3117 4928 ,
3149 4865 3275 4934 quia
3305 4881 3405 4919 na-

1831 4970 1918 5016 tus
1938 4970 2023 5015 est
2054 4961 2216 5015 homo
2247 4961 2301 5014 in
2349 4959 2627 5014 mundum.
2668 4959 2734 5012 Et
2767 4973 2864 5012 vos
2914 4957 3076 5028 igitur
3117 4973 3260 5012 nunc
3287 4959 3406 5025 qni-

1824 5055 1947 5109 dem
2001 5051 2277 5107 tristitiam
2317 5051 2553 5106 habetis.
2585 5050 2782 5103 lterum
2837 5057 3016 5102 autem
3046 5048 3236 5101 videbo
3265 5061 3363 5100 vos
3383 5085 3399 5110 ,

1822 5151 1878 5199 et
1901 5143 2156 5213 gaudebit
2184 5157 2280 5197 cor
2303 5151 2562 5198 vestrum.
2595 5141 2663 5194 Et
2690 5139 2944 5211 gaudium
2975 5147 3212 5191 vestrum
3244 5152 3404 5191 nemo

1825 5233 1976 5289 tollet
2003 5248 2034 5288 a
2067 5234 2237 5290 vobis.

1830 5390 2000 5447 abbas
2029 5389 2227 5459 aliique
2277 5387 2616 5459 infirmorum
2661 5382 2968 5459 unctionem
3007 5393 3113 5434 non
3141 5376 3314 5432 solum
3351 5377 3402 5458 in

1827 5463 2016 5532 eadem
2045 5449 2362 5532 aegritudine
2389 5499 2403 5522 ,
2436 5459 2528 5513 sed
2562 5457 2614 5508 in
2647 5453 2856 5532 diversa
2889 5453 3053 5504 etiam
3087 5465 3190 5532 mni
3231 5449 3402 5532 magis

1829 5517 2128 5584 iterandam
2160 5517 2455 5584 censebant
2477 5539 2636 5595 quam
2665 5524 3016 5600 baptismum,
3035 5517 3406 5600 confirmatio-

1828 5616 1951 5654 nem
1979 5611 2032 5654 et
2052 5601 2288 5654 ordines.
2319 5588 2558 5665 Quorum
2591 5588 2913 5665 sententiam
2930 5589 3188 5647 relutavit
3209 5588 3403 5642 Petrus

1827 5669 2211 5739 Cluniacensis,
2231 5663 2560 5754 Lonibartlus
2591 5673 2644 5720 et
2667 5663 2778 5719 alii.
