  <div class='ocr_page' id='page_1' title='image "/cluster/home/n/w/nwhite01/storage/ocr_20150623/138/hvd.32044015471774/505.png"; bbox 0 0 3902 5334; ppageno 0'>
   <div class='ocr_carea' id='block_1_1' title="bbox 512 320 615 379">
    <p class='ocr_par' dir='ltr' id='par_1_1' title="bbox 512 320 615 379">
     <span class='ocr_line' id='line_1_1' title="bbox 512 320 615 379; baseline -0.029 0"><span class='ocrx_word' id='word_1_1' title='bbox 512 320 615 379; x_wconf 69' lang='lat'><strong>909</strong></span> 
     </span>
    </p>
   </div>
   <div class='ocr_carea' id='block_1_2' title="bbox 1328 288 2950 363">
    <p class='ocr_par' dir='ltr' id='par_1_2' title="bbox 1328 288 2950 363">
     <span class='ocr_line' id='line_1_2' title="bbox 1328 288 2950 363; baseline -0.012 0"><span class='ocrx_word' id='word_1_2' title='bbox 1328 305 1617 363; x_wconf 75' lang='lat' dir='ltr'><strong>APPEND.</strong></span> <span class='ocrx_word' id='word_1_3' title='bbox 1659 305 1753 359; x_wconf 75' lang='lat' dir='ltr'><strong>AD</strong></span> <span class='ocrx_word' id='word_1_4' title='bbox 1791 301 1968 359; x_wconf 65' lang='lat' dir='ltr'><strong>SIEC.</strong></span> <span class='ocrx_word' id='word_1_5' title='bbox 2012 301 2078 356; x_wconf 78' lang='grc' dir='ltr'><strong>Χ.</strong></span> <span class='ocrx_word' id='word_1_6' title='bbox 2118 294 2640 356; x_wconf 69' lang='grc' dir='ltr'><strong>-ΜΟΝΠΜΕΝΤᾹ</strong></span> <span class='ocrx_word' id='word_1_7' title='bbox 2671 288 2950 348; x_wconf 79' lang='lat' dir='ltr'><strong>LITURG.</strong></span> 
     </span>
    </p>
   </div>
   <div class='ocr_carea' id='block_1_3' title="bbox 3627 278 3747 340">
    <p class='ocr_par' dir='ltr' id='par_1_3' title="bbox 3627 278 3747 340">
     <span class='ocr_line' id='line_1_3' title="bbox 3627 278 3747 340; baseline 0.025 -3"><span class='ocrx_word' id='word_1_8' title='bbox 3627 278 3747 340; x_wconf 68' lang='lat'><strong>5903</strong></span> 
     </span>
    </p>
   </div>
   <div class='ocr_carea' id='block_1_4' title="bbox 580 401 3756 503">
    <p class='ocr_par' dir='ltr' id='par_1_4' title="bbox 580 401 3756 503">
     <span class='ocr_line' id='line_1_4' title="bbox 580 401 3756 503; baseline -0.008 -17"><span class='ocrx_word' id='word_1_9' title='bbox 580 432 771 503; x_wconf 74' lang='lat' dir='ltr'><strong>Oﬂ&#39;crl.</strong></span> <span class='ocrx_word' id='word_1_10' title='bbox 823 427 1157 485; x_wconf 83' lang='lat' dir='ltr'><strong>Benedictus</strong></span> <span class='ocrx_word' id='word_1_11' title='bbox 1203 438 1265 480; x_wconf 86' lang='lat' dir='ltr'><strong>es</strong></span> <span class='ocrx_word' id='word_1_12' title='bbox 1293 422 1517 479; x_wconf 81' lang='lat' dir='ltr'><strong>Domine</strong></span> <span class='ocrx_word' id='word_1_13' title='bbox 1546 421 1678 476; x_wconf 88' lang='lat' dir='ltr'><strong>doce</strong></span> <span class='ocrx_word' id='word_1_14' title='bbox 1706 432 1793 474; x_wconf 88' lang='lat' dir='ltr'><strong>me</strong></span> <span class='ocrx_word' id='word_1_15' title='bbox 1819 416 2087 487; x_wconf 84' lang='lat' dir='ltr'><strong>juslillca-</strong></span> <span class='ocrx_word' id='word_1_16' title='bbox 2112 420 2159 480; x_wconf 80' lang='grc' dir='ltr'><strong>Α</strong></span> <span class='ocrx_word' id='word_1_17' title='bbox 2193 424 2295 471; x_wconf 60' lang='lat' dir='ltr'><strong>tua:</strong></span> <span class='ocrx_word' id='word_1_18' title='bbox 2322 412 2504 486; x_wconf 67' lang='lat' dir='ltr'><strong>glorise</strong></span> <span class='ocrx_word' id='word_1_19' title='bbox 2529 423 2771 503; x_wconf 80' lang='lat' dir='ltr'><strong>regnum.</strong></span> <span class='ocrx_word' id='word_1_20' title='bbox 2796 405 2924 503; x_wconf 51' lang='lat' dir='ltr'><strong>fer.</strong></span> <span class='ocrx_word' id='word_1_21' title='bbox 2948 401 3106 478; x_wconf 76' lang='lat' dir='ltr'><strong>Infra</strong></span> <span class='ocrx_word' id='word_1_22' title='bbox 3134 416 3239 503; x_wconf 69' lang='lat' dir='ltr'><strong>act.</strong></span> <span class='ocrx_word' id='word_1_23' title='bbox 3264 403 3415 503; x_wconf 75' lang='lat' dir='ltr'><strong>lianc</strong></span> <span class='ocrx_word' id='word_1_24' title='bbox 3436 402 3606 503; x_wconf 57' lang='lat' dir='ltr'><strong>igitur</strong></span> <span class='ocrx_word' id='word_1_25' title='bbox 3623 404 3756 460; x_wconf 79' lang='lat' dir='ltr'><strong>obla-</strong></span> 
     </span>
    </p>
   </div>
   <div class='ocr_carea' id='block_1_5' title="bbox 511 508 2078 581">
    <p class='ocr_par' dir='ltr' id='par_1_5' title="bbox 511 508 2078 581">
     <span class='ocr_line' id='line_1_5' title="bbox 511 508 2078 581; baseline -0.013 0"><span class='ocrx_word' id='word_1_26' title='bbox 511 525 685 581; x_wconf 90' lang='lat' dir='ltr'><strong>tiones</strong></span> <span class='ocrx_word' id='word_1_27' title='bbox 714 530 855 576; x_wconf 88' lang='lat' dir='ltr'><strong>tuas.</strong></span> <span class='ocrx_word' id='word_1_28' title='bbox 884 518 1209 574; x_wconf 86' lang='lat' dir='ltr'><strong>Benedictus</strong></span> <span class='ocrx_word' id='word_1_29' title='bbox 1243 530 1304 570; x_wconf 85' lang='lat' dir='ltr'><strong>es</strong></span> <span class='ocrx_word' id='word_1_30' title='bbox 1333 515 1448 570; x_wconf 89' lang='lat' dir='ltr'><strong>Dne</strong></span> <span class='ocrx_word' id='word_1_31' title='bbox 1473 514 1609 567; x_wconf 87' lang='lat' dir='ltr'><strong>doce</strong></span> <span class='ocrx_word' id='word_1_32' title='bbox 1637 524 1724 566; x_wconf 88' lang='lat' dir='ltr'><strong>me</strong></span> <span class='ocrx_word' id='word_1_33' title='bbox 1744 508 2078 578; x_wconf 76' lang='lat' dir='ltr'><strong>iustiﬁcatio-</strong></span> 
     </span>
    </p>
   </div>
   <div class='ocr_carea' id='block_1_6' title="bbox 514 600 2089 676">
    <p class='ocr_par' dir='ltr' id='par_1_6' title="bbox 514 600 2089 676">
     <span class='ocr_line' id='line_1_6' title="bbox 514 600 2089 676; baseline -0.009 -7"><span class='ocrx_word' id='word_1_34' title='bbox 514 630 611 669; x_wconf 89' lang='lat' dir='ltr'><strong>nes</strong></span> <span class='ocrx_word' id='word_1_35' title='bbox 644 623 761 667; x_wconf 91' lang='lat' dir='ltr'><strong>tuas</strong></span> <span class='ocrx_word' id='word_1_36' title='bbox 833 610 887 665; x_wconf 90' lang='lat' dir='ltr'><strong>in</strong></span> <span class='ocrx_word' id='word_1_37' title='bbox 933 608 1089 664; x_wconf 82' lang='lat' dir='ltr'><strong>labiis</strong></span> <span class='ocrx_word' id='word_1_38' title='bbox 1136 607 1271 662; x_wconf 86' lang='lat' dir='ltr'><strong>meis</strong></span> <span class='ocrx_word' id='word_1_39' title='bbox 1299 604 1653 676; x_wconf 85' lang='lat' dir='ltr'><strong>pronunciavi</strong></span> <span class='ocrx_word' id='word_1_40' title='bbox 1689 602 1871 657; x_wconf 89' lang='lat' dir='ltr'><strong>omnia</strong></span> <span class='ocrx_word' id='word_1_41' title='bbox 1885 600 2089 670; x_wconf 84' lang='lat' dir='ltr'><strong>judicia</strong></span> 
     </span>
    </p>
   </div>
   <div class='ocr_carea' id='block_1_7' title="bbox 510 704 869 760">
    <p class='ocr_par' dir='ltr' id='par_1_7' title="bbox 510 704 869 760">
     <span class='ocr_line' id='line_1_7' title="bbox 510 704 869 760; baseline -0.011 0"><span class='ocrx_word' id='word_1_42' title='bbox 510 705 622 760; x_wconf 88' lang='lat' dir='ltr'><strong>oris</strong></span> <span class='ocrx_word' id='word_1_43' title='bbox 647 704 742 758; x_wconf 85' lang='lat' dir='ltr'><strong>lui.</strong></span> <span class='ocrx_word' id='word_1_44' title='bbox 840 713 869 725; x_wconf 86' lang='lat'>&quot;</span> 
     </span>
    </p>
   </div>
   <div class='ocr_carea' id='block_1_8' title="bbox 585 785 2089 861">
    <p class='ocr_par' dir='ltr' id='par_1_8' title="bbox 585 785 2089 861">
     <span class='ocr_line' id='line_1_8' title="bbox 585 785 2089 861; baseline -0.007 -12"><span class='ocrx_word' id='word_1_45' title='bbox 585 792 816 851; x_wconf 84' lang='lat' dir='ltr'><strong>Secreta.</strong></span> <span class='ocrx_word' id='word_1_46' title='bbox 852 790 1052 846; x_wconf 80' lang='lat' dir='ltr'><strong>Adesto</strong></span> <span class='ocrx_word' id='word_1_47' title='bbox 1098 790 1213 844; x_wconf 87' lang='lat' dir='ltr'><strong>Dne</strong></span> <span class='ocrx_word' id='word_1_48' title='bbox 1243 804 1343 861; x_wconf 88' lang='lat' dir='ltr'><strong>pro</strong></span> <span class='ocrx_word' id='word_1_49' title='bbox 1382 797 1471 843; x_wconf 87' lang='lat' dir='ltr'><strong>tua</strong></span> <span class='ocrx_word' id='word_1_50' title='bbox 1511 787 1715 858; x_wconf 90' lang='lat' dir='ltr'><strong>pietate</strong></span> <span class='ocrx_word' id='word_1_51' title='bbox 1741 785 2089 856; x_wconf 85' lang='lat' dir='ltr'><strong>supplicatio-</strong></span> 
     </span>
    </p>
   </div>
   <div class='ocr_carea' id='block_1_9' title="bbox 513 875 2094 950">
    <p class='ocr_par' dir='ltr' id='par_1_9' title="bbox 513 875 2094 950">
     <span class='ocr_line' id='line_1_9' title="bbox 513 875 2094 950; baseline -0.007 -10"><span class='ocrx_word' id='word_1_52' title='bbox 513 885 672 940; x_wconf 83' lang='lat' dir='ltr'><strong>nibus</strong></span> <span class='ocrx_word' id='word_1_53' title='bbox 696 881 918 946; x_wconf 78' lang='lat' dir='ltr'><strong>nostris,</strong></span> <span class='ocrx_word' id='word_1_54' title='bbox 950 890 1005 936; x_wconf 89' lang='lat' dir='ltr'><strong>et</strong></span> <span class='ocrx_word' id='word_1_55' title='bbox 1050 882 1264 950; x_wconf 90' lang='lat' dir='ltr'><strong>suscipe</strong></span> <span class='ocrx_word' id='word_1_56' title='bbox 1303 880 1560 943; x_wconf 82' lang='lat' dir='ltr'><strong>hostiam,</strong></span> <span class='ocrx_word' id='word_1_57' title='bbox 1592 892 1754 947; x_wconf 88' lang='lat' dir='ltr'><strong>quam</strong></span> <span class='ocrx_word' id='word_1_58' title='bbox 1785 876 1880 931; x_wconf 90' lang='lat' dir='ltr'><strong>tibi</strong></span> <span class='ocrx_word' id='word_1_59' title='bbox 1910 875 2094 932; x_wconf 79' lang='lat' dir='ltr'><strong>oll‘eri-</strong></span> 
     </span>
    </p>
   </div>
   <div class='ocr_carea' id='block_1_10' title="bbox 516 968 2092 1045">
    <p class='ocr_par' dir='ltr' id='par_1_10' title="bbox 516 968 2092 1045">
     <span class='ocr_line' id='line_1_10' title="bbox 516 968 2092 1045; baseline -0.004 -16"><span class='ocrx_word' id='word_1_60' title='bbox 516 991 636 1030; x_wconf 87' lang='lat' dir='ltr'><strong>mus</strong></span> <span class='ocrx_word' id='word_1_61' title='bbox 658 990 757 1045; x_wconf 92' lang='lat' dir='ltr'><strong>pro</strong></span> <span class='ocrx_word' id='word_1_62' title='bbox 787 973 988 1029; x_wconf 77' lang='lat' dir='ltr'><strong>famulo</strong></span> <span class='ocrx_word' id='word_1_63' title='bbox 1013 980 1104 1026; x_wconf 90' lang='lat' dir='ltr'><strong>tuo</strong></span> <span class='ocrx_word' id='word_1_64' title='bbox 1136 968 1178 1025; x_wconf 88' lang='lat' dir='ltr'><strong>N</strong></span> <span class='ocrx_word' id='word_1_65' title='bbox 1205 970 1422 1041; x_wconf 85' lang='lat' dir='ltr'><strong>jacente</strong></span> <span class='ocrx_word' id='word_1_66' title='bbox 1468 970 1523 1026; x_wconf 88' lang='lat' dir='ltr'><strong>in</strong></span> <span class='ocrx_word' id='word_1_67' title='bbox 1554 969 1801 1042; x_wconf 79' lang='lat' dir='ltr'><strong>grabatto</strong></span> <span class='ocrx_word' id='word_1_68' title='bbox 1826 975 2092 1038; x_wconf 74' lang='lat' dir='ltr'><strong>prmstans</strong></span> 
     </span>
    </p>
   </div>
   <div class='ocr_carea' id='block_1_11' title="bbox 512 1063 2092 1136">
    <p class='ocr_par' dir='ltr' id='par_1_11' title="bbox 512 1063 2092 1136">
     <span class='ocr_line' id='line_1_11' title="bbox 512 1063 2092 1136; baseline -0.003 -15"><span class='ocrx_word' id='word_1_69' title='bbox 512 1068 740 1121; x_wconf 79' lang='lat' dir='ltr'><strong>salutem</strong></span> <span class='ocrx_word' id='word_1_70' title='bbox 794 1080 902 1119; x_wconf 91' lang='lat' dir='ltr'><strong>non</strong></span> <span class='ocrx_word' id='word_1_71' title='bbox 954 1064 1219 1136; x_wconf 86' lang='lat' dir='ltr'><strong>corporis,</strong></span> <span class='ocrx_word' id='word_1_72' title='bbox 1253 1064 1348 1119; x_wconf 89' lang='lat' dir='ltr'><strong>sed</strong></span> <span class='ocrx_word' id='word_1_73' title='bbox 1378 1063 1573 1118; x_wconf 73' lang='lat' dir='ltr'><strong>animas</strong></span> <span class='ocrx_word' id='word_1_74' title='bbox 1618 1077 1729 1116; x_wconf 72' lang='lat' dir='ltr'><strong>suae</strong></span> <span class='ocrx_word' id='word_1_75' title='bbox 1760 1070 1974 1131; x_wconf 89' lang='lat' dir='ltr'><strong>petente</strong></span> <span class='ocrx_word' id='word_1_76' title='bbox 1999 1076 2092 1129; x_wconf 89' lang='lat' dir='ltr'><strong>prs</strong></span> 
     </span>
    </p>
   </div>
   <div class='ocr_carea' id='block_1_12' title="bbox 511 1153 2093 1226">
    <p class='ocr_par' dir='ltr' id='par_1_12' title="bbox 511 1153 2093 1226">
     <span class='ocr_line' id='line_1_12' title="bbox 511 1153 2093 1226; baseline -0.003 -15"><span class='ocrx_word' id='word_1_77' title='bbox 511 1172 667 1226; x_wconf 82' lang='lat' dir='ltr'><strong>omps</strong></span> <span class='ocrx_word' id='word_1_78' title='bbox 697 1155 808 1210; x_wconf 88' lang='lat' dir='ltr'><strong>Dus</strong></span> <span class='ocrx_word' id='word_1_79' title='bbox 835 1154 1224 1225; x_wconf 80' lang='lat' dir='ltr'><strong>indulgentiam</strong></span> <span class='ocrx_word' id='word_1_80' title='bbox 1246 1154 1294 1209; x_wconf 89' lang='lat' dir='ltr'><strong>ei</strong></span> <span class='ocrx_word' id='word_1_81' title='bbox 1325 1154 1568 1209; x_wconf 91' lang='lat' dir='ltr'><strong>omnium</strong></span> <span class='ocrx_word' id='word_1_82' title='bbox 1596 1153 1944 1223; x_wconf 85' lang='lat' dir='ltr'><strong>iniquitatum</strong></span> <span class='ocrx_word' id='word_1_83' title='bbox 1970 1167 2093 1208; x_wconf 89' lang='lat' dir='ltr'><strong>sna-</strong></span> 
     </span>
    </p>
   </div>
   <div class='ocr_carea' id='block_1_13' title="bbox 513 1243 2095 1315">
    <p class='ocr_par' dir='ltr' id='par_1_13' title="bbox 513 1243 2095 1315">
     <span class='ocr_line' id='line_1_13' title="bbox 513 1243 2095 1315; baseline -0.003 -16"><span class='ocrx_word' id='word_1_84' title='bbox 513 1261 633 1299; x_wconf 81' lang='lat' dir='ltr'><strong>rnm</strong></span> <span class='ocrx_word' id='word_1_85' title='bbox 689 1252 912 1315; x_wconf 87' lang='lat' dir='ltr'><strong>propter</strong></span> <span class='ocrx_word' id='word_1_86' title='bbox 963 1243 1282 1298; x_wconf 86' lang='lat' dir='ltr'><strong>immensam</strong></span> <span class='ocrx_word' id='word_1_87' title='bbox 1341 1243 1774 1298; x_wconf 88' lang='lat' dir='ltr'><strong>misericordiam</strong></span> <span class='ocrx_word' id='word_1_88' title='bbox 1823 1250 2008 1308; x_wconf 90' lang='lat' dir='ltr'><strong>tuam,</strong></span> <span class='ocrx_word' id='word_1_89' title='bbox 2040 1250 2095 1297; x_wconf 90' lang='lat' dir='ltr'><strong>et</strong></span> 
     </span>
    </p>
   </div>
   <div class='ocr_carea' id='block_1_14' title="bbox 510 1332 2094 1404">
    <p class='ocr_par' dir='ltr' id='par_1_14' title="bbox 510 1332 2094 1404">
     <span class='ocr_line' id='line_1_14' title="bbox 510 1332 2094 1404; baseline -0.003 -13"><span class='ocrx_word' id='word_1_90' title='bbox 510 1350 611 1404; x_wconf 85' lang='lat' dir='ltr'><strong>per</strong></span> <span class='ocrx_word' id='word_1_91' title='bbox 641 1333 1085 1390; x_wconf 89' lang='lat' dir='ltr'><strong>intercessionem</strong></span> <span class='ocrx_word' id='word_1_92' title='bbox 1118 1334 1360 1388; x_wconf 91' lang='lat' dir='ltr'><strong>omnium</strong></span> <span class='ocrx_word' id='word_1_93' title='bbox 1407 1332 1733 1389; x_wconf 88' lang='lat' dir='ltr'><strong>Sanctorum</strong></span> <span class='ocrx_word' id='word_1_94' title='bbox 1765 1340 2003 1398; x_wconf 89' lang='lat' dir='ltr'><strong>tuorum,</strong></span> <span class='ocrx_word' id='word_1_95' title='bbox 2034 1340 2094 1386; x_wconf 91' lang='lat' dir='ltr'><strong>ut</strong></span> 
     </span>
    </p>
   </div>
   <div class='ocr_carea' id='block_1_15' title="bbox 510 1420 2095 1494">
    <p class='ocr_par' dir='ltr' id='par_1_15' title="bbox 510 1420 2095 1494">
     <span class='ocr_line' id='line_1_15' title="bbox 510 1420 2095 1494; baseline 0 -18"><span class='ocrx_word' id='word_1_96' title='bbox 510 1437 611 1493; x_wconf 84' lang='lat' dir='ltr'><strong>per</strong></span> <span class='ocrx_word' id='word_1_97' title='bbox 657 1423 763 1478; x_wconf 89' lang='lat' dir='ltr'><strong>hoc</strong></span> <span class='ocrx_word' id='word_1_98' title='bbox 819 1423 961 1493; x_wconf 84' lang='lat' dir='ltr'><strong>quod</strong></span> <span class='ocrx_word' id='word_1_99' title='bbox 1016 1421 1246 1478; x_wconf 74' lang='lat' dir='ltr'><strong>sustinet</strong></span> <span class='ocrx_word' id='word_1_100' title='bbox 1281 1420 1571 1494; x_wconf 80' lang='lat' dir='ltr'><strong>ﬂagellum.</strong></span> <span class='ocrx_word' id='word_1_101' title='bbox 1598 1436 1629 1477; x_wconf 87' lang='lat' dir='ltr'><strong>a</strong></span> <span class='ocrx_word' id='word_1_102' title='bbox 1660 1422 1863 1477; x_wconf 82' lang='lat' dir='ltr'><strong>sanctis</strong></span> <span class='ocrx_word' id='word_1_103' title='bbox 1887 1421 2095 1492; x_wconf 80' lang='lat' dir='ltr'><strong>angelis</strong></span> 
     </span>
    </p>
   </div>
   <div class='ocr_carea' id='block_1_16' title="bbox 513 1510 2093 1583">
    <p class='ocr_par' dir='ltr' id='par_1_16' title="bbox 513 1510 2093 1583">
     <span class='ocr_line' id='line_1_16' title="bbox 513 1510 2093 1583; baseline -0.001 -15"><span class='ocrx_word' id='word_1_104' title='bbox 513 1514 621 1568; x_wconf 88' lang='lat' dir='ltr'><strong>tuis</strong></span> <span class='ocrx_word' id='word_1_105' title='bbox 670 1522 918 1579; x_wconf 85' lang='lat' dir='ltr'><strong>suscepta</strong></span> <span class='ocrx_word' id='word_1_106' title='bbox 960 1510 1078 1578; x_wconf 78' lang='lat' dir='ltr'><strong>eius</strong></span> <span class='ocrx_word' id='word_1_107' title='bbox 1128 1512 1309 1567; x_wconf 88' lang='lat' dir='ltr'><strong>anima</strong></span> <span class='ocrx_word' id='word_1_108' title='bbox 1366 1512 1647 1583; x_wconf 87' lang='lat' dir='ltr'><strong>pervenire</strong></span> <span class='ocrx_word' id='word_1_109' title='bbox 1703 1523 1980 1567; x_wconf 88' lang='lat' dir='ltr'><strong>mereatur</strong></span> <span class='ocrx_word' id='word_1_110' title='bbox 2025 1515 2093 1567; x_wconf 89' lang='lat' dir='ltr'><strong>ad</strong></span> 
     </span>
    </p>
   </div>
   <div class='ocr_carea' id='block_1_17' title="bbox 2197 492 3756 572">
    <p class='ocr_par' dir='ltr' id='par_1_17' title="bbox 2197 492 3756 572">
     <span class='ocr_line' id='line_1_17' title="bbox 2197 492 3756 572; baseline -0.006 -13"><span class='ocrx_word' id='word_1_111' title='bbox 2197 504 2395 559; x_wconf 87' lang='lat' dir='ltr'><strong>tionem</strong></span> <span class='ocrx_word' id='word_1_112' title='bbox 2424 517 2587 572; x_wconf 88' lang='lat' dir='ltr'><strong>quam</strong></span> <span class='ocrx_word' id='word_1_113' title='bbox 2621 500 2717 555; x_wconf 85' lang='lat' dir='ltr'><strong>tibi</strong></span> <span class='ocrx_word' id='word_1_114' title='bbox 2749 499 3030 556; x_wconf 84' lang='lat' dir='ltr'><strong>oll&#39;erimus</strong></span> <span class='ocrx_word' id='word_1_115' title='bbox 3048 511 3150 567; x_wconf 89' lang='lat' dir='ltr'><strong>pro</strong></span> <span class='ocrx_word' id='word_1_116' title='bbox 3168 494 3376 551; x_wconf 79' lang='lat' dir='ltr'><strong>famulo</strong></span> <span class='ocrx_word' id='word_1_117' title='bbox 3402 504 3502 549; x_wconf 89' lang='lat' dir='ltr'><strong>tuo</strong></span> <span class='ocrx_word' id='word_1_118' title='bbox 3530 492 3599 549; x_wconf 78' lang='grc' dir='ltr'><strong>Ν.</strong></span> <span class='ocrx_word' id='word_1_119' title='bbox 3628 508 3756 563; x_wconf 67' lang='lat' dir='ltr'><strong>qua-</strong></span> 
     </span>
    </p>
   </div>
   <div class='ocr_carea' id='block_1_18' title="bbox 2196 585 3757 661">
    <p class='ocr_par' dir='ltr' id='par_1_18' title="bbox 2196 585 3757 661">
     <span class='ocr_line' id='line_1_18' title="bbox 2196 585 3757 661; baseline -0.005 -11"><span class='ocrx_word' id='word_1_120' title='bbox 2196 610 2383 650; x_wconf 88' lang='lat' dir='ltr'><strong>snmus</strong></span> <span class='ocrx_word' id='word_1_121' title='bbox 2408 594 2525 649; x_wconf 90' lang='lat' dir='ltr'><strong>Dne</strong></span> <span class='ocrx_word' id='word_1_122' title='bbox 2557 601 2616 648; x_wconf 90' lang='lat' dir='ltr'><strong>ut</strong></span> <span class='ocrx_word' id='word_1_123' title='bbox 2663 591 2908 661; x_wconf 83' lang='lat' dir='ltr'><strong>placatus</strong></span> <span class='ocrx_word' id='word_1_124' title='bbox 2960 589 3217 660; x_wconf 87' lang='lat' dir='ltr'><strong>accipias,</strong></span> <span class='ocrx_word' id='word_1_125' title='bbox 3246 596 3308 644; x_wconf 83' lang='lat' dir='ltr'><strong>et</strong></span> <span class='ocrx_word' id='word_1_126' title='bbox 3336 586 3433 642; x_wconf 85' lang='lat' dir='ltr'><strong>des</strong></span> <span class='ocrx_word' id='word_1_127' title='bbox 3470 585 3524 641; x_wconf 90' lang='lat' dir='ltr'><strong>ei</strong></span> <span class='ocrx_word' id='word_1_128' title='bbox 3555 585 3757 642; x_wconf 59' lang='lat' dir='ltr'><strong>(sceleste</strong></span> 
     </span>
    </p>
   </div>
   <div class='ocr_carea' id='block_1_19' title="bbox 2200 676 3760 750">
    <p class='ocr_par' dir='ltr' id='par_1_19' title="bbox 2200 676 3760 750">
     <span class='ocr_line' id='line_1_19' title="bbox 2200 676 3760 750; baseline -0.008 -7"><span class='ocrx_word' id='word_1_129' title='bbox 2200 687 2521 745; x_wconf 83' lang='lat' dir='ltr'><strong>desiderium</strong></span> <span class='ocrx_word' id='word_1_130' title='bbox 2577 686 2633 741; x_wconf 79' lang='lat' dir='ltr'><strong>in</strong></span> <span class='ocrx_word' id='word_1_131' title='bbox 2678 683 2830 741; x_wconf 80' lang='lat' dir='ltr'><strong>exitu</strong></span> <span class='ocrx_word' id='word_1_132' title='bbox 2878 683 2947 739; x_wconf 82' lang='lat' dir='ltr'><strong>de</strong></span> <span class='ocrx_word' id='word_1_133' title='bbox 3000 695 3230 750; x_wconf 85' lang='lat' dir='ltr'><strong>corpore</strong></span> <span class='ocrx_word' id='word_1_134' title='bbox 3281 693 3403 744; x_wconf 84' lang='lat' dir='ltr'><strong>suo,</strong></span> <span class='ocrx_word' id='word_1_135' title='bbox 3430 685 3494 735; x_wconf 77' lang='lat' dir='ltr'><strong>et.</strong></span> <span class='ocrx_word' id='word_1_136' title='bbox 3529 676 3760 746; x_wconf 73' lang='lat' dir='ltr'><strong>spiritum</strong></span> 
     </span>
    </p>
   </div>
   <div class='ocr_carea' id='block_1_20' title="bbox 2200 773 2647 847">
    <p class='ocr_par' dir='ltr' id='par_1_20' title="bbox 2200 773 2647 847">
     <span class='ocr_line' id='line_1_20' title="bbox 2200 773 2647 847; baseline -0.004 -17"><span class='ocrx_word' id='word_1_137' title='bbox 2200 774 2487 847; x_wconf 76' lang='lat' dir='ltr'><strong>refrigerii.</strong></span> <span class='ocrx_word' id='word_1_138' title='bbox 2520 773 2647 830; x_wconf 87' lang='lat' dir='ltr'><strong>Per.</strong></span> 
     </span>
    </p>
   </div>
   <div class='ocr_carea' id='block_1_21' title="bbox 2268 879 3762 953">
    <p class='ocr_par' dir='ltr' id='par_1_21' title="bbox 2268 879 3762 953">
     <span class='ocr_line' id='line_1_21' title="bbox 2268 879 3762 953; baseline -0.005 -9"><span class='ocrx_word' id='word_1_139' title='bbox 2268 888 2416 945; x_wconf 85' lang='lat' dir='ltr'><strong>Com.</strong></span> <span class='ocrx_word' id='word_1_140' title='bbox 2454 889 2679 943; x_wconf 82' lang='lat' dir='ltr'><strong>Redime</strong></span> <span class='ocrx_word' id='word_1_141' title='bbox 2727 900 2814 942; x_wconf 90' lang='lat' dir='ltr'><strong>me</strong></span> <span class='ocrx_word' id='word_1_142' title='bbox 2839 886 2984 941; x_wconf 89' lang='lat' dir='ltr'><strong>Deus</strong></span> <span class='ocrx_word' id='word_1_143' title='bbox 3015 884 3203 941; x_wconf 86' lang='lat' dir='ltr'><strong>lsrael.</strong></span> <span class='ocrx_word' id='word_1_144' title='bbox 3257 883 3342 937; x_wconf 73' lang='lat' dir='ltr'><strong>Ad</strong></span> <span class='ocrx_word' id='word_1_145' title='bbox 3388 879 3762 953; x_wconf 65' lang='lat' dir='ltr'><strong>conspicui-Is.</strong></span> 
     </span>
    </p>
   </div>
   <div class='ocr_carea' id='block_1_22' title="bbox 2197 971 3761 1052">
    <p class='ocr_par' dir='ltr' id='par_1_22' title="bbox 2197 971 3761 1052">
     <span class='ocr_line' id='line_1_22' title="bbox 2197 971 3761 1052; baseline -0.008 -14"><span class='ocrx_word' id='word_1_146' title='bbox 2197 981 2412 1038; x_wconf 82' lang='lat' dir='ltr'><strong>Gratias</strong></span> <span class='ocrx_word' id='word_1_147' title='bbox 2441 981 2651 1052; x_wconf 78' lang='lat' dir='ltr'><strong>agimus</strong></span> <span class='ocrx_word' id='word_1_148' title='bbox 2679 980 2792 1033; x_wconf 85' lang='lat' dir='ltr'><strong>Due</strong></span> <span class='ocrx_word' id='word_1_149' title='bbox 2849 976 3236 1048; x_wconf 80' lang='lat' dir='ltr'><strong>multiplicibus</strong></span> <span class='ocrx_word' id='word_1_150' title='bbox 3269 972 3623 1045; x_wconf 73' lang='lat' dir='ltr'><strong>largitatibns</strong></span> <span class='ocrx_word' id='word_1_151' title='bbox 3648 971 3761 1034; x_wconf 82' lang='lat' dir='ltr'><strong>tuis.</strong></span> 
     </span>
    </p>
   </div>
   <div class='ocr_carea' id='block_1_23' title="bbox 2199 1068 3761 1143">
    <p class='ocr_par' dir='ltr' id='par_1_23' title="bbox 2199 1068 3761 1143">
     <span class='ocr_line' id='line_1_23' title="bbox 2199 1068 3761 1143; baseline -0.009 -15"><span class='ocrx_word' id='word_1_152' title='bbox 2199 1088 2265 1128; x_wconf 77' lang='lat' dir='ltr'><strong>es</strong></span> <span class='ocrx_word' id='word_1_153' title='bbox 2288 1071 2485 1143; x_wconf 85' lang='lat' dir='ltr'><strong>quibus</strong></span> <span class='ocrx_word' id='word_1_154' title='bbox 2536 1070 2746 1126; x_wconf 86' lang='lat' dir='ltr'><strong>animas</strong></span> <span class='ocrx_word' id='word_1_155' title='bbox 2776 1068 2829 1123; x_wconf 92' lang='lat' dir='ltr'><strong>in</strong></span> <span class='ocrx_word' id='word_1_156' title='bbox 2878 1078 2932 1123; x_wconf 91' lang='lat' dir='ltr'><strong>te</strong></span> <span class='ocrx_word' id='word_1_157' title='bbox 2959 1073 3293 1137; x_wconf 81' lang='lat' dir='ltr'><strong>speranttum</strong></span> <span class='ocrx_word' id='word_1_158' title='bbox 3324 1075 3529 1117; x_wconf 85' lang='lat' dir='ltr'><strong>sanare</strong></span> <span class='ocrx_word' id='word_1_159' title='bbox 3551 1071 3761 1115; x_wconf 75' lang='lat' dir='ltr'><strong>consue-</strong></span> 
     </span>
    </p>
   </div>
   <div class='ocr_carea' id='block_1_24' title="bbox 2201 1150 3764 1227">
    <p class='ocr_par' dir='ltr' id='par_1_24' title="bbox 2201 1150 3764 1227">
     <span class='ocr_line' id='line_1_24' title="bbox 2201 1150 3764 1227; baseline -0.011 -9"><span class='ocrx_word' id='word_1_160' title='bbox 2201 1162 2345 1218; x_wconf 89' lang='lat' dir='ltr'><strong>visti.</strong></span> <span class='ocrx_word' id='word_1_161' title='bbox 2376 1159 2512 1216; x_wconf 84' lang='lat' dir='ltr'><strong>Nam</strong></span> <span class='ocrx_word' id='word_1_162' title='bbox 2563 1158 2755 1215; x_wconf 77' lang='lat' dir='ltr'><strong>conﬁsi</strong></span> <span class='ocrx_word' id='word_1_163' title='bbox 2786 1159 2853 1213; x_wconf 86' lang='lat' dir='ltr'><strong>de</strong></span> <span class='ocrx_word' id='word_1_164' title='bbox 2879 1168 2970 1213; x_wconf 83' lang='lat' dir='ltr'><strong>tua</strong></span> <span class='ocrx_word' id='word_1_165' title='bbox 2997 1157 3200 1227; x_wconf 77' lang='lat' dir='ltr'><strong>pietate</strong></span> <span class='ocrx_word' id='word_1_166' title='bbox 3236 1166 3557 1224; x_wconf 82' lang='lat' dir='ltr'><strong>precamur,</strong></span> <span class='ocrx_word' id='word_1_167' title='bbox 3596 1159 3656 1203; x_wconf 76' lang='lat' dir='ltr'><strong>ut</strong></span> <span class='ocrx_word' id='word_1_168' title='bbox 3676 1150 3764 1203; x_wconf 78' lang='grc' dir='ltr'><strong>ιιὶο</strong></span> 
     </span>
    </p>
   </div>
   <div class='ocr_carea' id='block_1_25' title="bbox 2197 1242 3763 1323">
    <p class='ocr_par' dir='ltr' id='par_1_25' title="bbox 2197 1242 3763 1323">
     <span class='ocr_line' id='line_1_25' title="bbox 2197 1242 3763 1323; baseline -0.01 -13"><span class='ocrx_word' id='word_1_169' title='bbox 2197 1267 2381 1310; x_wconf 89' lang='lat' dir='ltr'><strong>serere</strong></span> <span class='ocrx_word' id='word_1_170' title='bbox 2414 1251 2652 1323; x_wconf 75' lang='lat' dir='ltr'><strong>digneris</strong></span> <span class='ocrx_word' id='word_1_171' title='bbox 2698 1249 2903 1304; x_wconf 80' lang='lat' dir='ltr'><strong>famulo</strong></span> <span class='ocrx_word' id='word_1_172' title='bbox 2934 1257 3044 1313; x_wconf 88' lang='lat' dir='ltr'><strong>tuo,</strong></span> <span class='ocrx_word' id='word_1_173' title='bbox 3078 1262 3151 1303; x_wconf 89' lang='lat' dir='ltr'><strong>ne</strong></span> <span class='ocrx_word' id='word_1_174' title='bbox 3188 1244 3488 1318; x_wconf 69' lang='lat' dir='ltr'><strong>prtevaleat</strong></span> <span class='ocrx_word' id='word_1_175' title='bbox 3522 1242 3763 1298; x_wconf 67' lang='lat' dir='ltr'><strong>adversus</strong></span> 
     </span>
    </p>
   </div>
   <div class='ocr_carea' id='block_1_26' title="bbox 2195 1333 3759 1403">
    <p class='ocr_par' dir='ltr' id='par_1_26' title="bbox 2195 1333 3759 1403">
     <span class='ocr_line' id='line_1_26' title="bbox 2195 1333 3759 1403; baseline -0.006 -5"><span class='ocrx_word' id='word_1_176' title='bbox 2195 1357 2321 1398; x_wconf 83' lang='lat' dir='ltr'><strong>eum</strong></span> <span class='ocrx_word' id='word_1_177' title='bbox 2366 1340 2712 1397; x_wconf 87' lang='lat' dir='ltr'><strong>adversarius</strong></span> <span class='ocrx_word' id='word_1_178' title='bbox 2742 1340 2796 1395; x_wconf 92' lang='lat' dir='ltr'><strong>in</strong></span> <span class='ocrx_word' id='word_1_179' title='bbox 2830 1340 2962 1394; x_wconf 79' lang='lat' dir='ltr'><strong>liora</strong></span> <span class='ocrx_word' id='word_1_180' title='bbox 3005 1338 3198 1395; x_wconf 87' lang='lat' dir='ltr'><strong>mortis</strong></span> <span class='ocrx_word' id='word_1_181' title='bbox 3239 1335 3384 1392; x_wconf 83' lang='lat' dir='ltr'><strong>illius</strong></span> <span class='ocrx_word' id='word_1_182' title='bbox 3423 1333 3498 1390; x_wconf 84' lang='lat' dir='ltr'><strong>de</strong></span> <span class='ocrx_word' id='word_1_183' title='bbox 3531 1344 3759 1403; x_wconf 72' lang='lat' dir='ltr'><strong>corpolc,</strong></span> 
     </span>
    </p>
   </div>
   <div class='ocr_carea' id='block_1_27' title="bbox 2197 1426 3378 1489">
    <p class='ocr_par' dir='ltr' id='par_1_27' title="bbox 2197 1426 3378 1489">
     <span class='ocr_line' id='line_1_27' title="bbox 2197 1426 3378 1489; baseline -0.008 0"><span class='ocrx_word' id='word_1_184' title='bbox 2197 1433 2290 1489; x_wconf 88' lang='lat' dir='ltr'><strong>sed</strong></span> <span class='ocrx_word' id='word_1_185' title='bbox 2326 1431 2614 1488; x_wconf 88' lang='lat' dir='ltr'><strong>transitum</strong></span> <span class='ocrx_word' id='word_1_186' title='bbox 2650 1438 2928 1486; x_wconf 83' lang='lat' dir='ltr'><strong>mereatur</strong></span> <span class='ocrx_word' id='word_1_187' title='bbox 2950 1430 3017 1485; x_wconf 81' lang='lat' dir='ltr'><strong>ad</strong></span> <span class='ocrx_word' id='word_1_188' title='bbox 3039 1429 3225 1483; x_wconf 85' lang='lat' dir='ltr'><strong>vitam.</strong></span> <span class='ocrx_word' id='word_1_189' title='bbox 3250 1426 3378 1481; x_wconf 81' lang='lat' dir='ltr'><strong>Per.</strong></span> 
     </span>
    </p>
   </div>
   <div class='ocr_carea' id='block_1_28' title="bbox 1061 1802 3183 1917">
    <p class='ocr_par' dir='ltr' id='par_1_28' title="bbox 1061 1802 3183 1917">
     <span class='ocr_line' id='line_1_28' title="bbox 1061 1802 3183 1917; baseline -0.005 -15"><span class='ocrx_word' id='word_1_190' title='bbox 1061 1804 1393 1902; x_wconf 82' lang='lat' dir='ltr'>ORDO</span> <span class='ocrx_word' id='word_1_191' title='bbox 1463 1805 1613 1895; x_wconf 84' lang='lat' dir='ltr'><strong>AD</strong></span> <span class='ocrx_word' id='word_1_192' title='bbox 1682 1802 2438 1917; x_wconf 87' lang='lat' dir='ltr'><strong>VISITANDUM</strong></span> <span class='ocrx_word' id='word_1_193' title='bbox 2515 1804 3183 1895; x_wconf 83' lang='lat' dir='ltr'><strong>INFIRMUM.</strong></span> 
     </span>
    </p>
   </div>
   <div class='ocr_carea' id='block_1_29' title="bbox 1599 1996 2569 2070">
    <p class='ocr_par' dir='ltr' id='par_1_29' title="bbox 1599 1996 2569 2070">
     <span class='ocr_line' id='line_1_29' title="bbox 1599 1996 2569 2070; baseline -0.004 -16"><span class='ocrx_word' id='word_1_194' title='bbox 1599 1998 1700 2069; x_wconf 75' lang='lat' dir='ltr'><strong>(Ex</strong></span> <span class='ocrx_word' id='word_1_195' title='bbox 1728 1998 1850 2057; x_wconf 85' lang='lat' dir='ltr'><strong>cod.</strong></span> <span class='ocrx_word' id='word_1_196' title='bbox 1880 1997 2167 2070; x_wconf 76' lang='lat' dir='ltr'><strong>Rlienang.</strong></span> <span class='ocrx_word' id='word_1_197' title='bbox 2200 2011 2326 2053; x_wconf 67' lang='lat' dir='ltr'><strong>stoc.</strong></span> <span class='ocrx_word' id='word_1_198' title='bbox 2360 2010 2414 2051; x_wconf 73' lang='grc' dir='ltr'><strong>χι</strong></span> <span class='ocrx_word' id='word_1_199' title='bbox 2444 1996 2569 2068; x_wconf 91' lang='lat' dir='ltr'><strong>cir.)</strong></span> 
     </span>
    </p>
   </div>
   <div class='ocr_carea' id='block_1_30' title="bbox 1982 2166 2361 2177">
    <p class='ocr_par' dir='ltr' id='par_1_30' title="bbox 1982 2166 2361 2177">
     <span class='ocr_line' id='line_1_30' title="bbox 1982 2166 2361 2177; baseline -0.005 0"><span class='ocrx_word' id='word_1_200' title='bbox 1982 2166 2361 2177; x_wconf 65' lang='grc' dir='ltr'><strong>...α-...-</strong></span> 
     </span>
    </p>
   </div>
   <div class='ocr_carea' id='block_1_31' title="bbox 589 2286 3768 2380">
    <p class='ocr_par' dir='ltr' id='par_1_31' title="bbox 589 2286 3768 2380">
     <span class='ocr_line' id='line_1_31' title="bbox 589 2286 3768 2380; baseline -0.003 -14"><span class='ocrx_word' id='word_1_201' title='bbox 589 2313 721 2367; x_wconf 85' lang='lat' dir='ltr'><strong>Cum</strong></span> <span class='ocrx_word' id='word_1_202' title='bbox 768 2308 1041 2380; x_wconf 79' lang='lat' dir='ltr'><strong>ungendus</strong></span> <span class='ocrx_word' id='word_1_203' title='bbox 1089 2315 1164 2360; x_wconf 84' lang='lat' dir='ltr'><strong>cst</strong></span> <span class='ocrx_word' id='word_1_204' title='bbox 1211 2306 1496 2374; x_wconf 79' lang='lat' dir='ltr'><strong>inﬁrmus,</strong></span> <span class='ocrx_word' id='word_1_205' title='bbox 1547 2293 1672 2358; x_wconf 77' lang='lat' dir='ltr'><strong>tunc</strong></span> <span class='ocrx_word' id='word_1_206' title='bbox 1724 2302 1970 2358; x_wconf 77' lang='lat' dir='ltr'><strong>sacerdos</strong></span> <span class='ocrx_word' id='word_1_207' title='bbox 2020 2302 2099 2356; x_wconf 86' lang='lat' dir='ltr'><strong>in-</strong></span> <span class='ocrx_word' id='word_1_208' title='bbox 2127 2288 2174 2347; x_wconf 85' lang='grc' dir='ltr'><strong>Β</strong></span> <span class='ocrx_word' id='word_1_209' title='bbox 2202 2303 2333 2359; x_wconf 88' lang='lat' dir='ltr'><strong>bant</strong></span> <span class='ocrx_word' id='word_1_210' title='bbox 2379 2286 2626 2358; x_wconf 74' lang='lat' dir='ltr'><strong>infirmos</strong></span> <span class='ocrx_word' id='word_1_211' title='bbox 2670 2301 2837 2358; x_wconf 85' lang='lat' dir='ltr'><strong>variis</strong></span> <span class='ocrx_word' id='word_1_212' title='bbox 2865 2299 3214 2374; x_wconf 79' lang='lat' dir='ltr'><strong>languoribus</strong></span> <span class='ocrx_word' id='word_1_213' title='bbox 3242 2300 3522 2357; x_wconf 84' lang='lat' dir='ltr'><strong>ducebant</strong></span> <span class='ocrx_word' id='word_1_214' title='bbox 3566 2299 3683 2361; x_wconf 89' lang='lat' dir='ltr'><strong>illos</strong></span> <span class='ocrx_word' id='word_1_215' title='bbox 3714 2303 3768 2358; x_wconf 81' lang='lat' dir='ltr'><strong>ad</strong></span> 
     </span>
    </p>
   </div>
   <div class='ocr_carea' id='block_1_32' title="bbox 517 2390 2105 2465">
    <p class='ocr_par' dir='ltr' id='par_1_32' title="bbox 517 2390 2105 2465">
     <span class='ocr_line' id='line_1_32' title="bbox 517 2390 2105 2465; baseline -0.008 -9"><span class='ocrx_word' id='word_1_216' title='bbox 517 2404 679 2456; x_wconf 79' lang='lat' dir='ltr'><strong>datus</strong></span> <span class='ocrx_word' id='word_1_217' title='bbox 723 2399 845 2453; x_wconf 87' lang='lat' dir='ltr'><strong>alba</strong></span> <span class='ocrx_word' id='word_1_218' title='bbox 898 2408 945 2452; x_wconf 85' lang='lat' dir='ltr'><strong>et</strong></span> <span class='ocrx_word' id='word_1_219' title='bbox 991 2395 1129 2451; x_wconf 87' lang='lat' dir='ltr'><strong>stola</strong></span> <span class='ocrx_word' id='word_1_220' title='bbox 1161 2435 1178 2461; x_wconf 89' lang='lat'><strong>,</strong></span> <span class='ocrx_word' id='word_1_221' title='bbox 1228 2396 1474 2465; x_wconf 71' lang='lat' dir='ltr'><strong>prwcedit</strong></span> <span class='ocrx_word' id='word_1_222' title='bbox 1526 2410 1643 2447; x_wconf 87' lang='lat' dir='ltr'><strong>cum</strong></span> <span class='ocrx_word' id='word_1_223' title='bbox 1695 2393 1806 2447; x_wconf 87' lang='lat' dir='ltr'><strong>oleo</strong></span> <span class='ocrx_word' id='word_1_224' title='bbox 1863 2390 2105 2461; x_wconf 79' lang='lat' dir='ltr'><strong>inﬁrmo-</strong></span> 
     </span>
    </p>
   </div>
   <div class='ocr_carea' id='block_1_33' title="bbox 522 2482 2105 2556">
    <p class='ocr_par' dir='ltr' id='par_1_33' title="bbox 522 2482 2105 2556">
     <span class='ocr_line' id='line_1_33' title="bbox 522 2482 2105 2556; baseline -0.006 -11"><span class='ocrx_word' id='word_1_225' title='bbox 522 2507 676 2555; x_wconf 82' lang='lat' dir='ltr'><strong>rum,</strong></span> <span class='ocrx_word' id='word_1_226' title='bbox 728 2505 867 2556; x_wconf 84' lang='lat' dir='ltr'><strong>aqua</strong></span> <span class='ocrx_word' id='word_1_227' title='bbox 892 2486 1230 2551; x_wconf 74' lang='lat' dir='ltr'><strong>,benedicta,</strong></span> <span class='ocrx_word' id='word_1_228' title='bbox 1286 2501 1482 2548; x_wconf 82' lang='lat' dir='ltr'><strong>cruce,</strong></span> <span class='ocrx_word' id='word_1_229' title='bbox 1545 2493 1593 2538; x_wconf 86' lang='lat' dir='ltr'><strong>et</strong></span> <span class='ocrx_word' id='word_1_230' title='bbox 1641 2482 1844 2537; x_wconf 83' lang='lat' dir='ltr'><strong>duobus</strong></span> <span class='ocrx_word' id='word_1_231' title='bbox 1910 2482 2105 2536; x_wconf 79' lang='lat' dir='ltr'><strong>cande-</strong></span> 
     </span>
    </p>
   </div>
   <div class='ocr_carea' id='block_1_34' title="bbox 520 2572 2103 2648">
    <p class='ocr_par' dir='ltr' id='par_1_34' title="bbox 520 2572 2103 2648">
     <span class='ocr_line' id='line_1_34' title="bbox 520 2572 2103 2648; baseline -0.005 -13"><span class='ocrx_word' id='word_1_232' title='bbox 520 2582 683 2638; x_wconf 81' lang='lat' dir='ltr'><strong>labris</strong></span> <span class='ocrx_word' id='word_1_233' title='bbox 709 2621 727 2646; x_wconf 90' lang='lat'><strong>,</strong></span> <span class='ocrx_word' id='word_1_234' title='bbox 783 2590 834 2634; x_wconf 85' lang='lat' dir='ltr'><strong>et</strong></span> <span class='ocrx_word' id='word_1_235' title='bbox 889 2586 1166 2633; x_wconf 74' lang='lat' dir='ltr'><strong>concentus</strong></span> <span class='ocrx_word' id='word_1_236' title='bbox 1229 2576 1464 2648; x_wconf 76' lang='lat' dir='ltr'><strong>sequitur</strong></span> <span class='ocrx_word' id='word_1_237' title='bbox 1490 2614 1506 2641; x_wconf 94' lang='lat'><strong>,</strong></span> <span class='ocrx_word' id='word_1_238' title='bbox 1578 2573 1781 2645; x_wconf 83' lang='lat' dir='ltr'><strong>psalmo</strong></span> <span class='ocrx_word' id='word_1_239' title='bbox 1843 2572 2103 2628; x_wconf 77' lang='lat' dir='ltr'><strong>Miserere</strong></span> 
     </span>
    </p>
   </div>
   <div class='ocr_carea' id='block_1_35' title="bbox 518 2665 2104 2742">
    <p class='ocr_par' dir='ltr' id='par_1_35' title="bbox 518 2665 2104 2742">
     <span class='ocr_line' id='line_1_35' title="bbox 518 2665 2104 2742; baseline -0.004 -19"><span class='ocrx_word' id='word_1_240' title='bbox 518 2671 758 2742; x_wconf 86' lang='lat' dir='ltr'><strong>imposito</strong></span> <span class='ocrx_word' id='word_1_241' title='bbox 784 2708 799 2735; x_wconf 90' lang='lat'><strong>,</strong></span> <span class='ocrx_word' id='word_1_242' title='bbox 855 2668 1179 2739; x_wconf 80' lang='lat' dir='ltr'><strong>dicendoque</strong></span> <span class='ocrx_word' id='word_1_243' title='bbox 1230 2668 1400 2738; x_wconf 78' lang='lat' dir='ltr'><strong>primo</strong></span> <span class='ocrx_word' id='word_1_244' title='bbox 1449 2666 1562 2721; x_wconf 76' lang='lat' dir='ltr'><strong>lucc</strong></span> <span class='ocrx_word' id='word_1_245' title='bbox 1607 2665 1827 2720; x_wconf 82' lang='lat' dir='ltr'><strong>collecta</strong></span> <span class='ocrx_word' id='word_1_246' title='bbox 1866 2681 1899 2719; x_wconf 90' lang='lat' dir='ltr'><strong>a</strong></span> <span class='ocrx_word' id='word_1_247' title='bbox 1925 2679 2104 2719; x_wconf 80' lang='lat' dir='ltr'><strong>sacer-</strong></span> 
     </span>
    </p>
   </div>
   <div class='ocr_carea' id='block_1_36' title="bbox 518 2755 2103 2831">
    <p class='ocr_par' dir='ltr' id='par_1_36' title="bbox 518 2755 2103 2831">
     <span class='ocr_line' id='line_1_36' title="bbox 518 2755 2103 2831; baseline -0.004 -15"><span class='ocrx_word' id='word_1_248' title='bbox 518 2764 675 2818; x_wconf 76' lang='lat' dir='ltr'><strong>dote.</strong></span> <span class='ocrx_word' id='word_1_249' title='bbox 715 2760 1071 2831; x_wconf 84' lang='lat' dir='ltr'><strong>Omnipotens</strong></span> <span class='ocrx_word' id='word_1_250' title='bbox 1116 2759 1448 2830; x_wconf 84' lang='lat' dir='ltr'><strong>sempiterne</strong></span> <span class='ocrx_word' id='word_1_251' title='bbox 1490 2757 1674 2822; x_wconf 88' lang='lat' dir='ltr'><strong>Deus,</strong></span> <span class='ocrx_word' id='word_1_252' title='bbox 1722 2756 1817 2826; x_wconf 88' lang='lat' dir='ltr'><strong>qui</strong></span> <span class='ocrx_word' id='word_1_253' title='bbox 1846 2771 1948 2826; x_wconf 90' lang='lat' dir='ltr'><strong>per</strong></span> <span class='ocrx_word' id='word_1_254' title='bbox 1971 2755 2103 2810; x_wconf 85' lang='lat' dir='ltr'><strong>bea-</strong></span> 
     </span>
    </p>
   </div>
   <div class='ocr_carea' id='block_1_37' title="bbox 522 2842 2100 2923">
    <p class='ocr_par' dir='ltr' id='par_1_37' title="bbox 522 2842 2100 2923">
     <span class='ocr_line' id='line_1_37' title="bbox 522 2842 2100 2923; baseline -0.004 -15"><span class='ocrx_word' id='word_1_255' title='bbox 522 2863 633 2911; x_wconf 87' lang='lat' dir='ltr'><strong>tum</strong></span> <span class='ocrx_word' id='word_1_256' title='bbox 691 2852 995 2923; x_wconf 85' lang='lat' dir='ltr'><strong>apostolum</strong></span> <span class='ocrx_word' id='word_1_257' title='bbox 1054 2858 1205 2919; x_wconf 86' lang='lat' dir='ltr'><strong>tuum</strong></span> <span class='ocrx_word' id='word_1_258' title='bbox 1262 2849 1467 2905; x_wconf 73' lang='lat' dir='ltr'><strong>dixisti.</strong></span> <span class='ocrx_word' id='word_1_259' title='bbox 1515 2849 1830 2904; x_wconf 83' lang='lat' dir='ltr'><strong>lnllrmatur</strong></span> <span class='ocrx_word' id='word_1_260' title='bbox 1871 2842 1994 2918; x_wconf 85' lang='lat' dir='ltr'><strong>quis</strong></span> <span class='ocrx_word' id='word_1_261' title='bbox 2045 2848 2100 2903; x_wconf 88' lang='lat' dir='ltr'><strong>in</strong></span> 
     </span>
    </p>
   </div>
   <div class='ocr_carea' id='block_1_38' title="bbox 522 2941 2105 3013">
    <p class='ocr_par' dir='ltr' id='par_1_38' title="bbox 522 2941 2105 3013">
     <span class='ocr_line' id='line_1_38' title="bbox 522 2941 2105 3013; baseline -0.001 -17"><span class='ocrx_word' id='word_1_262' title='bbox 522 2944 676 3000; x_wconf 83' lang='lat' dir='ltr'><strong>vobis</strong></span> <span class='ocrx_word' id='word_1_263' title='bbox 703 2984 718 3009; x_wconf 94' lang='lat'><strong>,</strong></span> <span class='ocrx_word' id='word_1_264' title='bbox 794 2944 1021 2999; x_wconf 83' lang='lat' dir='ltr'><strong>inducat</strong></span> <span class='ocrx_word' id='word_1_265' title='bbox 1082 2942 1435 3013; x_wconf 84' lang='lat' dir='ltr'><strong>presbyteros</strong></span> <span class='ocrx_word' id='word_1_266' title='bbox 1492 2941 1781 3008; x_wconf 61' lang='lat' dir='ltr'><strong>ccclesiis,</strong></span> <span class='ocrx_word' id='word_1_267' title='bbox 1832 2949 1891 2995; x_wconf 89' lang='lat' dir='ltr'><strong>et</strong></span> <span class='ocrx_word' id='word_1_268' title='bbox 1945 2948 2105 2995; x_wconf 89' lang='lat' dir='ltr'><strong>orent</strong></span> 
     </span>
    </p>
   </div>
   <div class='ocr_carea' id='block_1_39' title="bbox 520 3030 2104 3107">
    <p class='ocr_par' dir='ltr' id='par_1_39' title="bbox 520 3030 2104 3107">
     <span class='ocr_line' id='line_1_39' title="bbox 520 3030 2104 3107; baseline -0.004 -17"><span class='ocrx_word' id='word_1_269' title='bbox 520 3050 709 3105; x_wconf 87' lang='lat' dir='ltr'><strong>super.</strong></span> <span class='ocrx_word' id='word_1_270' title='bbox 737 3049 860 3090; x_wconf 88' lang='lat' dir='ltr'><strong>eum</strong></span> <span class='ocrx_word' id='word_1_271' title='bbox 893 3073 910 3099; x_wconf 91' lang='lat'><strong>,</strong></span> <span class='ocrx_word' id='word_1_272' title='bbox 967 3041 1232 3103; x_wconf 79' lang='lat' dir='ltr'><strong>tingentes</strong></span> <span class='ocrx_word' id='word_1_273' title='bbox 1280 3044 1425 3107; x_wconf 23' lang='lat' dir='ltr'><strong>eum“</strong></span> <span class='ocrx_word' id='word_1_274' title='bbox 1452 3031 1575 3087; x_wconf 87' lang='lat' dir='ltr'><strong>oleo</strong></span> <span class='ocrx_word' id='word_1_275' title='bbox 1626 3032 1683 3087; x_wconf 91' lang='lat' dir='ltr'><strong>in</strong></span> <span class='ocrx_word' id='word_1_276' title='bbox 1723 3030 1945 3086; x_wconf 83' lang='lat' dir='ltr'><strong>nomine</strong></span> <span class='ocrx_word' id='word_1_277' title='bbox 2000 3030 2104 3085; x_wconf 90' lang='lat' dir='ltr'><strong>Do-</strong></span> 
     </span>
    </p>
   </div>
   <div class='ocr_carea' id='block_1_40' title="bbox 523 3120 2104 3188">
    <p class='ocr_par' dir='ltr' id='par_1_40' title="bbox 523 3120 2104 3188">
     <span class='ocr_line' id='line_1_40' title="bbox 523 3120 2104 3188; baseline -0.002 -9"><span class='ocrx_word' id='word_1_278' title='bbox 523 3126 657 3180; x_wconf 88' lang='lat' dir='ltr'><strong>mini</strong></span> <span class='ocrx_word' id='word_1_279' title='bbox 716 3143 732 3180; x_wconf 87' lang='lat'><strong>:</strong></span> <span class='ocrx_word' id='word_1_280' title='bbox 785 3133 841 3181; x_wconf 90' lang='lat' dir='ltr'><strong>et</strong></span> <span class='ocrx_word' id='word_1_281' title='bbox 886 3124 1062 3178; x_wconf 88' lang='lat' dir='ltr'><strong>oratio</strong></span> <span class='ocrx_word' id='word_1_282' title='bbox 1107 3122 1233 3179; x_wconf 80' lang='lat' dir='ltr'><strong>ﬁdei</strong></span> <span class='ocrx_word' id='word_1_283' title='bbox 1279 3122 1511 3178; x_wconf 74' lang='lat' dir='ltr'><strong>salvabit</strong></span> <span class='ocrx_word' id='word_1_284' title='bbox 1555 3122 1829 3176; x_wconf 80' lang='lat' dir='ltr'><strong>infirmum</strong></span> <span class='ocrx_word' id='word_1_285' title='bbox 1856 3120 2104 3188; x_wconf 83' lang='lat' dir='ltr'><strong>,etalle-</strong></span> 
     </span>
    </p>
   </div>
   <div class='ocr_carea' id='block_1_41' title="bbox 523 3210 2105 3281">
    <p class='ocr_par' dir='ltr' id='par_1_41' title="bbox 523 3210 2105 3281">
     <span class='ocr_line' id='line_1_41' title="bbox 523 3210 2105 3281; baseline -0.001 -15"><span class='ocrx_word' id='word_1_286' title='bbox 523 3213 689 3269; x_wconf 86' lang='lat' dir='ltr'><strong>viabit</strong></span> <span class='ocrx_word' id='word_1_287' title='bbox 746 3229 872 3269; x_wconf 88' lang='lat' dir='ltr'><strong>eum</strong></span> <span class='ocrx_word' id='word_1_288' title='bbox 918 3212 1224 3279; x_wconf 87' lang='lat' dir='ltr'><strong>Dominus,</strong></span> <span class='ocrx_word' id='word_1_289' title='bbox 1279 3221 1335 3267; x_wconf 91' lang='lat' dir='ltr'><strong>et</strong></span> <span class='ocrx_word' id='word_1_290' title='bbox 1400 3213 1445 3268; x_wconf 93' lang='lat' dir='ltr'><strong>si</strong></span> <span class='ocrx_word' id='word_1_291' title='bbox 1499 3214 1552 3267; x_wconf 89' lang='lat' dir='ltr'><strong>in</strong></span> <span class='ocrx_word' id='word_1_292' title='bbox 1603 3211 1842 3281; x_wconf 83' lang='lat' dir='ltr'><strong>peccatis</strong></span> <span class='ocrx_word' id='word_1_293' title='bbox 1893 3211 1989 3278; x_wconf 88' lang='lat' dir='ltr'><strong>sit,</strong></span> <span class='ocrx_word' id='word_1_294' title='bbox 2023 3210 2105 3266; x_wconf 86' lang='lat' dir='ltr'><strong>di-</strong></span> 
     </span>
    </p>
   </div>
   <div class='ocr_carea' id='block_1_42' title="bbox 525 3302 2106 3374">
    <p class='ocr_par' dir='ltr' id='par_1_42' title="bbox 525 3302 2106 3374">
     <span class='ocr_line' id='line_1_42' title="bbox 525 3302 2106 3374; baseline -0.003 -11"><span class='ocrx_word' id='word_1_295' title='bbox 525 3306 816 3363; x_wconf 86' lang='lat' dir='ltr'><strong>mittuntur</strong></span> <span class='ocrx_word' id='word_1_296' title='bbox 867 3306 940 3359; x_wconf 91' lang='lat' dir='ltr'><strong>ei.</strong></span> <span class='ocrx_word' id='word_1_297' title='bbox 997 3304 1075 3360; x_wconf 85' lang='lat' dir='ltr'><strong>Te</strong></span> <span class='ocrx_word' id='word_1_298' title='bbox 1132 3304 1447 3374; x_wconf 87' lang='lat' dir='ltr'><strong>suppliciter</strong></span> <span class='ocrx_word' id='word_1_299' title='bbox 1516 3318 1811 3359; x_wconf 85' lang='lat' dir='ltr'><strong>exoramus</strong></span> <span class='ocrx_word' id='word_1_300' title='bbox 1846 3343 1862 3368; x_wconf 90' lang='lat'><strong>,</strong></span> <span class='ocrx_word' id='word_1_301' title='bbox 1909 3312 1971 3358; x_wconf 92' lang='lat' dir='ltr'><strong>ut</strong></span> <span class='ocrx_word' id='word_1_302' title='bbox 2016 3302 2106 3358; x_wconf 90' lang='lat' dir='ltr'><strong>hic</strong></span> 
     </span>
    </p>
   </div>
   <div class='ocr_carea' id='block_1_43' title="bbox 523 3394 2135 3466">
    <p class='ocr_par' dir='ltr' id='par_1_43' title="bbox 523 3394 2135 3466">
     <span class='ocr_line' id='line_1_43' title="bbox 523 3394 2135 3466; baseline 0 -17"><span class='ocrx_word' id='word_1_303' title='bbox 523 3397 760 3451; x_wconf 68' lang='lat' dir='ltr'><strong>lautulus</strong></span> <span class='ocrx_word' id='word_1_304' title='bbox 815 3408 940 3451; x_wconf 87' lang='lat' dir='ltr'><strong>tuus</strong></span> <span class='ocrx_word' id='word_1_305' title='bbox 982 3411 1081 3466; x_wconf 91' lang='lat' dir='ltr'><strong>per</strong></span> <span class='ocrx_word' id='word_1_306' title='bbox 1128 3397 1492 3451; x_wconf 86' lang='lat' dir='ltr'><strong>ministerium</strong></span> <span class='ocrx_word' id='word_1_307' title='bbox 1549 3404 1748 3450; x_wconf 67' lang='lat' dir='ltr'><strong>nostrae</strong></span> <span class='ocrx_word' id='word_1_308' title='bbox 1805 3394 2135 3459; x_wconf 76' lang='lat' dir='ltr'><strong>unctionis,</strong></span> 
     </span>
    </p>
   </div>
   <div class='ocr_carea' id='block_1_44' title="bbox 529 3489 2104 3560">
    <p class='ocr_par' dir='ltr' id='par_1_44' title="bbox 529 3489 2104 3560">
     <span class='ocr_line' id='line_1_44' title="bbox 529 3489 2104 3560; baseline 0.001 -19"><span class='ocrx_word' id='word_1_309' title='bbox 529 3497 586 3543; x_wconf 87' lang='lat' dir='ltr'><strong>ct</strong></span> <span class='ocrx_word' id='word_1_310' title='bbox 617 3489 817 3544; x_wconf 89' lang='lat' dir='ltr'><strong>donum</strong></span> <span class='ocrx_word' id='word_1_311' title='bbox 852 3497 955 3542; x_wconf 77' lang='lat' dir='ltr'><strong>tua:</strong></span> <span class='ocrx_word' id='word_1_312' title='bbox 975 3496 1176 3544; x_wconf 83' lang='lat' dir='ltr'><strong>sanctae</strong></span> <span class='ocrx_word' id='word_1_313' title='bbox 1200 3489 1421 3559; x_wconf 88' lang='lat' dir='ltr'><strong>pietatis</strong></span> <span class='ocrx_word' id='word_1_314' title='bbox 1446 3528 1461 3555; x_wconf 94' lang='lat'><strong>,</strong></span> <span class='ocrx_word' id='word_1_315' title='bbox 1496 3496 1848 3560; x_wconf 82' lang='lat' dir='ltr'><strong>peccatorum</strong></span> <span class='ocrx_word' id='word_1_316' title='bbox 1878 3502 2104 3545; x_wconf 84' lang='lat' dir='ltr'><strong>suorum</strong></span> 
     </span>
    </p>
   </div>
   <div class='ocr_carea' id='block_1_45' title="bbox 527 3579 2105 3652">
    <p class='ocr_par' dir='ltr' id='par_1_45' title="bbox 527 3579 2105 3652">
     <span class='ocr_line' id='line_1_45' title="bbox 527 3579 2105 3652; baseline -0.001 -17"><span class='ocrx_word' id='word_1_317' title='bbox 527 3581 738 3635; x_wconf 77' lang='lat' dir='ltr'><strong>veniam</strong></span> <span class='ocrx_word' id='word_1_318' title='bbox 789 3580 1072 3652; x_wconf 89' lang='lat' dir='ltr'><strong>consequi,</strong></span> <span class='ocrx_word' id='word_1_319' title='bbox 1124 3589 1181 3636; x_wconf 86' lang='lat' dir='ltr'><strong>et</strong></span> <span class='ocrx_word' id='word_1_320' title='bbox 1227 3581 1295 3637; x_wconf 89' lang='lat' dir='ltr'><strong>ad</strong></span> <span class='ocrx_word' id='word_1_321' title='bbox 1327 3580 1493 3635; x_wconf 87' lang='lat' dir='ltr'><strong>vitam</strong></span> <span class='ocrx_word' id='word_1_322' title='bbox 1527 3587 1797 3636; x_wconf 62' lang='lat' dir='ltr'><strong>aeternam</strong></span> <span class='ocrx_word' id='word_1_323' title='bbox 1828 3579 2105 3637; x_wconf 67' lang='lat' dir='ltr'><strong>iet-venire</strong></span> 
     </span>
    </p>
   </div>
   <div class='ocr_carea' id='block_1_46' title="bbox 526 3671 978 3726">
    <p class='ocr_par' dir='ltr' id='par_1_46' title="bbox 526 3671 978 3726">
     <span class='ocr_line' id='line_1_46' title="bbox 526 3671 978 3726; baseline 0 -2"><span class='ocrx_word' id='word_1_324' title='bbox 526 3681 823 3726; x_wconf 88' lang='lat' dir='ltr'><strong>mereatur.</strong></span> <span class='ocrx_word' id='word_1_325' title='bbox 853 3671 978 3725; x_wconf 86' lang='lat' dir='ltr'><strong>Per.</strong></span> 
     </span>
    </p>
   </div>
   <div class='ocr_carea' id='block_1_47' title="bbox 594 3758 2041 3832">
    <p class='ocr_par' dir='ltr' id='par_1_47' title="bbox 594 3758 2041 3832">
     <span class='ocr_line' id='line_1_47' title="bbox 594 3758 2041 3832; baseline -0.002 -17"><span class='ocrx_word' id='word_1_326' title='bbox 594 3761 950 3832; x_wconf 79' lang='lat' dir='ltr'><strong>Imponuntur</strong></span> <span class='ocrx_word' id='word_1_327' title='bbox 998 3758 1126 3815; x_wconf 81' lang='grc' dir='ltr'><strong>γη.</strong></span> <span class='ocrx_word' id='word_1_328' title='bbox 1164 3760 1351 3831; x_wconf 79' lang='lat' dir='ltr'><strong>psalmi</strong></span> <span class='ocrx_word' id='word_1_329' title='bbox 1392 3777 1510 3816; x_wconf 83' lang='lat' dir='ltr'><strong>cum</strong></span> <span class='ocrx_word' id='word_1_330' title='bbox 1544 3759 1842 3831; x_wconf 79' lang='lat' dir='ltr'><strong>antiphom&#39;s</strong></span> <span class='ocrx_word' id='word_1_331' title='bbox 1885 3758 1997 3813; x_wconf 87' lang='lat' dir='ltr'><strong>istis</strong></span> <span class='ocrx_word' id='word_1_332' title='bbox 2020 3773 2041 3812; x_wconf 89' lang='lat'><strong><em>:</em></strong></span> 
     </span>
    </p>
   </div>
   <div class='ocr_carea' id='block_1_48' title="bbox 598 3849 2109 3922">
    <p class='ocr_par' dir='ltr' id='par_1_48' title="bbox 598 3849 2109 3922">
     <span class='ocr_line' id='line_1_48' title="bbox 598 3849 2109 3922; baseline -0.003 -13"><span class='ocrx_word' id='word_1_333' title='bbox 598 3854 726 3909; x_wconf 78' lang='lat' dir='ltr'><strong>Ant.</strong></span> <span class='ocrx_word' id='word_1_334' title='bbox 771 3851 919 3907; x_wconf 83' lang='lat' dir='ltr'><strong>Sana</strong></span> <span class='ocrx_word' id='word_1_335' title='bbox 981 3867 1070 3907; x_wconf 90' lang='lat' dir='ltr'><strong>me</strong></span> <span class='ocrx_word' id='word_1_336' title='bbox 1128 3851 1392 3917; x_wconf 90' lang='lat' dir='ltr'><strong>Domine,</strong></span> <span class='ocrx_word' id='word_1_337' title='bbox 1462 3852 1719 3922; x_wconf 88' lang='lat' dir='ltr'><strong>quoniam</strong></span> <span class='ocrx_word' id='word_1_338' title='bbox 1781 3849 2109 3905; x_wconf 81' lang='lat' dir='ltr'><strong>conturbata</strong></span> 
     </span>
    </p>
   </div>
   <div class='ocr_carea' id='block_1_49' title="bbox 528 3940 2105 4007">
    <p class='ocr_par' dir='ltr' id='par_1_49' title="bbox 528 3940 2105 4007">
     <span class='ocr_line' id='line_1_49' title="bbox 528 3940 2105 4007; baseline -0.004 -9"><span class='ocrx_word' id='word_1_339' title='bbox 528 3951 655 4000; x_wconf 89' lang='lat' dir='ltr'><strong>sunt</strong></span> <span class='ocrx_word' id='word_1_340' title='bbox 703 3958 827 3997; x_wconf 89' lang='lat' dir='ltr'><strong>ossa</strong></span> <span class='ocrx_word' id='word_1_341' title='bbox 883 3956 1003 3995; x_wconf 90' lang='lat' dir='ltr'><strong>mea</strong></span> <span class='ocrx_word' id='word_1_342' title='bbox 1028 3981 1044 4007; x_wconf 91' lang='lat'><strong>,</strong></span> <span class='ocrx_word' id='word_1_343' title='bbox 1096 3950 1151 3995; x_wconf 90' lang='lat' dir='ltr'><strong>ct</strong></span> <span class='ocrx_word' id='word_1_344' title='bbox 1188 3942 1369 3995; x_wconf 89' lang='lat' dir='ltr'><strong>anima</strong></span> <span class='ocrx_word' id='word_1_345' title='bbox 1395 3956 1514 3995; x_wconf 88' lang='lat' dir='ltr'><strong>mea</strong></span> <span class='ocrx_word' id='word_1_346' title='bbox 1547 3941 1761 3995; x_wconf 86' lang='lat' dir='ltr'><strong>turbata</strong></span> <span class='ocrx_word' id='word_1_347' title='bbox 1790 3949 1877 3995; x_wconf 86' lang='lat' dir='ltr'><strong>est</strong></span> <span class='ocrx_word' id='word_1_348' title='bbox 1904 3940 2062 3993; x_wconf 88' lang='lat' dir='ltr'><strong>valde</strong></span> <span class='ocrx_word' id='word_1_349' title='bbox 2092 3956 2105 3991; x_wconf 86' lang='lat'><strong>:</strong></span> 
     </span>
    </p>
   </div>
   <div class='ocr_carea' id='block_1_50' title="bbox 529 4033 2105 4102">
    <p class='ocr_par' dir='ltr' id='par_1_50' title="bbox 529 4033 2105 4102">
     <span class='ocr_line' id='line_1_50' title="bbox 529 4033 2105 4102; baseline -0.003 -13"><span class='ocrx_word' id='word_1_350' title='bbox 529 4036 623 4092; x_wconf 83' lang='lat' dir='ltr'><strong>sed</strong></span> <span class='ocrx_word' id='word_1_351' title='bbox 649 4045 708 4091; x_wconf 89' lang='lat' dir='ltr'><strong>tu</strong></span> <span class='ocrx_word' id='word_1_352' title='bbox 739 4035 966 4090; x_wconf 86' lang='lat' dir='ltr'><strong>Domine</strong></span> <span class='ocrx_word' id='word_1_353' title='bbox 991 4043 1311 4089; x_wconf 77' lang='lat' dir='ltr'><strong>convertere</strong></span> <span class='ocrx_word' id='word_1_354' title='bbox 1332 4074 1347 4099; x_wconf 93' lang='lat'><strong>,</strong></span> <span class='ocrx_word' id='word_1_355' title='bbox 1387 4043 1446 4088; x_wconf 88' lang='lat' dir='ltr'><strong>et</strong></span> <span class='ocrx_word' id='word_1_356' title='bbox 1470 4033 1622 4102; x_wconf 86' lang='lat' dir='ltr'><strong>eripe</strong></span> <span class='ocrx_word' id='word_1_357' title='bbox 1644 4033 1883 4087; x_wconf 86' lang='lat' dir='ltr'><strong>animam</strong></span> <span class='ocrx_word' id='word_1_358' title='bbox 1905 4045 2105 4086; x_wconf 87' lang='lat' dir='ltr'><strong>meam.</strong></span> 
     </span>
    </p>
   </div>
   <div class='ocr_carea' id='block_1_51' title="bbox 530 4123 1357 4183">
    <p class='ocr_par' dir='ltr' id='par_1_51' title="bbox 530 4123 1357 4183">
     <span class='ocr_line' id='line_1_51' title="bbox 530 4123 1357 4183; baseline -0.002 -3"><span class='ocrx_word' id='word_1_359' title='bbox 530 4125 682 4183; x_wconf 84' lang='lat' dir='ltr'><strong>Psal.</strong></span> <span class='ocrx_word' id='word_1_360' title='bbox 711 4126 935 4182; x_wconf 86' lang='lat' dir='ltr'><strong>Domine</strong></span> <span class='ocrx_word' id='word_1_361' title='bbox 970 4140 1040 4180; x_wconf 88' lang='lat' dir='ltr'><strong>ne</strong></span> <span class='ocrx_word' id='word_1_362' title='bbox 1066 4125 1120 4179; x_wconf 87' lang='lat' dir='ltr'><strong>in</strong></span> <span class='ocrx_word' id='word_1_363' title='bbox 1150 4123 1357 4179; x_wconf 85' lang='lat' dir='ltr'><strong>furore.</strong></span> 
     </span>
    </p>
   </div>
   <div class='ocr_carea' id='block_1_52' title="bbox 601 4212 2114 4286">
    <p class='ocr_par' dir='ltr' id='par_1_52' title="bbox 601 4212 2114 4286">
     <span class='ocr_line' id='line_1_52' title="bbox 601 4212 2114 4286; baseline -0.003 -13"><span class='ocrx_word' id='word_1_364' title='bbox 601 4220 726 4273; x_wconf 84' lang='lat' dir='ltr'><strong>Ant.</strong></span> <span class='ocrx_word' id='word_1_365' title='bbox 753 4218 885 4272; x_wconf 86' lang='lat' dir='ltr'><strong>Erat</strong></span> <span class='ocrx_word' id='word_1_366' title='bbox 910 4216 1133 4286; x_wconf 84' lang='lat' dir='ltr'><strong>quidam</strong></span> <span class='ocrx_word' id='word_1_367' title='bbox 1160 4214 1377 4286; x_wconf 76' lang='lat' dir='ltr'><strong>regulus</strong></span> <span class='ocrx_word' id='word_1_368' title='bbox 1402 4255 1419 4281; x_wconf 89' lang='lat'><strong>,</strong></span> <span class='ocrx_word' id='word_1_369' title='bbox 1450 4214 1604 4284; x_wconf 83' lang='lat' dir='ltr'><strong>cujus</strong></span> <span class='ocrx_word' id='word_1_370' title='bbox 1631 4212 1774 4269; x_wconf 84' lang='lat' dir='ltr'><strong>lilius</strong></span> <span class='ocrx_word' id='word_1_371' title='bbox 1799 4212 2114 4269; x_wconf 66' lang='lat' dir='ltr'><strong>inﬁrmam-</strong></span> 
     </span>
    </p>
   </div>
   <div class='ocr_carea' id='block_1_53' title="bbox 533 4302 2114 4379">
    <p class='ocr_par' dir='ltr' id='par_1_53' title="bbox 533 4302 2114 4379">
     <span class='ocr_line' id='line_1_53' title="bbox 533 4302 2114 4379; baseline -0.004 -15"><span class='ocrx_word' id='word_1_372' title='bbox 533 4319 624 4364; x_wconf 88' lang='lat' dir='ltr'><strong>tur</strong></span> <span class='ocrx_word' id='word_1_373' title='bbox 647 4308 1025 4379; x_wconf 83' lang='lat' dir='ltr'><strong>Capharnaum</strong></span> <span class='ocrx_word' id='word_1_374' title='bbox 1053 4324 1066 4359; x_wconf 89' lang='lat'><strong>:</strong></span> <span class='ocrx_word' id='word_1_375' title='bbox 1096 4304 1186 4360; x_wconf 85' lang='lat' dir='ltr'><strong>hic</strong></span> <span class='ocrx_word' id='word_1_376' title='bbox 1209 4319 1331 4360; x_wconf 88' lang='lat' dir='ltr'><strong>cum</strong></span> <span class='ocrx_word' id='word_1_377' title='bbox 1361 4304 1618 4369; x_wconf 82' lang='lat' dir='ltr'><strong>audisset,</strong></span> <span class='ocrx_word' id='word_1_378' title='bbox 1645 4305 1770 4373; x_wconf 87' lang='lat' dir='ltr'><strong>quia</strong></span> <span class='ocrx_word' id='word_1_379' title='bbox 1796 4303 1946 4359; x_wconf 83' lang='lat' dir='ltr'><strong>Iesus</strong></span> <span class='ocrx_word' id='word_1_380' title='bbox 1965 4302 2114 4359; x_wconf 82' lang='lat' dir='ltr'><strong>veni-</strong></span> 
     </span>
    </p>
   </div>
   <div class='ocr_carea' id='block_1_54' title="bbox 531 4393 2110 4467">
    <p class='ocr_par' dir='ltr' id='par_1_54' title="bbox 531 4393 2110 4467">
     <span class='ocr_line' id='line_1_54' title="bbox 531 4393 2110 4467; baseline -0.003 -12"><span class='ocrx_word' id='word_1_381' title='bbox 531 4409 617 4455; x_wconf 85' lang='lat' dir='ltr'><strong>ret</strong></span> <span class='ocrx_word' id='word_1_382' title='bbox 645 4400 698 4454; x_wconf 93' lang='lat' dir='ltr'><strong>in</strong></span> <span class='ocrx_word' id='word_1_383' title='bbox 731 4397 1018 4464; x_wconf 86' lang='lat' dir='ltr'><strong>Galileam,</strong></span> <span class='ocrx_word' id='word_1_384' title='bbox 1049 4396 1272 4467; x_wconf 72' lang='lat' dir='ltr'><strong>rogabat</strong></span> <span class='ocrx_word' id='word_1_385' title='bbox 1296 4409 1438 4453; x_wconf 85' lang='lat' dir='ltr'><strong>eum.</strong></span> <span class='ocrx_word' id='word_1_386' title='bbox 1472 4404 1530 4450; x_wconf 89' lang='lat' dir='ltr'><strong>ut</strong></span> <span class='ocrx_word' id='word_1_387' title='bbox 1558 4402 1775 4451; x_wconf 82' lang='lat' dir='ltr'><strong>sanaret</strong></span> <span class='ocrx_word' id='word_1_388' title='bbox 1805 4394 1948 4450; x_wconf 84' lang='lat' dir='ltr'><strong>ﬁlius</strong></span> <span class='ocrx_word' id='word_1_389' title='bbox 1977 4393 2110 4464; x_wconf 79' lang='lat' dir='ltr'><strong>ejus.</strong></span> 
     </span>
    </p>
   </div>
   <div class='ocr_carea' id='block_1_55' title="bbox 534 4489 1114 4561">
    <p class='ocr_par' dir='ltr' id='par_1_55' title="bbox 534 4489 1114 4561">
     <span class='ocr_line' id='line_1_55' title="bbox 534 4489 1114 4561; baseline -0.002 -18"><span class='ocrx_word' id='word_1_390' title='bbox 534 4489 631 4547; x_wconf 86' lang='lat' dir='ltr'><strong>Ps.</strong></span> <span class='ocrx_word' id='word_1_391' title='bbox 652 4489 828 4555; x_wconf 83' lang='lat' dir='ltr'><strong>Beati,</strong></span> <span class='ocrx_word' id='word_1_392' title='bbox 858 4504 1114 4561; x_wconf 86' lang='lat' dir='ltr'><strong>quorum.</strong></span> 
     </span>
    </p>
   </div>
   <div class='ocr_carea' id='block_1_56' title="bbox 604 4574 2112 4649">
    <p class='ocr_par' dir='ltr' id='par_1_56' title="bbox 604 4574 2112 4649">
     <span class='ocr_line' id='line_1_56' title="bbox 604 4574 2112 4649; baseline -0.001 -18"><span class='ocrx_word' id='word_1_393' title='bbox 604 4578 727 4634; x_wconf 79' lang='lat' dir='ltr'><strong>Ant.</strong></span> <span class='ocrx_word' id='word_1_394' title='bbox 765 4576 993 4635; x_wconf 86' lang='lat' dir='ltr'><strong>Domine</strong></span> <span class='ocrx_word' id='word_1_395' title='bbox 1013 4592 1147 4649; x_wconf 90' lang='lat' dir='ltr'><strong>puer</strong></span> <span class='ocrx_word' id='word_1_396' title='bbox 1166 4592 1319 4634; x_wconf 88' lang='lat' dir='ltr'><strong>meus</strong></span> <span class='ocrx_word' id='word_1_397' title='bbox 1338 4574 1484 4645; x_wconf 79' lang='lat' dir='ltr'><strong>jacet</strong></span> <span class='ocrx_word' id='word_1_398' title='bbox 1506 4575 1824 4646; x_wconf 88' lang='lat' dir='ltr'><strong>paraliticus</strong></span> <span class='ocrx_word' id='word_1_399' title='bbox 1846 4576 1899 4631; x_wconf 88' lang='lat' dir='ltr'><strong>in</strong></span> <span class='ocrx_word' id='word_1_400' title='bbox 1930 4577 2112 4641; x_wconf 87' lang='lat' dir='ltr'><strong>domo,</strong></span> 
     </span>
    </p>
   </div>
   <div class='ocr_carea' id='block_1_57' title="bbox 534 4667 2117 4740">
    <p class='ocr_par' dir='ltr' id='par_1_57' title="bbox 534 4667 2117 4740">
     <span class='ocr_line' id='line_1_57' title="bbox 534 4667 2117 4740; baseline -0.001 -17"><span class='ocrx_word' id='word_1_401' title='bbox 534 4678 590 4723; x_wconf 93' lang='lat' dir='ltr'><strong>ct</strong></span> <span class='ocrx_word' id='word_1_402' title='bbox 621 4667 765 4724; x_wconf 88' lang='lat' dir='ltr'><strong>male</strong></span> <span class='ocrx_word' id='word_1_403' title='bbox 816 4677 1119 4740; x_wconf 86' lang='lat' dir='ltr'><strong>torquetur.</strong></span> <span class='ocrx_word' id='word_1_404' title='bbox 1149 4667 1323 4724; x_wconf 73' lang='lat' dir='ltr'><strong>Amen</strong></span> <span class='ocrx_word' id='word_1_405' title='bbox 1354 4668 1478 4723; x_wconf 87' lang='lat' dir='ltr'><strong>dico</strong></span> <span class='ocrx_word' id='word_1_406' title='bbox 1509 4667 1630 4734; x_wconf 86' lang='lat' dir='ltr'><strong>tibi,</strong></span> <span class='ocrx_word' id='word_1_407' title='bbox 1669 4681 1771 4738; x_wconf 76' lang='lat' dir='ltr'><strong>ego</strong></span> <span class='ocrx_word' id='word_1_408' title='bbox 1796 4667 2031 4734; x_wconf 77' lang='lat' dir='ltr'><strong>veniam,</strong></span> <span class='ocrx_word' id='word_1_409' title='bbox 2058 4676 2117 4722; x_wconf 86' lang='lat' dir='ltr'><strong>et</strong></span> 
     </span>
    </p>
   </div>
   <div class='ocr_carea' id='block_1_58' title="bbox 534 4757 1593 4815">
    <p class='ocr_par' dir='ltr' id='par_1_58' title="bbox 534 4757 1593 4815">
     <span class='ocr_line' id='line_1_58' title="bbox 534 4757 1593 4815; baseline -0.003 -1"><span class='ocrx_word' id='word_1_410' title='bbox 534 4760 738 4814; x_wconf 88' lang='lat' dir='ltr'><strong>curabo</strong></span> <span class='ocrx_word' id='word_1_411' title='bbox 763 4774 907 4815; x_wconf 89' lang='lat' dir='ltr'><strong>eum.</strong></span> <span class='ocrx_word' id='word_1_412' title='bbox 940 4758 1179 4815; x_wconf 83' lang='lat' dir='ltr'><strong>Ps.&#39;Dne</strong></span> <span class='ocrx_word' id='word_1_413' title='bbox 1206 4774 1274 4814; x_wconf 88' lang='lat' dir='ltr'><strong>ne</strong></span> <span class='ocrx_word' id='word_1_414' title='bbox 1305 4760 1359 4815; x_wconf 87' lang='lat' dir='ltr'><strong>in</strong></span> <span class='ocrx_word' id='word_1_415' title='bbox 1390 4757 1593 4815; x_wconf 75' lang='lat' dir='ltr'><strong>furore.</strong></span> 
     </span>
    </p>
   </div>
   <div class='ocr_carea' id='block_1_59' title="bbox 604 4847 2113 4917">
    <p class='ocr_par' dir='ltr' id='par_1_59' title="bbox 604 4847 2113 4917">
     <span class='ocr_line' id='line_1_59' title="bbox 604 4847 2113 4917; baseline -0.001 -13"><span class='ocrx_word' id='word_1_416' title='bbox 604 4850 730 4904; x_wconf 81' lang='lat' dir='ltr'><strong>Ant.</strong></span> <span class='ocrx_word' id='word_1_417' title='bbox 755 4848 867 4915; x_wconf 25' lang='lat' dir='ltr'><strong>Cor,</strong></span> <span class='ocrx_word' id='word_1_418' title='bbox 887 4849 1204 4915; x_wconf 88' lang='lat' dir='ltr'><strong>contritum,</strong></span> <span class='ocrx_word' id='word_1_419' title='bbox 1227 4857 1284 4904; x_wconf 88' lang='lat' dir='ltr'><strong>et</strong></span> <span class='ocrx_word' id='word_1_420' title='bbox 1307 4848 1648 4904; x_wconf 80' lang='lat' dir='ltr'><strong>bumiliatum</strong></span> <span class='ocrx_word' id='word_1_421' title='bbox 1677 4847 1815 4903; x_wconf 88' lang='lat' dir='ltr'><strong>Deus</strong></span> <span class='ocrx_word' id='word_1_422' title='bbox 1844 4864 1911 4904; x_wconf 90' lang='lat' dir='ltr'><strong>ne</strong></span> <span class='ocrx_word' id='word_1_423' title='bbox 1933 4848 2113 4917; x_wconf 88' lang='lat' dir='ltr'><strong>despi-</strong></span> 
     </span>
    </p>
   </div>
   <div class='ocr_carea' id='block_1_60' title="bbox 537 4939 2113 5012">
    <p class='ocr_par' dir='ltr' id='par_1_60' title="bbox 537 4939 2113 5012">
     <span class='ocr_line' id='line_1_60' title="bbox 537 4939 2113 5012; baseline -0.001 -17"><span class='ocrx_word' id='word_1_424' title='bbox 537 4940 688 5007; x_wconf 83' lang='lat' dir='ltr'><strong>cias;</strong></span> <span class='ocrx_word' id='word_1_425' title='bbox 741 4943 837 4998; x_wconf 88' lang='lat' dir='ltr'><strong>sed</strong></span> <span class='ocrx_word' id='word_1_426' title='bbox 905 4948 1127 5012; x_wconf 90' lang='lat' dir='ltr'><strong>propter</strong></span> <span class='ocrx_word' id='word_1_427' title='bbox 1180 4956 1429 5011; x_wconf 78' lang='lat' dir='ltr'><strong>magnam</strong></span> <span class='ocrx_word' id='word_1_428' title='bbox 1479 4939 1911 4995; x_wconf 83' lang='lat' dir='ltr'><strong>misericordiam</strong></span> <span class='ocrx_word' id='word_1_429' title='bbox 1969 4949 2113 4995; x_wconf 90' lang='lat' dir='ltr'><strong>tuam</strong></span> 
     </span>
    </p>
   </div>
   <div class='ocr_carea' id='block_1_61' title="bbox 538 5031 1549 5091">
    <p class='ocr_par' dir='ltr' id='par_1_61' title="bbox 538 5031 1549 5091">
     <span class='ocr_line' id='line_1_61' title="bbox 538 5031 1549 5091; baseline 0.001 -3"><span class='ocrx_word' id='word_1_430' title='bbox 538 5036 800 5091; x_wconf 86' lang='lat' dir='ltr'><strong>miserere</strong></span> <span class='ocrx_word' id='word_1_431' title='bbox 825 5035 929 5090; x_wconf 89' lang='lat' dir='ltr'><strong>mei</strong></span> <span class='ocrx_word' id='word_1_432' title='bbox 959 5033 1123 5089; x_wconf 88' lang='lat' dir='ltr'><strong>Deus.</strong></span> <span class='ocrx_word' id='word_1_433' title='bbox 1148 5031 1242 5087; x_wconf 83' lang='lat' dir='ltr'><strong>Ps.</strong></span> <span class='ocrx_word' id='word_1_434' title='bbox 1270 5032 1549 5089; x_wconf 76' lang='lat' dir='ltr'><strong>Miserere.</strong></span> 
     </span>
    </p>
   </div>
   <div class='ocr_carea' id='block_1_62' title="bbox 616 5124 1292 5164">
    <p class='ocr_par' dir='ltr' id='par_1_62' title="bbox 616 5124 1292 5164">
     <span class='ocr_line' id='line_1_62' title="bbox 616 5124 1292 5164; baseline 0 0"><span class='ocrx_word' id='word_1_435' title='bbox 616 5128 708 5164; x_wconf 72' lang='lat' dir='ltr'><strong>‘n!</strong></span> <span class='ocrx_word' id='word_1_436' title='bbox 760 5127 986 5164; x_wconf 72' lang='lat' dir='ltr'><strong>“nmina</strong></span> <span class='ocrx_word' id='word_1_437' title='bbox 1028 5124 1292 5164; x_wconf 73' lang='grc' dir='ltr'><strong>ιιρυιρηιιρ</strong></span> 
     </span>
    </p>
   </div>
   <div class='ocr_carea' id='block_1_63' title="bbox 2141 4998 2193 5059">
    <p class='ocr_par' dir='ltr' id='par_1_63' title="bbox 2141 4998 2193 5059">
     <span class='ocr_line' id='line_1_63' title="bbox 2141 4998 2193 5059; baseline 0 0"><span class='ocrx_word' id='word_1_438' title='bbox 2141 4998 2193 5059; x_wconf 89' lang='lat' dir='ltr'><strong>D</strong></span> 
     </span>
    </p>
   </div>
   <div class='ocr_carea' id='block_1_64' title="bbox 1365 5123 2130 5164">
    <p class='ocr_par' dir='ltr' id='par_1_64' title="bbox 1365 5123 2130 5164">
     <span class='ocr_line' id='line_1_64' title="bbox 1365 5123 2130 5164; baseline 0 0"><span class='ocrx_word' id='word_1_439' title='bbox 1365 5133 1423 5164; x_wconf 82' lang='lat' dir='ltr'><strong>ul</strong></span> <span class='ocrx_word' id='word_1_440' title='bbox 1473 5139 1633 5164; x_wconf 65' lang='lat' dir='ltr'><strong>annos:</strong></span> <span class='ocrx_word' id='word_1_441' title='bbox 1680 5123 1847 5164; x_wconf 73' lang='lat' dir='ltr'><strong>ﬁlium</strong></span> <span class='ocrx_word' id='word_1_442' title='bbox 1893 5140 2072 5164; x_wconf 77' lang='lat' dir='ltr'><strong>mnum</strong></span> <span class='ocrx_word' id='word_1_443' title='bbox 2127 5155 2130 5159; x_wconf 60' lang='grc' dir='ltr'><em>η</em></span> 
     </span>
    </p>
   </div>
   <div class='ocr_carea' id='block_1_65' title="bbox 2197 2383 3673 2451">
    <p class='ocr_par' dir='ltr' id='par_1_65' title="bbox 2197 2383 3673 2451">
     <span class='ocr_line' id='line_1_65' title="bbox 2197 2383 3673 2451; baseline -0.003 -1"><span class='ocrx_word' id='word_1_444' title='bbox 2197 2383 2386 2451; x_wconf 65' lang='lat' dir='ltr'><strong>~desum</strong></span> <span class='ocrx_word' id='word_1_445' title='bbox 2415 2405 2469 2450; x_wconf 90' lang='lat' dir='ltr'><strong>ct</strong></span> <span class='ocrx_word' id='word_1_446' title='bbox 2498 2394 2842 2450; x_wconf 80' lang='lat' dir='ltr'><strong>curabuntur.</strong></span> <span class='ocrx_word' id='word_1_447' title='bbox 3026 2391 3119 2449; x_wconf 88' lang='lat' dir='ltr'><strong>Ps.</strong></span> <span class='ocrx_word' id='word_1_448' title='bbox 3151 2392 3378 2449; x_wconf 88' lang='lat' dir='ltr'><strong>Domine</strong></span> <span class='ocrx_word' id='word_1_449' title='bbox 3408 2394 3632 2448; x_wconf 81' lang='lat' dir='ltr'><strong>exaudi.</strong></span> <span class='ocrx_word' id='word_1_450' title='bbox 3666 2398 3673 2405; x_wconf 74' lang='lat'><strong><em>‘</em></strong></span> 
     </span>
    </p>
   </div>
   <div class='ocr_carea' id='block_1_66' title="bbox 2276 2480 3767 2555">
    <p class='ocr_par' dir='ltr' id='par_1_66' title="bbox 2276 2480 3767 2555">
     <span class='ocr_line' id='line_1_66' title="bbox 2276 2480 3767 2555; baseline -0.001 -16"><span class='ocrx_word' id='word_1_451' title='bbox 2276 2484 2503 2540; x_wconf 83' lang='lat' dir='ltr'><strong>Interim</strong></span> <span class='ocrx_word' id='word_1_452' title='bbox 2531 2485 2775 2539; x_wconf 79' lang='lat' dir='ltr'><strong>sacerdos</strong></span> <span class='ocrx_word' id='word_1_453' title='bbox 2803 2484 2901 2538; x_wconf 80' lang='lat' dir='ltr'><strong>hoc</strong></span> <span class='ocrx_word' id='word_1_454' title='bbox 2931 2484 3087 2538; x_wconf 88' lang='lat' dir='ltr'><strong>modo</strong></span> <span class='ocrx_word' id='word_1_455' title='bbox 3116 2482 3243 2555; x_wconf 82' lang='lat' dir='ltr'><strong>facit</strong></span> <span class='ocrx_word' id='word_1_456' title='bbox 3276 2484 3583 2539; x_wconf 82' lang='lat' dir='ltr'><strong>unctionem</strong></span> <span class='ocrx_word' id='word_1_457' title='bbox 3609 2496 3628 2535; x_wconf 91' lang='lat'><strong><em>:</em></strong></span> <span class='ocrx_word' id='word_1_458' title='bbox 3664 2480 3767 2537; x_wconf 83' lang='lat' dir='ltr'><strong>Pol-</strong></span> 
     </span>
    </p>
   </div>
   <div class='ocr_carea' id='block_1_67' title="bbox 2205 2572 3768 2645">
    <p class='ocr_par' dir='ltr' id='par_1_67' title="bbox 2205 2572 3768 2645">
     <span class='ocr_line' id='line_1_67' title="bbox 2205 2572 3768 2645; baseline 0 -19"><span class='ocrx_word' id='word_1_459' title='bbox 2205 2573 2293 2628; x_wconf 86' lang='lat' dir='ltr'><strong>lici</strong></span> <span class='ocrx_word' id='word_1_460' title='bbox 2320 2574 2493 2628; x_wconf 88' lang='lat' dir='ltr'><strong>oleum</strong></span> <span class='ocrx_word' id='word_1_461' title='bbox 2525 2572 2682 2627; x_wconf 83' lang='lat' dir='ltr'><strong>illinit</strong></span> <span class='ocrx_word' id='word_1_462' title='bbox 2706 2614 2720 2640; x_wconf 92' lang='lat'><strong>,</strong></span> <span class='ocrx_word' id='word_1_463' title='bbox 2752 2582 2799 2627; x_wconf 88' lang='lat' dir='ltr'><strong>et</strong></span> <span class='ocrx_word' id='word_1_464' title='bbox 2828 2589 2947 2626; x_wconf 85' lang='lat' dir='ltr'><strong>cum</strong></span> <span class='ocrx_word' id='word_1_465' title='bbox 2970 2572 3156 2645; x_wconf 86' lang='lat' dir='ltr'><strong>pollice</strong></span> <span class='ocrx_word' id='word_1_466' title='bbox 3184 2574 3389 2643; x_wconf 85' lang='lat' dir='ltr'><strong>signum</strong></span> <span class='ocrx_word' id='word_1_467' title='bbox 3422 2574 3673 2643; x_wconf 78' lang='lat' dir='ltr'><strong>imprimit</strong></span> <span class='ocrx_word' id='word_1_468' title='bbox 3702 2590 3768 2626; x_wconf 82' lang='lat' dir='ltr'><strong>ss-</strong></span> 
     </span>
    </p>
   </div>
   <div class='ocr_carea' id='block_1_68' title="bbox 2203 2665 3770 2740">
    <p class='ocr_par' dir='ltr' id='par_1_68' title="bbox 2203 2665 3770 2740">
     <span class='ocr_line' id='line_1_68' title="bbox 2203 2665 3770 2740; baseline -0.003 -16"><span class='ocrx_word' id='word_1_469' title='bbox 2203 2686 2297 2739; x_wconf 83' lang='lat' dir='ltr'><strong>per</strong></span> <span class='ocrx_word' id='word_1_470' title='bbox 2337 2680 2615 2740; x_wconf 83' lang='lat' dir='ltr'><strong>utrumque</strong></span> <span class='ocrx_word' id='word_1_471' title='bbox 2643 2667 2850 2722; x_wconf 84' lang='lat' dir='ltr'><strong>oculum</strong></span> <span class='ocrx_word' id='word_1_472' title='bbox 2880 2666 2951 2721; x_wconf 88' lang='lat' dir='ltr'><strong>ita</strong></span> <span class='ocrx_word' id='word_1_473' title='bbox 2979 2666 3227 2731; x_wconf 73' lang='lat' dir='ltr'><strong>dicendo,</strong></span> <span class='ocrx_word' id='word_1_474' title='bbox 3255 2665 3485 2738; x_wconf 80' lang='lat' dir='ltr'><strong>singulis</strong></span> <span class='ocrx_word' id='word_1_475' title='bbox 3515 2678 3682 2721; x_wconf 78' lang='lat' dir='ltr'><strong>autem</strong></span> <span class='ocrx_word' id='word_1_476' title='bbox 3710 2665 3770 2719; x_wconf 75' lang='lat' dir='ltr'><strong>ri-</strong></span> 
     </span>
    </p>
   </div>
   <div class='ocr_carea' id='block_1_69' title="bbox 2205 2757 3766 2840">
    <p class='ocr_par' dir='ltr' id='par_1_69' title="bbox 2205 2757 3766 2840">
     <span class='ocr_line' id='line_1_69' title="bbox 2205 2757 3766 2840; baseline -0.003 -26"><span class='ocrx_word' id='word_1_477' title='bbox 2205 2760 2350 2815; x_wconf 86' lang='lat' dir='ltr'><strong>cibus</strong></span> <span class='ocrx_word' id='word_1_478' title='bbox 2401 2759 2675 2830; x_wconf 83' lang='lat' dir='ltr'><strong>repetendo</strong></span> <span class='ocrx_word' id='word_1_479' title='bbox 2705 2772 2723 2810; x_wconf 89' lang='lat'><strong><em>:</em></strong></span> <span class='ocrx_word' id='word_1_480' title='bbox 2753 2757 2857 2812; x_wconf 89' lang='lat' dir='ltr'><strong>Per</strong></span> <span class='ocrx_word' id='word_1_481' title='bbox 2907 2758 3067 2813; x_wconf 88' lang='lat' dir='ltr'><strong>istam</strong></span> <span class='ocrx_word' id='word_1_482' title='bbox 3122 2757 3433 2815; x_wconf 87' lang='lat' dir='ltr'><strong>unctionem</strong></span> <span class='ocrx_word' id='word_1_483' title='bbox 3460 2797 3479 2821; x_wconf 90' lang='lat'><strong>,</strong></span> <span class='ocrx_word' id='word_1_484' title='bbox 3541 2765 3597 2812; x_wconf 90' lang='lat' dir='ltr'><strong>et</strong></span> <span class='ocrx_word' id='word_1_485' title='bbox 3640 2771 3766 2840; x_wconf 53' lang='lat' dir='ltr'><strong>suam</strong></span> 
     </span>
    </p>
   </div>
   <div class='ocr_carea' id='block_1_70' title="bbox 2203 2843 3767 2920">
    <p class='ocr_par' dir='ltr' id='par_1_70' title="bbox 2203 2843 3767 2920">
     <span class='ocr_line' id='line_1_70' title="bbox 2203 2843 3767 2920; baseline -0.003 -17"><span class='ocrx_word' id='word_1_486' title='bbox 2203 2850 2502 2920; x_wconf 89' lang='lat' dir='ltr'><strong>piissimam</strong></span> <span class='ocrx_word' id='word_1_487' title='bbox 2521 2847 2950 2905; x_wconf 88' lang='lat' dir='ltr'><strong>misericordiam</strong></span> <span class='ocrx_word' id='word_1_488' title='bbox 2975 2845 3241 2917; x_wconf 85' lang='lat' dir='ltr'><strong>indulgeat</strong></span> <span class='ocrx_word' id='word_1_489' title='bbox 3261 2846 3356 2902; x_wconf 87' lang='lat' dir='ltr'><strong>tibi</strong></span> <span class='ocrx_word' id='word_1_490' title='bbox 3372 2845 3637 2902; x_wconf 87' lang='lat' dir='ltr'><strong>Dominus</strong></span> <span class='ocrx_word' id='word_1_491' title='bbox 3660 2843 3767 2917; x_wconf 80' lang='lat' dir='ltr'><strong>(les.</strong></span> 
     </span>
    </p>
   </div>
   <div class='ocr_carea' id='block_1_71' title="bbox 2204 2936 3768 3011">
    <p class='ocr_par' dir='ltr' id='par_1_71' title="bbox 2204 2936 3768 3011">
     <span class='ocr_line' id='line_1_71' title="bbox 2204 2936 3768 3011; baseline -0.002 -17"><span class='ocrx_word' id='word_1_492' title='bbox 2204 2939 2432 3011; x_wconf 88' lang='lat' dir='ltr'><strong>Christ.)</strong></span> <span class='ocrx_word' id='word_1_493' title='bbox 2480 2939 2740 3011; x_wconf 82' lang='lat' dir='ltr'><strong>quidquid</strong></span> <span class='ocrx_word' id='word_1_494' title='bbox 2783 2938 3018 3010; x_wconf 86' lang='lat' dir='ltr'><strong>peccasti</strong></span> <span class='ocrx_word' id='word_1_495' title='bbox 3072 2936 3387 3010; x_wconf 84' lang='lat' dir='ltr'><strong>(deliquisti)</strong></span> <span class='ocrx_word' id='word_1_496' title='bbox 3438 2952 3548 3008; x_wconf 83' lang='lat' dir='ltr'><strong>per</strong></span> <span class='ocrx_word' id='word_1_497' title='bbox 3588 2937 3768 2998; x_wconf 82' lang='lat' dir='ltr'><strong>visum.</strong></span> 
     </span>
    </p>
   </div>
   <div class='ocr_carea' id='block_1_72' title="bbox 2204 3029 3769 3102">
    <p class='ocr_par' dir='ltr' id='par_1_72' title="bbox 2204 3029 3769 3102">
     <span class='ocr_line' id='line_1_72' title="bbox 2204 3029 3769 3102; baseline -0.001 -18"><span class='ocrx_word' id='word_1_498' title='bbox 2204 3047 2303 3102; x_wconf 85' lang='lat' dir='ltr'><strong>per</strong></span> <span class='ocrx_word' id='word_1_499' title='bbox 2327 3033 2569 3088; x_wconf 88' lang='lat' dir='ltr'><strong>auditum</strong></span> <span class='ocrx_word' id='word_1_500' title='bbox 2597 3072 2612 3098; x_wconf 91' lang='lat'><strong>,</strong></span> <span class='ocrx_word' id='word_1_501' title='bbox 2648 3046 2743 3102; x_wconf 88' lang='lat' dir='ltr'><strong>per</strong></span> <span class='ocrx_word' id='word_1_502' title='bbox 2770 3041 2986 3102; x_wconf 77' lang='lat' dir='ltr'><strong>gustum</strong></span> <span class='ocrx_word' id='word_1_503' title='bbox 3012 3070 3029 3096; x_wconf 89' lang='lat'><strong>,</strong></span> <span class='ocrx_word' id='word_1_504' title='bbox 3073 3044 3171 3101; x_wconf 84' lang='lat' dir='ltr'><strong>per</strong></span> <span class='ocrx_word' id='word_1_505' title='bbox 3219 3029 3514 3086; x_wconf 86' lang='lat' dir='ltr'><strong>odoratum</strong></span> <span class='ocrx_word' id='word_1_506' title='bbox 3544 3069 3562 3094; x_wconf 90' lang='lat'><strong>,</strong></span> <span class='ocrx_word' id='word_1_507' title='bbox 3588 3043 3677 3100; x_wconf 89' lang='lat' dir='ltr'><strong>per</strong></span> <span class='ocrx_word' id='word_1_508' title='bbox 3712 3036 3769 3081; x_wconf 80' lang='lat' dir='ltr'><strong>ta-</strong></span> 
     </span>
    </p>
   </div>
   <div class='ocr_carea' id='block_1_73' title="bbox 2160 3107 3765 3191">
    <p class='ocr_par' dir='ltr' id='par_1_73' title="bbox 2160 3107 3765 3191">
     <span class='ocr_line' id='line_1_73' title="bbox 2160 3107 3765 3191; baseline -0.006 -14"><span class='ocrx_word' id='word_1_509' title='bbox 2160 3107 2181 3128; x_wconf 78' lang='grc'><strong>’</strong></span> <span class='ocrx_word' id='word_1_510' title='bbox 2205 3131 2374 3187; x_wconf 79' lang='lat' dir='ltr'><strong>stum,</strong></span> <span class='ocrx_word' id='word_1_511' title='bbox 2403 3135 2500 3191; x_wconf 85' lang='lat' dir='ltr'><strong>per</strong></span> <span class='ocrx_word' id='word_1_512' title='bbox 2526 3120 2793 3175; x_wconf 89' lang='lat' dir='ltr'><strong>incessum</strong></span> <span class='ocrx_word' id='word_1_513' title='bbox 2824 3115 3088 3189; x_wconf 89' lang='lat' dir='ltr'><strong>(pedum),</strong></span> <span class='ocrx_word' id='word_1_514' title='bbox 3116 3131 3214 3187; x_wconf 83' lang='lat' dir='ltr'><strong>per</strong></span> <span class='ocrx_word' id='word_1_515' title='bbox 3242 3115 3502 3174; x_wconf 84' lang='lat' dir='ltr'><strong>ardorem</strong></span> <span class='ocrx_word' id='word_1_516' title='bbox 3543 3116 3765 3172; x_wconf 84' lang='lat' dir='ltr'><strong>libidinis.</strong></span> 
     </span>
    </p>
   </div>
   <div class='ocr_carea' id='block_1_74' title="bbox 2299 3210 3711 3283">
    <p class='ocr_par' dir='ltr' id='par_1_74' title="bbox 2299 3210 3711 3283">
     <span class='ocr_line' id='line_1_74' title="bbox 2299 3210 3711 3283; baseline -0.006 -14"><span class='ocrx_word' id='word_1_517' title='bbox 2299 3213 2493 3269; x_wconf 86' lang='lat' dir='ltr'><strong>Postea</strong></span> <span class='ocrx_word' id='word_1_518' title='bbox 2529 3228 2707 3283; x_wconf 84' lang='lat' dir='ltr'><strong>preces</strong></span> <span class='ocrx_word' id='word_1_519' title='bbox 2735 3212 2855 3267; x_wconf 69' lang='lat' dir='ltr'><strong>istic</strong></span> <span class='ocrx_word' id='word_1_520' title='bbox 2879 3228 3000 3266; x_wconf 85' lang='lat' dir='ltr'><strong>cum</strong></span> <span class='ocrx_word' id='word_1_521' title='bbox 3033 3228 3141 3282; x_wconf 87' lang='lat' dir='ltr'><strong>seq.</strong></span> <span class='ocrx_word' id='word_1_522' title='bbox 3171 3210 3401 3265; x_wconf 86' lang='lat' dir='ltr'><strong>collectis</strong></span> <span class='ocrx_word' id='word_1_523' title='bbox 3429 3211 3711 3265; x_wconf 73' lang='lat' dir='ltr'><strong>dicuntur:</strong></span> 
     </span>
    </p>
   </div>
   <div class='ocr_carea' id='block_1_75' title="bbox 2278 3301 3767 3374">
    <p class='ocr_par' dir='ltr' id='par_1_75' title="bbox 2278 3301 3767 3374">
     <span class='ocr_line' id='line_1_75' title="bbox 2278 3301 3767 3374; baseline -0.005 -13"><span class='ocrx_word' id='word_1_524' title='bbox 2278 3305 2500 3361; x_wconf 85' lang='lat' dir='ltr'><strong>Salvum</strong></span> <span class='ocrx_word' id='word_1_525' title='bbox 2557 3301 2826 3374; x_wconf 89' lang='lat' dir='ltr'><strong>(salvam)</strong></span> <span class='ocrx_word' id='word_1_526' title='bbox 2871 3303 2957 3360; x_wconf 81' lang='lat' dir='ltr'><strong>fac</strong></span> <span class='ocrx_word' id='word_1_527' title='bbox 2999 3318 3214 3360; x_wconf 81' lang='lat' dir='ltr'><strong>servum</strong></span> <span class='ocrx_word' id='word_1_528' title='bbox 3272 3301 3600 3374; x_wconf 85' lang='lat' dir='ltr'><strong>(ancillam)</strong></span> <span class='ocrx_word' id='word_1_529' title='bbox 3647 3309 3767 3356; x_wconf 69' lang='lat' dir='ltr'><strong>tuum</strong></span> 
     </span>
    </p>
   </div>
   <div class='ocr_carea' id='block_1_76' title="bbox 2206 3388 2991 3471">
    <p class='ocr_par' dir='ltr' id='par_1_76' title="bbox 2206 3388 2991 3471">
     <span class='ocr_line' id='line_1_76' title="bbox 2206 3388 2991 3471; baseline -0.004 -19"><span class='ocrx_word' id='word_1_530' title='bbox 2206 3395 2399 3471; x_wconf 87' lang='lat' dir='ltr'><strong>(tuam)</strong></span> <span class='ocrx_word' id='word_1_531' title='bbox 2966 3412 2969 3417; x_wconf 84' lang='grc'><strong>·</strong></span> <span class='ocrx_word' id='word_1_532' title='bbox 2988 3388 2991 3391; x_wconf 82' lang='grc'><em>’</em></span> 
     </span>
    </p>
   </div>
   <div class='ocr_carea' id='block_1_77' title="bbox 2275 3483 3354 3544">
    <p class='ocr_par' dir='ltr' id='par_1_77' title="bbox 2275 3483 3354 3544">
     <span class='ocr_line' id='line_1_77' title="bbox 2275 3483 3354 3544; baseline -0.001 -2"><span class='ocrx_word' id='word_1_533' title='bbox 2275 3487 2426 3544; x_wconf 71' lang='lat' dir='ltr'><strong>Mitte</strong></span> <span class='ocrx_word' id='word_1_534' title='bbox 2447 3488 2497 3543; x_wconf 89' lang='lat' dir='ltr'><strong>ei</strong></span> <span class='ocrx_word' id='word_1_535' title='bbox 2522 3487 2749 3544; x_wconf 90' lang='lat' dir='ltr'><strong>Domine</strong></span> <span class='ocrx_word' id='word_1_536' title='bbox 2767 3483 3029 3544; x_wconf 73' lang='lat' dir='ltr'><strong>auxilium</strong></span> <span class='ocrx_word' id='word_1_537' title='bbox 3052 3488 3121 3544; x_wconf 91' lang='lat' dir='ltr'><strong>de</strong></span> <span class='ocrx_word' id='word_1_538' title='bbox 3144 3493 3354 3544; x_wconf 79' lang='lat' dir='ltr'><strong>saneto.</strong></span> 
     </span>
    </p>
   </div>
   <div class='ocr_carea' id='block_1_78' title="bbox 2278 3576 3313 3650">
    <p class='ocr_par' dir='ltr' id='par_1_78' title="bbox 2278 3576 3313 3650">
     <span class='ocr_line' id='line_1_78' title="bbox 2278 3576 3313 3650; baseline 0 -16"><span class='ocrx_word' id='word_1_539' title='bbox 2278 3578 2425 3635; x_wconf 83' lang='lat' dir='ltr'><strong>Nihil</strong></span> <span class='ocrx_word' id='word_1_540' title='bbox 2453 3579 2707 3650; x_wconf 79' lang='lat' dir='ltr'><strong>proficiat</strong></span> <span class='ocrx_word' id='word_1_541' title='bbox 2734 3579 2984 3635; x_wconf 86' lang='lat' dir='ltr'><strong>inimicus</strong></span> <span class='ocrx_word' id='word_1_542' title='bbox 3014 3579 3068 3633; x_wconf 90' lang='lat' dir='ltr'><strong>in</strong></span> <span class='ocrx_word' id='word_1_543' title='bbox 3088 3591 3156 3635; x_wconf 83' lang='lat' dir='ltr'><strong>eo</strong></span> <span class='ocrx_word' id='word_1_544' title='bbox 3183 3576 3313 3648; x_wconf 85' lang='lat' dir='ltr'><strong>(ea).</strong></span> 
     </span>
    </p>
   </div>
   <div class='ocr_carea' id='block_1_79' title="bbox 2131 3650 3310 3728">
    <p class='ocr_par' dir='ltr' id='par_1_79' title="bbox 2131 3650 3310 3728">
     <span class='ocr_line' id='line_1_79' title="bbox 2131 3650 3310 3728; baseline -0.003 1"><span class='ocrx_word' id='word_1_545' title='bbox 2131 3650 2178 3711; x_wconf 86' lang='lat' dir='ltr'><strong>C</strong></span> <span class='ocrx_word' id='word_1_546' title='bbox 2283 3671 2418 3728; x_wconf 77' lang='lat' dir='ltr'><strong>Esto</strong></span> <span class='ocrx_word' id='word_1_547' title='bbox 2440 3673 2488 3727; x_wconf 89' lang='lat' dir='ltr'><strong>ei</strong></span> <span class='ocrx_word' id='word_1_548' title='bbox 2518 3671 2748 3726; x_wconf 85' lang='lat' dir='ltr'><strong>Domine</strong></span> <span class='ocrx_word' id='word_1_549' title='bbox 2768 3670 2936 3727; x_wconf 85' lang='lat' dir='ltr'><strong>turris</strong></span> <span class='ocrx_word' id='word_1_550' title='bbox 2962 3670 3310 3726; x_wconf 69' lang='lat' dir='ltr'><strong>fortitudinis.</strong></span> 
     </span>
    </p>
   </div>
   <div class='ocr_carea' id='block_1_80' title="bbox 2550 3760 3457 3818">
    <p class='ocr_par' dir='ltr' id='par_1_80' title="bbox 2550 3760 3457 3818">
     <span class='ocr_line' id='line_1_80' title="bbox 2550 3760 3457 3818; baseline -0.002 0"><span class='ocrx_word' id='word_1_551' title='bbox 2550 3762 2812 3818; x_wconf 82' lang='lat' dir='ltr'><strong>Dominus</strong></span> <span class='ocrx_word' id='word_1_552' title='bbox 2835 3763 3134 3818; x_wconf 87' lang='lat' dir='ltr'><strong>vobiscum.</strong></span> <span class='ocrx_word' id='word_1_553' title='bbox 3213 3760 3457 3816; x_wconf 77' lang='lat' dir='ltr'><strong>Oremus.</strong></span> 
     </span>
    </p>
   </div>
   <div class='ocr_carea' id='block_1_81' title="bbox 2287 3852 3767 3927">
    <p class='ocr_par' dir='ltr' id='par_1_81' title="bbox 2287 3852 3767 3927">
     <span class='ocr_line' id='line_1_81' title="bbox 2287 3852 3767 3927; baseline -0.006 -15"><span class='ocrx_word' id='word_1_554' title='bbox 2287 3857 2460 3924; x_wconf 88' lang='lat' dir='ltr'><strong>Deus,</strong></span> <span class='ocrx_word' id='word_1_555' title='bbox 2490 3857 2582 3927; x_wconf 88' lang='lat' dir='ltr'><strong>qui</strong></span> <span class='ocrx_word' id='word_1_556' title='bbox 2630 3856 2833 3911; x_wconf 80' lang='lat' dir='ltr'><strong>famulo</strong></span> <span class='ocrx_word' id='word_1_557' title='bbox 2881 3864 2975 3911; x_wconf 91' lang='lat' dir='ltr'><strong>tuo</strong></span> <span class='ocrx_word' id='word_1_558' title='bbox 2998 3863 3083 3911; x_wconf 89' lang='lat' dir='ltr'><strong>ter</strong></span> <span class='ocrx_word' id='word_1_559' title='bbox 3119 3855 3315 3925; x_wconf 87' lang='lat' dir='ltr'><strong>quinos</strong></span> <span class='ocrx_word' id='word_1_560' title='bbox 3339 3866 3517 3909; x_wconf 79' lang='lat' dir='ltr'><strong>annos</strong></span> <span class='ocrx_word' id='word_1_561' title='bbox 3543 3853 3609 3907; x_wconf 79' lang='lat' dir='ltr'><strong>ad</strong></span> <span class='ocrx_word' id='word_1_562' title='bbox 3633 3852 3767 3905; x_wconf 78' lang='lat' dir='ltr'><strong>vitam</strong></span> 
     </span>
    </p>
   </div>
   <div class='ocr_carea' id='block_1_82' title="bbox 2216 3946 3769 4019">
    <p class='ocr_par' dir='ltr' id='par_1_82' title="bbox 2216 3946 3769 4019">
     <span class='ocr_line' id='line_1_82' title="bbox 2216 3946 3769 4019; baseline -0.005 -14"><span class='ocrx_word' id='word_1_563' title='bbox 2216 3949 2448 4015; x_wconf 84' lang='lat' dir='ltr'><strong>donasti,</strong></span> <span class='ocrx_word' id='word_1_564' title='bbox 2481 3949 2554 4004; x_wconf 88' lang='lat' dir='ltr'><strong>ita</strong></span> <span class='ocrx_word' id='word_1_565' title='bbox 2578 3959 2634 4005; x_wconf 89' lang='lat' dir='ltr'><strong>et</strong></span> <span class='ocrx_word' id='word_1_566' title='bbox 2658 3949 2916 4004; x_wconf 77' lang='lat' dir='ltr'><strong>famulum</strong></span> <span class='ocrx_word' id='word_1_567' title='bbox 2943 3956 3095 4003; x_wconf 88' lang='lat' dir='ltr'><strong>tuum</strong></span> <span class='ocrx_word' id='word_1_568' title='bbox 3123 3963 3153 4003; x_wconf 91' lang='lat' dir='ltr'><strong>a</strong></span> <span class='ocrx_word' id='word_1_569' title='bbox 3194 3947 3335 4004; x_wconf 88' lang='lat' dir='ltr'><strong>lecto</strong></span> <span class='ocrx_word' id='word_1_570' title='bbox 3363 3946 3679 4019; x_wconf 73' lang='lat' dir='ltr'><strong>egritudinis</strong></span> <span class='ocrx_word' id='word_1_571' title='bbox 3698 3953 3769 3997; x_wconf 80' lang='lat' dir='ltr'><strong>tua</strong></span> 
     </span>
    </p>
   </div>
   <div class='ocr_carea' id='block_1_83' title="bbox 2214 4038 3177 4112">
    <p class='ocr_par' dir='ltr' id='par_1_83' title="bbox 2214 4038 3177 4112">
     <span class='ocr_line' id='line_1_83' title="bbox 2214 4038 3177 4112; baseline -0.001 -17"><span class='ocrx_word' id='word_1_572' title='bbox 2214 4041 2453 4112; x_wconf 83' lang='lat' dir='ltr'><strong>potentia</strong></span> <span class='ocrx_word' id='word_1_573' title='bbox 2477 4042 2649 4111; x_wconf 83' lang='lat' dir='ltr'><strong>erigat</strong></span> <span class='ocrx_word' id='word_1_574' title='bbox 2674 4040 2745 4096; x_wconf 89' lang='lat' dir='ltr'><strong>ad</strong></span> <span class='ocrx_word' id='word_1_575' title='bbox 2773 4040 3022 4095; x_wconf 86' lang='lat' dir='ltr'><strong>salutem.</strong></span> <span class='ocrx_word' id='word_1_576' title='bbox 3053 4038 3177 4095; x_wconf 85' lang='lat' dir='ltr'><strong>Per.</strong></span> 
     </span>
    </p>
   </div>
   <div class='ocr_carea' id='block_1_84' title="bbox 2258 4116 3769 4201">
    <p class='ocr_par' dir='ltr' id='par_1_84' title="bbox 2258 4116 3769 4201">
     <span class='ocr_line' id='line_1_84' title="bbox 2258 4116 3769 4201; baseline -0.006 -16"><span class='ocrx_word' id='word_1_577' title='bbox 2258 4130 2515 4201; x_wconf 68' lang='lat' dir='ltr'><strong>Despice</strong></span> <span class='ocrx_word' id='word_1_578' title='bbox 2567 4132 2794 4187; x_wconf 90' lang='lat' dir='ltr'><strong>Domine</strong></span> <span class='ocrx_word' id='word_1_579' title='bbox 2841 4128 3103 4185; x_wconf 79' lang='lat' dir='ltr'><strong>famulum</strong></span> <span class='ocrx_word' id='word_1_580' title='bbox 3152 4137 3303 4184; x_wconf 87' lang='lat' dir='ltr'><strong>tuum</strong></span> <span class='ocrx_word' id='word_1_581' title='bbox 3351 4124 3666 4185; x_wconf 81' lang='lat' dir='ltr'><strong>inﬁrmitate</strong></span> <span class='ocrx_word' id='word_1_582' title='bbox 3701 4116 3769 4178; x_wconf 73' lang='lat' dir='ltr'><strong>sui</strong></span> 
     </span>
    </p>
   </div>
   <div class='ocr_carea' id='block_1_85' title="bbox 2215 4220 3771 4293">
    <p class='ocr_par' dir='ltr' id='par_1_85' title="bbox 2215 4220 3771 4293">
     <span class='ocr_line' id='line_1_85' title="bbox 2215 4220 3771 4293; baseline -0.006 -15"><span class='ocrx_word' id='word_1_583' title='bbox 2215 4223 2461 4293; x_wconf 89' lang='lat' dir='ltr'><strong>corporis</strong></span> <span class='ocrx_word' id='word_1_584' title='bbox 2492 4222 2853 4288; x_wconf 84' lang='lat' dir='ltr'><strong>laborantem,</strong></span> <span class='ocrx_word' id='word_1_585' title='bbox 2884 4228 2941 4276; x_wconf 88' lang='lat' dir='ltr'><strong>et</strong></span> <span class='ocrx_word' id='word_1_586' title='bbox 2959 4221 3195 4276; x_wconf 83' lang='lat' dir='ltr'><strong>animam</strong></span> <span class='ocrx_word' id='word_1_587' title='bbox 3222 4220 3429 4285; x_wconf 75' lang='lat' dir='ltr'><strong>refove,</strong></span> <span class='ocrx_word' id='word_1_588' title='bbox 3455 4234 3619 4291; x_wconf 84' lang='lat' dir='ltr'><strong>quam</strong></span> <span class='ocrx_word' id='word_1_589' title='bbox 3642 4229 3771 4272; x_wconf 77' lang='lat' dir='ltr'><strong>cm-</strong></span> 
     </span>
    </p>
   </div>
   <div class='ocr_carea' id='block_1_86' title="bbox 2216 4313 3767 4384">
    <p class='ocr_par' dir='ltr' id='par_1_86' title="bbox 2216 4313 3767 4384">
     <span class='ocr_line' id='line_1_86' title="bbox 2216 4313 3767 4384; baseline -0.003 -14"><span class='ocrx_word' id='word_1_590' title='bbox 2216 4317 2318 4382; x_wconf 84' lang='lat' dir='ltr'><strong>sti;</strong></span> <span class='ocrx_word' id='word_1_591' title='bbox 2346 4322 2406 4369; x_wconf 90' lang='lat' dir='ltr'><strong>ut</strong></span> <span class='ocrx_word' id='word_1_592' title='bbox 2443 4313 2887 4384; x_wconf 76' lang='lat' dir='ltr'><strong>castigationibus</strong></span> <span class='ocrx_word' id='word_1_593' title='bbox 2921 4313 3244 4370; x_wconf 85' lang='lat' dir='ltr'><strong>emendatus</strong></span> <span class='ocrx_word' id='word_1_594' title='bbox 3286 4314 3552 4368; x_wconf 86' lang='lat' dir='ltr'><strong>continuo</strong></span> <span class='ocrx_word' id='word_1_595' title='bbox 3575 4326 3631 4368; x_wconf 89' lang='lat' dir='ltr'><strong>se</strong></span> <span class='ocrx_word' id='word_1_596' title='bbox 3665 4324 3767 4365; x_wconf 82' lang='lat' dir='ltr'><strong>scn-</strong></span> 
     </span>
    </p>
   </div>
   <div class='ocr_carea' id='block_1_87' title="bbox 2217 4404 3766 4463">
    <p class='ocr_par' dir='ltr' id='par_1_87' title="bbox 2217 4404 3766 4463">
     <span class='ocr_line' id='line_1_87' title="bbox 2217 4404 3766 4463; baseline -0.006 -1"><span class='ocrx_word' id='word_1_597' title='bbox 2217 4409 2318 4463; x_wconf 86' lang='lat' dir='ltr'><strong>tiat</strong></span> <span class='ocrx_word' id='word_1_598' title='bbox 2348 4418 2436 4462; x_wconf 91' lang='lat' dir='ltr'><strong>tua</strong></span> <span class='ocrx_word' id='word_1_599' title='bbox 2471 4404 2737 4462; x_wconf 89' lang='lat' dir='ltr'><strong>medicina</strong></span> <span class='ocrx_word' id='word_1_600' title='bbox 2763 4404 3051 4461; x_wconf 84' lang='lat' dir='ltr'><strong>salvatum.</strong></span> <span class='ocrx_word' id='word_1_601' title='bbox 3077 4404 3180 4461; x_wconf 88' lang='lat' dir='ltr'><strong>Per</strong></span> <span class='ocrx_word' id='word_1_602' title='bbox 3202 4404 3480 4461; x_wconf 86' lang='lat' dir='ltr'><strong>Christum</strong></span> <span class='ocrx_word' id='word_1_603' title='bbox 3516 4404 3766 4461; x_wconf 81' lang='lat' dir='ltr'><strong>Dominum</strong></span> 
     </span>
    </p>
   </div>
   <div class='ocr_carea' id='block_1_88' title="bbox 2216 4510 2481 4556">
    <p class='ocr_par' dir='ltr' id='par_1_88' title="bbox 2216 4510 2481 4556">
     <span class='ocr_line' id='line_1_88' title="bbox 2216 4510 2481 4556; baseline -0.015 0"><span class='ocrx_word' id='word_1_604' title='bbox 2216 4510 2481 4556; x_wconf 86' lang='lat' dir='ltr'><strong>nostrum.</strong></span> 
     </span>
    </p>
   </div>
   <div class='ocr_carea' id='block_1_89' title="bbox 2286 4584 3766 4662">
    <p class='ocr_par' dir='ltr' id='par_1_89' title="bbox 2286 4584 3766 4662">
     <span class='ocr_line' id='line_1_89' title="bbox 2286 4584 3766 4662; baseline -0.004 -16"><span class='ocrx_word' id='word_1_605' title='bbox 2286 4592 2430 4646; x_wconf 89' lang='lat' dir='ltr'><strong>Deus</strong></span> <span class='ocrx_word' id='word_1_606' title='bbox 2458 4590 2548 4661; x_wconf 88' lang='lat' dir='ltr'><strong>qui</strong></span> <span class='ocrx_word' id='word_1_607' title='bbox 2594 4589 2818 4646; x_wconf 75' lang='lat' dir='ltr'><strong>facturae</strong></span> <span class='ocrx_word' id='word_1_608' title='bbox 2866 4598 2972 4647; x_wconf 83' lang='lat' dir='ltr'><strong>tuae</strong></span> <span class='ocrx_word' id='word_1_609' title='bbox 3016 4592 3108 4662; x_wconf 90' lang='lat' dir='ltr'><strong>pio</strong></span> <span class='ocrx_word' id='word_1_610' title='bbox 3136 4606 3352 4661; x_wconf 85' lang='lat' dir='ltr'><strong>semper</strong></span> <span class='ocrx_word' id='word_1_611' title='bbox 3372 4591 3666 4647; x_wconf 86' lang='lat' dir='ltr'><strong>dominaris</strong></span> <span class='ocrx_word' id='word_1_612' title='bbox 3699 4584 3766 4642; x_wconf 80' lang='lat' dir='ltr'><strong>ai-</strong></span> 
     </span>
    </p>
   </div>
   <div class='ocr_carea' id='block_1_90' title="bbox 2216 4681 3763 4755">
    <p class='ocr_par' dir='ltr' id='par_1_90' title="bbox 2216 4681 3763 4755">
     <span class='ocr_line' id='line_1_90' title="bbox 2216 4681 3763 4755; baseline -0.004 -16"><span class='ocrx_word' id='word_1_613' title='bbox 2216 4684 2384 4751; x_wconf 89' lang='lat' dir='ltr'><strong>l&#39;ectu,</strong></span> <span class='ocrx_word' id='word_1_614' title='bbox 2427 4684 2629 4741; x_wconf 88' lang='lat' dir='ltr'><strong>inclina</strong></span> <span class='ocrx_word' id='word_1_615' title='bbox 2658 4699 2844 4740; x_wconf 89' lang='lat' dir='ltr'><strong>aurem</strong></span> <span class='ocrx_word' id='word_1_616' title='bbox 2876 4692 3022 4740; x_wconf 89' lang='lat' dir='ltr'><strong>tuam</strong></span> <span class='ocrx_word' id='word_1_617' title='bbox 3064 4684 3548 4755; x_wconf 83' lang='lat' dir='ltr'><strong>supplicationibus</strong></span> <span class='ocrx_word' id='word_1_618' title='bbox 3576 4681 3763 4743; x_wconf 85' lang='lat' dir='ltr'><strong>nostris,</strong></span> 
     </span>
    </p>
   </div>
   <div class='ocr_carea' id='block_1_91' title="bbox 2185 4775 3766 4842">
    <p class='ocr_par' dir='ltr' id='par_1_91' title="bbox 2185 4775 3766 4842">
     <span class='ocr_line' id='line_1_91' title="bbox 2185 4775 3766 4842; baseline -0.005 -10"><span class='ocrx_word' id='word_1_619' title='bbox 2185 4786 2273 4832; x_wconf 83' lang='lat' dir='ltr'><strong>&#39;ct</strong></span> <span class='ocrx_word' id='word_1_620' title='bbox 2315 4776 2572 4831; x_wconf 78' lang='lat' dir='ltr'><strong>famulum</strong></span> <span class='ocrx_word' id='word_1_621' title='bbox 2621 4783 2773 4830; x_wconf 89' lang='lat' dir='ltr'><strong>tuum</strong></span> <span class='ocrx_word' id='word_1_622' title='bbox 2820 4789 2887 4830; x_wconf 83' lang='lat' dir='ltr'><strong>ex</strong></span> <span class='ocrx_word' id='word_1_623' title='bbox 2943 4776 3167 4830; x_wconf 79' lang='lat' dir='ltr'><strong>adversa</strong></span> <span class='ocrx_word' id='word_1_624' title='bbox 3210 4775 3519 4831; x_wconf 86' lang='lat' dir='ltr'><strong>valetudine</strong></span> <span class='ocrx_word' id='word_1_625' title='bbox 3560 4784 3766 4842; x_wconf 79' lang='lat' dir='ltr'><strong>corporis</strong></span> 
     </span>
    </p>
   </div>
   <div class='ocr_carea' id='block_1_92' title="bbox 2220 4859 3761 4942">
    <p class='ocr_par' dir='ltr' id='par_1_92' title="bbox 2220 4859 3761 4942">
     <span class='ocr_line' id='line_1_92' title="bbox 2220 4859 3761 4942; baseline -0.005 -21"><span class='ocrx_word' id='word_1_626' title='bbox 2220 4866 2554 4922; x_wconf 83' lang='lat' dir='ltr'><strong>laborantem</strong></span> <span class='ocrx_word' id='word_1_627' title='bbox 2595 4865 2841 4935; x_wconf 88' lang='lat' dir='ltr'><strong>placatus</strong></span> <span class='ocrx_word' id='word_1_628' title='bbox 2893 4867 3216 4936; x_wconf 87' lang='lat' dir='ltr'><strong>respice,et</strong></span> <span class='ocrx_word' id='word_1_629' title='bbox 3266 4866 3423 4920; x_wconf 76' lang='lat' dir='ltr'><strong>visita</strong></span> <span class='ocrx_word' id='word_1_630' title='bbox 3472 4867 3528 4942; x_wconf 87' lang='lat' dir='ltr'><strong>in</strong></span> <span class='ocrx_word' id='word_1_631' title='bbox 3576 4859 3761 4922; x_wconf 80' lang='lat' dir='ltr'><strong>salutari</strong></span> 
     </span>
    </p>
   </div>
   <div class='ocr_carea' id='block_1_93' title="bbox 2225 4952 3765 5027">
    <p class='ocr_par' dir='ltr' id='par_1_93' title="bbox 2225 4952 3765 5027">
     <span class='ocr_line' id='line_1_93' title="bbox 2225 4952 3765 5027; baseline -0.005 -16"><span class='ocrx_word' id='word_1_632' title='bbox 2225 4966 2315 5012; x_wconf 89' lang='lat' dir='ltr'><strong>tuo</strong></span> <span class='ocrx_word' id='word_1_633' title='bbox 2341 4997 2355 5022; x_wconf 92' lang='lat'><strong>,</strong></span> <span class='ocrx_word' id='word_1_634' title='bbox 2402 4971 2467 5012; x_wconf 87' lang='lat' dir='ltr'><strong>ac</strong></span> <span class='ocrx_word' id='word_1_635' title='bbox 2519 4955 2760 5012; x_wconf 80' lang='lat' dir='ltr'><strong>ctelestis</strong></span> <span class='ocrx_word' id='word_1_636' title='bbox 2813 4957 2999 5027; x_wconf 81' lang='lat' dir='ltr'><strong>gratia:</strong></span> <span class='ocrx_word' id='word_1_637' title='bbox 3053 4965 3249 5026; x_wconf 62' lang='lat' dir='ltr'><strong>praesta</strong></span> <span class='ocrx_word' id='word_1_638' title='bbox 3298 4955 3639 5012; x_wconf 86' lang='lat' dir='ltr'><strong>medicinam.</strong></span> <span class='ocrx_word' id='word_1_639' title='bbox 3685 4952 3765 5006; x_wconf 70' lang='lat' dir='ltr'><strong>Per</strong></span> 
     </span>
    </p>
   </div>
   <div class='ocr_carea' id='block_1_94' title="bbox 2224 5046 2520 5102">
    <p class='ocr_par' dir='ltr' id='par_1_94' title="bbox 2224 5046 2520 5102">
     <span class='ocr_line' id='line_1_94' title="bbox 2224 5046 2520 5102; baseline -0.007 0"><span class='ocrx_word' id='word_1_640' title='bbox 2224 5046 2520 5102; x_wconf 88' lang='lat' dir='ltr'><strong>Christum.</strong></span> 
     </span>
    </p>
   </div>
   <div class='ocr_carea' id='block_1_95' title="bbox 2295 5134 3736 5164">
    <p class='ocr_par' dir='ltr' id='par_1_95' title="bbox 2295 5134 3736 5164">
     <span class='ocr_line' id='line_1_95' title="bbox 2295 5134 3736 5164; baseline 0 0"><span class='ocrx_word' id='word_1_641' title='bbox 2295 5135 2436 5164; x_wconf 66' lang='lat' dir='ltr'><strong>nm...</strong></span> <span class='ocrx_word' id='word_1_642' title='bbox 2480 5137 2568 5164; x_wconf 66' lang='grc' dir='ltr'><strong>-..ξ</strong></span> <span class='ocrx_word' id='word_1_643' title='bbox 2615 5136 2851 5164; x_wconf 54' lang='lat' dir='ltr'><strong>hum---</strong></span> <span class='ocrx_word' id='word_1_644' title='bbox 2904 5137 3084 5164; x_wconf 60' lang='grc' dir='ltr'><strong>..ιι--..2</strong></span> <span class='ocrx_word' id='word_1_645' title='bbox 3161 5144 3213 5164; x_wconf 64' lang='grc' dir='ltr'><strong>Α.</strong></span> <span class='ocrx_word' id='word_1_646' title='bbox 3255 5136 3444 5164; x_wconf 60' lang='grc' dir='ltr'><strong>..-Ιηιξα</strong></span> <span class='ocrx_word' id='word_1_647' title='bbox 3475 5134 3736 5164; x_wconf 54' lang='grc' dir='ltr'><strong>...ι-ΑΒΜ</strong></span> 
     </span>
    </p>
   </div>
  </div>
