3962 6326
122 417 253 469 1001

1121 415 1304 470 ORDO
1341 415 1431 469 AD
1474 413 1886 470 VISITANDUM
1929 415 2286 471 INFIRMUM.

3213 404 3349 460 1002

118 529 372 600 przecepti
406 528 478 583 tui
506 536 769 598 potestate
798 528 1028 596 repellis,
1066 529 1249 582 adesto
1275 527 1533 596 propitius
1560 527 1685 580 huic
1711 533 1757 588 Α
1787 532 2017 585 secunda
2045 532 2333 600 possideat.
2368 531 2484 586 Tibi
2511 546 2610 599 ego
2645 530 2868 585 Domine
2890 569 2904 594 ,
2945 525 3210 598 supplices
3237 543 3360 596 pre-

115 619 324 673 t‘amulo
359 627 480 683 tuo;
518 628 574 671 ut
621 617 816 688 fugatis
853 617 1252 671 inﬁrmitatibus
1293 627 1347 670 et
1377 616 1578 670 viribus
1608 630 1690 668 rc-

115 709 316 777 ccptis,
347 721 541 761 nomen
571 717 813 762 sanctum
839 717 986 761 tuum
1010 708 1301 763 instaurata
1330 707 1572 778 protinus
1600 719 1688 759 sa-

119 803 293 855 nitate
318 801 617 856 benedicat.
653 800 754 854 Per
777 801 844 854 X.

195 890 420 945 Domine
462 903 647 946 sancte
694 891 859 945 Pater
902 891 1241 961 omnipotens
1278 899 1477 946 :etcrne
1517 889 1692 953 Deus,

1791 635 1901 684 ccs,
1935 621 2026 673 tibi
2078 621 2260 675 fletum
2305 621 2482 676 cordis
2507 620 2866 684 effundimus;
2901 629 2956 674 tu
3000 634 3163 688 parce
3192 618 3360 673 conﬁ-

1792 709 1924 762 tcnti
1943 749 1956 772 ,
1989 720 2046 762 ut
2073 710 2149 764 sic
2178 710 2229 763 in
2259 711 2361 765 hac
2385 709 2713 764 mortalitate
2739 717 2958 778 peccata
2995 723 3090 762 sua
3121 717 3174 763 te
3201 705 3356 776 adju-

1791 807 1953 852 vante
1980 797 2211 862 deﬂeat,
2247 797 2479 868 qualiter
2506 800 2558 852 in
2588 798 2848 853 tremendi
2893 795 3082 865 iudicii
3112 796 3197 852 die
3239 811 3363 850 sen-

1795 889 2017 943 tentiam
2063 900 2277 945 αξιοι-ηερ
2326 890 2689 945 damnationis
2728 889 2966 953 evadat,
3018 899 3073 942 et
3117 889 3318 943 nesciat
3345 931 3361 953 ,

121 981 218 1051 qui
260 979 607 1052 fragilitatem
655 981 974 1036 conditionis
1015 989 1212 1035 nostra:
1259 979 1432 1034 infusa
1483 979 1697 1033 virtutis
1783 981 1935 1048 quod
1971 989 2139 1035 terret
2164 981 2219 1035 in
2267 981 2534 1046 tenebris,
2572 981 2718 1050 quod
2759 980 2951 1034 stridet
2996 980 3049 1033 in
3094 978 3360 1043 ﬂammis;

121 1085 233 1128 tua:
262 1072 572 1144 dignatione
615 1073 938 1137 conﬁrmas,
983 1081 1042 1127 ut
1091 1071 1416 1127 salutaribus
1445 1069 1696 1125 remediis

123 1164 345 1233 pietatis
379 1171 481 1217 tua:
529 1177 756 1233 corpora
795 1173 979 1218 nostra
1021 1171 1075 1218 et
1112 1161 1352 1216 membra
1386 1169 1700 1230 vegetentur

125 1271 295 1325 super
321 1254 466 1308 hunc
507 1253 762 1308 famulum
805 1266 976 1320 tuum,
1005 1252 1323 1324 propitiatus
1357 1251 1610 1305 intende:
1642 1259 1701 1304 ut

113 1347 274 1400 omni
304 1346 625 1401 necessitate
651 1359 920 1416 corporeae
963 1343 1292 1399 inﬁrmitatis
1329 1342 1544 1401 exclusa
1576 1354 1699 1410 gra-

125 1439 202 1490 tia
237 1439 290 1490 in
319 1452 386 1491 eo
418 1437 658 1508 pristinae
701 1435 950 1490 sanitatis
978 1433 1222 1502 .perfecta
1271 1441 1568 1504 reparetur.
1592 1429 1701 1486 Per

127 1528 440 1582 Dominum.

201 1617 432 1681 Exaudi,
458 1616 696 1679 Domine,
721 1628 910 1686 preces
931 1624 1163 1681 nostras,
1187 1623 1242 1670 et
1273 1613 1368 1670 tibi
1396 1613 1702 1669 conﬁtentis

123 1723 292 1779 parce
321 1709 589 1778 peccatis;
617 1715 676 1762 ut
704 1707 1231 1777 quem'couscientia:
1261 1714 1441 1761 reatus
1461 1712 1701 1771 accusat,

123 1799 462 1870 indulgentia
487 1806 589 1852 ture
615 1797 976 1852 miserationis
1002 1796 1262 1852 absolvat.
1285 1794 1414 1850 'Per.

1795 1079 1958 1139 atque
1993 1070 2061 1123 ab
2089 1071 2291 1126 erroris
2317 1071 2403 1124 via
2433 1071 2500 1126 ad
2535 1071 2636 1125 iter
2664 1069 2892 1126 reversis
2911 1069 3134 1139 justitiaa
3167 1083 3366 1138 nequa-

1797 1179 1957 1233 quam
2003 1162 2143 1218 ultra
2186 1163 2496 1218 vulneribus
2533 1163 2824 1228 saucietur,
2858 1164 2953 1218 sed
2997 1165 3265 1233 integrum
3296 1163 3368 1217 sit

1798 1255 1872 1318 ei,
1901 1264 2064 1325 atque
2085 1264 2422 1324 perpetuum,
2449 1264 2503 1310 et
2527 1255 2669 1324 quod
2699 1255 2870 1325 gratia
2914 1263 3002 1309 tua
3025 1254 3287 1319 contulit,
3313 1261 3369 1307 et
3461 1239 3468 1251 ’

1799 1345 1942 1416 quod
1967 1346 2338 1402 misericordia
2370 1345 2702 1402 reformavit.
2737 1345 2842 1402 Per
2879 1347 3131 1400 eundem.

1873 1438 2015 1492 Deus
2049 1437 2384 1493 inﬁrmitatis
2411 1438 2658 1492 humanae
2697 1436 2984 1507 singularis
3021 1435 3326 1505 praesidium
3351 1476 3368 1498 ,

1801 1529 1988 1585 auxilii
2020 1529 2098 1584 tui
2141 1544 2304 1600 super
2348 1529 2620 1584 inﬁrmum
2668 1536 2912 1584 nostrum
2945 1527 3177 1584 ostende
3204 1527 3370 1580 virtu;

1804 1631 1942 1688 tem,
1980 1630 2038 1678 ut
2066 1635 2168 1693 ope
2197 1622 2582 1678 misericordia:
2624 1630 2728 1675 tuae
2760 1619 2973 1688 adjutus
2999 1618 3240 1675 ecclesiae
3267 1627 3376 1673 tua:

1802 1722 2005 1770 sancta:
2028 1713 2389 1784 representari
2419 1721 2709 1768 mereatur.
2741 1712 2858 1768 Per.

1877 1805 2102 1860 Domine
2141 1813 2327 1860 sancte
2370 1803 2532 1858 Pater
2571 1804 2912 1872 omnipotens
2958 1810 3158 1857 aeterne
3199 1800 3372 1863 Deus,

202 1891 506 1946 Prmveniat
535 1891 674 1945 hunc
709 1889 892 1962 (hanc)
921 1887 1178 1943 famulum
1213 1886 1513 1959 (famulam)
1551 1895 1702 1942 tuum

1828 1897 1897 1968 [ui
1919 1897 2312 1952 benedictionis
2341 1905 2446 1951 tute
2470 1896 2697 1967 gratiam
2727 1896 2883 1964 aegris
2904 1893 3231 1949 infundendo
3257 1908 3377 1948 cor.

125 1982 332 2055 (tuam)
362 1997 672 2054 quaesumus
697 1981 919 2037 Domine
942 1979 1312 2036 misericordia
1347 1989 1434 2034 tua
1459 1997 1473 2033 :
1502 1988 1562 2033 ut
1603 1979 1704 2034 ini-

125 2078 369 2147 quitates
397 2075 512 2145 ejus
539 2074 699 2130 celeri
724 2073 1051 2145 indulgentia
1077 2070 1376 2126 deleantur.
1403 2070 1528 2124 Per.
1693 2076 1697 2082 '

201 2166 434 2221 Domine
478 2165 616 2219 Deus
657 2173 869 2229 noster,
897 2163 989 2234 qui
1019 2161 1314 2218 oﬂensione
1361 2169 1546 2216 nostra
1601 2173 1708 2214 non

128 2259 390 2321 vinceris,
437 2257 530 2311 sed
561 2256 930 2311 satisfactione
960 2254 1212 2326 placaris,
1259 2253 1466 2322 respice
1492 2265 1706 2322 quaesu-

121 2365 256 2405 mus
287 2349 356 2402 ad
399 2349 540 2402 hunc
592 2345 847 2402 famulum
887 2354 1069 2411 tuum,
1107 2344 1197 2413 qui
1228 2357 1286 2398 se
1332 2341 1428 2398 tibi
1459 2355 1712 2412 peccasse

129 2439 376 2510 graviter
405 2438 714 2501 conﬁtetur,
745 2444 892 2489 tuum
934 2449 1054 2490 esse
1079 2432 1408 2488 ablutionem
1437 2432 1567 2486 dare
1609 2432 1712 2487 cri-

133 2531 366 2591 minum,
397 2538 452 2582 et
489 2527 700 2581 veniam
740 2533 998 2596 pra-stare
1042 2523 1410 2595 peccantium,
1434 2523 1526 2594 qui
1575 2521 1713 2576 dixi-

133 2622 205 2675 sti
286 2619 658 2690 ptnnitcntiam
720 2629 771 2673 te
844 2618 1004 2673 malle
1073 2625 1421 2687 peccatorum
1451 2656 1465 2680 ,
1549 2630 1711 2686 quam

135 2723 400 2779 mortem;
438 2714 673 2768 concede
709 2727 836 2784 ergo
881 2711 1105 2766 Domine
1134 2711 1268 2776 hoc;
1311 2718 1372 2764 ut
1402 2710 1497 2765 tibi
1536 2709 1712 2780 potni-

139 2807 326 2860 t-ntia:
363 2806 616 2860 excubias
663 2805 931 2868 celebret,
961 2812 1017 2857 et
1045 2803 1316 2858 correctis
1359 2803 1567 2856 actibus
1602 2802 1714 2858 suis

137 2898 377 2952 conferri
400 2898 500 2952 sibi
529 2913 560 2950 a
593 2905 644 2952 te
666 2896 991 2967 sempiterna
1019 2893 1213 2965 gaudia
1239 2892 1558 2965 gratuletur.
1589 2894 1711 2948 Per.

103 2983 126 3024 λ
213 2989 412 3044 Adesto
455 2988 681 3044 Domine
727 2987 1204 3057 supplicationibus
1257 2986 1491 3048 nostris,
1525 3001 1622 3042 nec
1646 2986 1716 3039 sit

141 3081 213 3134 ab
245 3081 346 3135 hoc
377 3078 579 3134 famulo
601 3089 697 3133 tuo
731 3078 795 3132 Ν.
823 3078 1122 3133 clementia:
1165 3088 1268 3133 tua:
1305 3079 1591 3149 longinqua
1618 3078 1718 3132 mi-

142 3172 389 3225 scratio:
423 3186 552 3225 sana
582 3171 822 3236 vulnera,
851 3169 1072 3241 ejusque
1115 3171 1327 3226 remitte
1371 3181 1616 3240 peccata,
1661 3179 1720 3224 ut

144 3264 311 3318 nullis
337 3263 712 3331 iniquitatibus
739 3277 766 3315 a
801 3271 851 3316 te
892 3270 1174 3331 separatus
1205 3262 1297 3315 tibi
1328 3261 1555 3316 Domino
1579 3276 1716 3316 sem-

144 3372 246 3426 per
273 3355 450 3408 valeat
479 3355 771 3409 adbzerere.
813 3353 933 3408 Per.

219 3446 424 3500 Adesto
469 3445 696 3499 Domine
741 3443 1222 3514 supplicationibus
1271 3443 1503 3507 nostris;
1537 3453 1593 3497 et
1637 3456 1722 3498 me

144 3540 240 3608 qui
271 3539 435 3592 etiam
481 3537 847 3592 misericordia
877 3545 964 3590 tua
993 3536 1199 3606 primus
1227 3535 1458 3605 indigeo,
1486 3533 1721 3588 clemen-

144 3644 235 3687 ter
264 3631 456 3685 exaudi
485 3649 500 3682 :
529 3639 586 3683 ut
613 3645 772 3699 quem
804 3643 909 3682 non
942 3627 1203 3682 electione
1235 3626 1411 3679 meriti
1460 3624 1554 3680 sed
1585 3627 1725 3679 dono

150 3735 258 3775 tuae
285 3721 470 3790 gratia:
495 3718 822 3773 constituisti
863 3717 1044 3787 operis
1083 3716 1240 3786 hujus
1286 3715 1628 3778 ministrum;
1661 3714 1725 3769 da

153 3811 408 3866 ﬁduciam
451 3809 526 3864 tui
584 3809 823 3863 muneris
853 3806 1174 3877 exequendi,
1205 3814 1259 3859 et
1293 3806 1407 3874 ipse
1441 3804 1495 3858 in
1541 3812 1727 3859 nostro

150 3900 475 3964 ministerio,
520 3898 660 3967 quod
704 3908 808 3953 tuae
849 3897 1067 3968 pietatis
1105 3905 1216 3961 est,
1257 3909 1504 3966 operare.
1532 3894 1654 3951 Per.

223 3991 432 4044 Praesta
461 4003 767 4058 quaesumus
798 3986 1020 4041 Domine
1050 3985 1176 4040 huic
1213 3984 1412 4039 famulo
1443 3993 1534 4038 tuo
1565 3982 1628 4036 Ν.
1650 3982 1730 4037 di-

149 4095 321 4152 gnum
354 4078 685 4147 poenitentia:
721 4076 978 4139 fructum,
1003 4083 1062 4130 ut
1089 4074 1334 4130 ecclesiae
1365 4083 1466 4128 tua:
1496 4081 1728 4135 sanctre,

154 4189 189 4225 ει
221 4171 378 4241 cujus
404 4169 712 4238 integritate
757 4167 997 4222 deviarat
1035 4166 1342 4235 peccando,
1371 4163 1731 4221 admissorum

154 4263 418 4317 reddatur
442 4260 689 4314 innoxius
719 4259 928 4313 veniam
959 4257 1355 4326 consequendo.
1395 4256 1516 4311 Per.

235 4351 378 4404 Deus
428 4347 645 4403 lmmani
701 4347 914 4416 generis
956 4345 1336 4415 benignissime
1385 4345 1630 4400 conditor
1679 4355 1734 4400 et

156 4441 668 4498 misericordissimc
719 4437 1060 4501 reformator,
1089 4438 1178 4508 qui
1230 4437 1502 4491 hominem
1533 4437 1735 4499 invidia

1806 1991 2028 2061 poribus
2066 1990 2330 2045 facturam
2371 1997 2516 2044 tuam
2549 1987 2828 2056 multiplici
2873 1987 3072 2056 pietate
3117 1985 3375 2044 custodis.

1806 2082 1874 2136 ad
1904 2081 2296 2136 invocationem
2345 2080 2580 2134 nominis
2623 2078 2700 2132 tui
2745 2078 3010 2148 benignus
3059 2077 3277 2142 assiste,
3325 2085 3383 2129 et

1809 2175 1953 2229 hunc
1982 2174 2241 2228 famulum
2270 2181 2418 2227 tuum
2450 2171 2736 2227 liberatum
2761 2170 2832 2225 ab
2865 2167 3182 2239 aegritudine
3209 2174 3262 2222 et
3287 2183 3377 2223 sa-

1807 2265 1965 2321 nitati
1993 2265 2248 2319 donatum
2291 2265 2510 2320 dextera
2555 2273 2642 2318 tua
2687 2263 2902 2331 erigas,
2946 2261 3146 2316 virtute
3185 2257 3382 2315 conﬁr-

1803 2371 1948 2422 mes,
1985 2363 2254 2426 potestate
2281 2355 2502 2418 tuearis,
2530 2363 2584 2408 et
2623 2353 2864 2408 ecclesiae
2907 2360 3028 2415 tum,
3078 2350 3386 2419 sanctisque

1813 2449 2074 2504 altaribus
2101 2448 2206 2503 tuis
2232 2461 2354 2502 cum
2383 2447 2529 2503 omni
2559 2445 2862 2501 desiderata
2909 2443 3269 2515 prosperitate
3297 2457 3382 2497 re-

1813 2543 2028 2598 stituas.
2072 2540 2194 2596 Per.

1886 2634 2026 2688 Deus
2073 2632 2381 2687 misericors
2405 2670 2419 2693 ,
2471 2627 2619 2684 Deus
2651 2628 2887 2684 clemens
2909 2667 2926 2692 ,
2961 2626 3053 2696 qui
3095 2627 3389 2680 secundum

1815 2724 2214 2779 multitudinem
2243 2723 2646 2777 miserationum
2687 2729 2895 2774 tuarum
2945 2727 3164 2788 peccata
3216 2717 3392 2786 pinni-

1817 2817 2042 2874 tentium
2070 2816 2213 2871 deles
2236 2857 2248 2878 ,
2275 2825 2327 2870 et
2345 2815 2744 2885 praeteritorum
2777 2812 3060 2866 criminum
3087 2809 3270 2878 culpas
3303 2824 3392 2862 ve-

1818 2910 1908 2966 nia
1939 2909 2275 2965 remissionis
2302 2923 2555 2970 evacuas,
2583 2906 2789 2976 respice
2837 2911 2999 2973 super
3037 2903 3180 2956 hunc
3211 2901 3387 2955 famu-

1820 3001 1929 3056 lum
1964 3010 2110 3056 tuum
2137 3039 2154 3065 ,
2180 3010 2236 3055 et
2265 2998 2634 3054 remissionem
2661 2996 2762 3052 sibi
2788 2995 3028 3051 omnium
3049 3001 3403 3063 peccaturum;

1821 3107 2042 3148 suorum
2064 3100 2183 3147 tota
2205 3091 2396 3146 cordis
2424 3089 2760 3146 confessione
2797 3094 3106 3158 poscentem
3142 3085 3400 3155 depreca-

1821 3196 1909 3244 tus
1935 3187 2150 3242 exaudi.

1773 3264 1790 3286 ¹
1893 3279 2110 3335 Renova
2153 3279 2205 3332 in
2245 3294 2310 3332 eo
2360 3277 2604 3347 piissime
2646 3275 2825 3338 Pater,
2871 3243 3129 3342 quidquid
3184 3278 3402 3325 terrena

1822 3370 2115 3439 fragilitate
2143 3377 2455 3437 corruptum
2479 3407 2494 3431 ,
2521 3365 2605 3420 vel
2630 3364 2887 3434 quidquid
2913 3361 3176 3417 diabolica
3211 3357 3399 3412 fraude

1824 3463 2083 3519 violatum
2121 3470 2236 3526 est;
2285 3468 2341 3514 et
2397 3460 2450 3513 in
2475 3458 2686 3513 unitate
2718 3455 2966 3525 corporis
3005 3451 3245 3508 ecclesia:
3295 3458 3398 3503 tua:

1824 3555 2193 3609 membrorum
2223 3551 2517 3622 perfectam
2545 3549 2917 3604 remissionem
2948 3545 3189 3601 restitue.
3238 3541 3397 3595 Mise-

1826 3660 1947 3701 rere
1978 3644 2201 3700 Domine
2245 3643 2572 3713 gemituum,
2620 3640 2876 3694 miserere
2913 3637 3292 3697 lacrimarum,
3342 3639 3402 3684 et

1828 3751 1937 3792 non
1966 3735 2257 3790 habentem
2297 3731 2548 3786 ﬁduciam
2583 3729 2684 3784 nisi
2718 3730 2768 3782 in
2800 3736 2890 3780 tua
2931 3721 3302 3780 misericordia
3334 3721 3404 3774 ad

1826 3833 2231 3884 sacramentum
2265 3819 2720 3877 reconciliationis
2745 3817 2985 3873 admitte.
3011 3815 3134 3870 Per.

1899 3915 2231 3986 Majestatem
2285 3920 2430 3966 tuam
2477 3908 2700 3964 Domine
2730 3905 2996 3977 supplices
3024 3905 3397 3974 deprecamur,

1831 4015 1892 4061 ut
1929 4005 2057 4060 huic
2085 4001 2288 4057 famulo
2326 4009 2418 4055 tuo
2463 3997 2714 4067 squalore
2755 3993 3086 4066 poenitentiae
3131 4000 3404 4045 macerato

1833 4095 2198 4155 miserationis
2222 4105 2328 4150 tute
2350 4093 2561 4148 veniam
2586 4088 2767 4162 largiri
2796 4086 3030 4157 digneris
3057 4103 3068 4137 :
3093 4093 3151 4138 ut
3181 4083 3400 4153 nuptiali

1833 4198 1982 4244 veste
2006 4195 2220 4257 recepta
2250 4185 2318 4239 ad
2344 4183 2578 4254 regalem
2603 4194 2864 4243 mensam,
2889 4175 3028 4232 unde
3055 4175 3258 4245 ejectus
3285 4171 3404 4226 fue-

1834 4290 1939 4346 rat,
1978 4286 2252 4335 mercatur
2283 4275 2528 4330 introire.
2565 4273 2687 4328 Per.

1901 4370 2136 4426 Absolve
2195 4367 2420 4423 Domine
2466 4366 2703 4420 animam
2755 4360 2939 4416 famuli
2977 4359 3066 4431 (ω)
3096 4358 3172 4413 tui
3199 4359 3287 4426 (ac)
3317 4370 3410 4424 per

1836 4465 2275 4521 intercessionem
2316 4461 2638 4516 beatissima:
2673 4459 2767 4513 Dei
2805 4454 3082 4527 genitricis
3111 4451 3325 4512 Mariae,
3356 4457 3415 4502 ct

156 4534 363 4591 diabdi
501 4529 1117 4628 ?‘°Y"“f“f"_d°5f’°‘“"'_
1143 4529 1284 4628 ¹¹¹¹ίῗί
1328 4529 1419 4582 “lii
1477 4530 1552 4583 “'i
1609 4545 1734 4583 san'
1764 4570 1812 4628 ι)
1837 4557 1980 4613 beati
2010 4554 2178 4617 Petri,
2207 4561 2261 4606 et
2286 4552 2525 4606 omnium
2553 4547 2877 4604 Sanctorum
2905 4545 2972 4598 ab
3010 4543 3156 4596 omni
3195 4538 3410 4594 vinculo

156 4629 324 4696 guine
350 4623 655 4688 redemisti;
685 4621 894 4676 viviﬁca
925 4622 1067 4676 hunc
1095 4619 1350 4674 famulum
1379 4628 1544 4681 tuum,
1574 4635 1733 4690 quem

159 4717 258 4771 tibi
311 4715 616 4768 nullatenus
661 4713 794 4765 mori
834 4711 1136 4776 desideras;
1165 4719 1220 4764 et
1260 4709 1349 4778 qui
1393 4724 1498 4764 non
1545 4709 1737 4763 dereli-

157 4808 326 4878 quisti
360 4806 594 4870 devium,
623 4818 838 4858 assume
861 4811 1182 4857 correctum.
1217 4801 1462 4855 Moveant
1486 4801 1736 4870 pietatem

155 4915 312 4956 tuam
373 4915 678 4968 qumsumus
727 4897 968 4961 Domine,
1017 4893 1176 4962 hujus
1209 4893 1393 4948 famuli
1438 4892 1512 4948 tui
1561 4891 1738 4962 lacry-

155 5005 315 5046 mosa
341 4975 602 5059 suspiria.
636 4987 714 5040 Tu
755 4985 869 5052 ejus
904 4985 1116 5038 medere
1165 4982 1504 5047 vulneribus;
1557 4993 1610 5034 tu
1659 4982 1740 5050 ja-

154 5082 560 5138 centimanum
593 5078 807 5148 porrige
851 5075 1173 5138 salutarem,
1225 5089 1324 5128 nec
1375 5073 1598 5127 ecclesia
1651 5081 1740 5126 tua

153 5175 348 5242 aliqua
381 5171 463 5225 sui
503 5168 746 5237 corporis
776 5166 1021 5235 portione
1053 5173 1321 5228 vastetur;
1354 5178 1420 5217 ne
1465 5179 1592 5232 grex
1623 5173 1744 5217 tuus

150 5263 554 5320 detrimentum
584 5258 882 5320 sustineat,
931 5269 998 5309 ne
1044 5255 1110 5308 de
1156 5253 1369 5308 familia:
1415 5263 1517 5309 tua:
1547 5255 1743 5308 damno

155 5357 424 5414 inimicus
449 5352 678 5416 exultet,
710 5364 806 5404 nec
839 5357 1081 5402 renatum
1115 5346 1323 5399 lavacro
1353 5345 1572 5400 salutari
1599 5361 1743 5398 mors

1841 4647 2211 4708 delictorum,
2269 4652 2556 4709 antequam
2627 4644 2909 4707 separetur
2957 4647 2987 4688 a
3048 4629 3412 4685 membrorum

1843 4734 2157 4804 compagine
2189 4741 2548 4792 terrenorum,
2599 4735 2652 4781 et
2689 4733 2888 4795 prazsta
2927 4730 2984 4776 ut
3035 4736 3154 4776 cum
3189 4717 3416 4788 cmpcrit

1846 4843 1873 4880 a
1901 4839 2126 4892 corpore
2156 4820 2431 4890 separari,
2467 4828 2742 4872 mercatur
2766 4830 2795 4868 a
2824 4810 3148 4868 beatissimis
3171 4818 3227 4863 et
3267 4809 3416 4862 beni-

1846 4917 2121 4992 gnissimis
2151 4914 2355 4986 angelis
2381 4910 2601 4980 suscipi,
2647 4920 2808 4976 atque
2856 4905 2960 4960 tuis
3004 4901 3261 4974 piissimis
3288 4915 3416 4953 con-

1847 5009 2121 5080 spectibus
2153 5003 2466 5076 prmseutari
2488 5043 2501 5066 ,
2529 5009 2584 5056 et
2623 5000 2675 5054 in
2705 4998 2882 5053 sinum
2930 4994 3098 5049 beata:
3131 4991 3332 5061 requiei
3366 4997 3417 5042 te

1849 5102 2083 5156 donante
2127 5096 2338 5153 deduci.
2379 5093 2501 5147 Per.

1919 5191 1977 5245 Si
2012 5191 2180 5244 exitus
2200 5187 2314 5256 ejus
2339 5184 2542 5238 tardior
2565 5181 2721 5251 fuerit
2751 5178 2953 5250 agenda
2978 5187 3050 5231 est
3089 5176 3199 5245 ipso
3225 5173 3416 5226 domno

1851 5283 2045 5336 Abbate
2080 5279 2159 5333 vel
2201 5277 2384 5349 Priora
2415 5271 2788 5344 pronuntiante
2829 5267 3042 5322 Letoida
3075 5266 3172 5318 hoc
3214 5263 3365 5316 modo
3397 5276 3414 5314 :

589 5895 863 5953 Parnm”
911 5887 1322 5951 CXXXVIII.

3071 5879 3149 5938 3'2
