3962 6326
617 411 758 466 1005

622 538 1886 571 _,_____________.___._..__..______._——

1417 399 1709 456 APPEND.
1744 397 1834 451 AD
1875 391 2049 449 SIEC.
2090 391 2158 444 Χ.
2199 418 2265 429 -—
2306 383 2734 442 MONUMENTA
2793 382 3070 438 LlTURG.

3687 386 3777 441 lilOt

2613 523 3770 549 ’.ο-Μ

1337 676 1693 787 ΟΒΒΟ
1747 688 1888 777 DE
1965 682 2360 776 SACRIS
2431 676 3136 772 ORDINIBUS.

2144 895 2361 910 ——

697 1073 999 1138 Psalmista,
1040 1070 1094 1124 id
1122 1078 1196 1125 est
1233 1073 1432 1130 cantor,
1471 1071 1808 1135 posteaquam
1841 1057 1906 1111 ab
1937 1055 2204 1109 archidia-

618 1185 746 1223 cono
773 1167 1062 1221 instructus
1083 1160 1264 1232 fuerit,
1290 1163 1454 1228 potest
1481 1154 1673 1223 absque
1695 1147 1911 1205 scientia
1937 1143 2061 1216 Epi,
2091 1144 2203 1232 sola

611 1258 852 1328 jussione
879 1231 1154 1326 presbiteri
1182 1248 1404 1320 ofﬁcium
1449 1242 1729 1313 suscipere.
1757 1236 1926 1301 Vide,
1960 1243 2020 1288 ut
2061 1231 2204 1328 quod

618 1325 716 1406 ore
768 1356 981 1412 cantas,
1017 1343 1182 1400 corde
1219 1339 1430 1402 credas,
1481 1345 1538 1391 et
1588 1331 1732 1404 quod
1789 1327 1951 1386 corde
2002 1325 2204 1391 credis,

620 1439 879 1511 operibus
908 1437 1126 1508 probes.

693 1532 959 1587 Ostiarius
983 1545 1101 1584 cum
1131 1527 1427 1590 ordinatur,
1451 1532 1724 1594 postquam
1747 1518 1812 1573 ab
1837 1514 2207 1571 arcltidiacono

618 1627 905 1679 instructus
933 1621 1110 1690 fuerit,
1139 1616 1365 1689 qualiter
1395 1614 1448 1669 in
1468 1612 1626 1667 domo
1654 1609 1752 1664 Dei
1777 1607 1958 1663 debeat
1990 1618 2205 1659 conver-

622 1715 735 1770 sari
757 1753 770 1778 ,
810 1712 879 1766 ad
924 1709 1304 1781 suggestionem
1341 1702 1703 1760 archidiaconi
1730 1701 1901 1756 tradet
1929 1700 1976 1754 ei
2004 1697 2207 1769 episco-

617 1822 717 1874 pus
755 1803 924 1858 claves
955 1799 1187 1856 ecclesite
1219 1799 1285 1852 de
1324 1796 1494 1852 altare
1531 1794 1709 1848 dicens
1737 1805 1756 1843 :
1789 1789 1883 1846 Sic
1923 1803 2022 1862 age
2050 1785 2208 1858 quasi

622 1891 930 1947 redditurus
968 1890 1045 1946 sis
1094 1888 1205 1944 Deo
1239 1886 1502 1941 rationem
1543 1897 1642 1954 pro
1672 1881 1758 1936 his
1793 1880 1956 1936 rebus
1983 1892 2211 1950 quicque

621 1985 742 2039 istis
792 1981 1038 2039 clavibus
1083 1979 1458 2037 recluduntur.
1501 1973 1570 2029 Et
1623 1973 1792 2029 tradet
1849 1974 1895 2026 ei
1956 1972 2210 2025 diaconus

624 2076 814 2131 ostium
843 2072 1094 2129 ecclesiw.
1137 2090 1146 2102 ‘

1132 2178 1413 2219 PREFA'I‘IO
1448 2174 1707 2217 OSTIARII.

669 2259 864 2313 vDeum
903 2255 1120 2312 Patrem
1151 2255 1575 2324 omnipotentem
1607 2248 1928 2321 suppliciter
1957 2247 2213 2318 depreca-

624 2365 766 2414 mur,
800 2357 860 2404 ut
881 2349 1026 2404 hunc
1049 2346 1313 2403 famulum
1343 2354 1494 2400 tuum
1529 2343 1750 2399 nomine
1780 2341 1857 2397 ill.
1889 2339 2212 2397 benedicere

623 2444 896 2514 dignetur,
928 2456 1089 2511 quem
1117 2439 1172 2495 in
1195 2437 1431 2494 cilicium
1463 2436 1683 2493 Ostiarii
1727 2434 1928 2506 eligere
1958 2432 2211 2503 dignatus

623 2550 704 2599 es,
741 2543 800 2588 ut
825 2533 897 2588 sit
942 2533 990 2589 ei
1030 2530 1344 2587 ﬁdelissima
1376 2544 1508 2585 cura
1550 2529 1605 2584 in
1649 2527 1840 2584 diebus
1868 2540 1934 2582 ac
1961 2523 2211 2580 noctibus

624 2625 692 2679 ad
720 2624 1126 2680 distinctionem
1157 2603 1417 2679 horarum
1451 2629 1724 2678 certarum
1753 2617 1820 2675 ad
1851 2615 2210 2674 invocandum

625 2728 823 2769 nomen
848 2712 979 2776 Dni,
1002 2727 1120 2784 per.

1119 2820 1439 2864 BENEDIC'I'IO
1458 2819 1712 2864 ειυευειι.

699 2899 814 2954 Dne
841 2905 1028 2953 sancte
1055 2897 1220 2953 Pater
1245 2897 1592 2970 omnipotens
1620 2905 1824 2953 aeterne
1853 2895 2016 2961 Deus,
2047 2895 2212 2951 bene-

627 2993 810 3048 dicere
845 2990 1089 3063 digneris
1131 2991 1278 3046 bunc
1305 2989 1565 3046 famulum
1607 2998 1759 3045 tuum
1791 2987 1868 3044 ill.
1906 2988 2211 3052 ostiarium,

629 3093 690 3138 ut
724 3082 870 3138 inter
913 3082 1186 3153 ianitores
1210 3081 1456 3136 ecclesiae
1495 3089 1650 3151 paret
1689 3078 1974 3149 obsequia,
2018 3085 2074 3133 et
2101 3075 2214 3132 ele-

628 3185 748 3231 ctos
777 3184 899 3230 tuos
924 3182 1136 3244 partem
1174 3181 1322 3229 tuam
1359 3179 1672 3229 mereantur
1701 3170 1905 3227 habere
1927 3168 2194 3226 mercedis

628 3281 744 3337 per.

1117 3370 1417 3413 OMINA-TIO
1439 3371 1732 3414 ιιῑοτοιιιε.

652 3468 657 3474 ί
702 3449 888 3504 Lector
910 3465 1028 3504 cum
1055 3449 1354 3516 ordinatur,
1384 3449 1512 3519 facit
1543 3449 1609 3503 de
1636 3447 1728 3502 ille
1761 3447 1965 3502 verbum
2000 3445 2219 3519 Episco-

631 3559 729 3612 pus
759 3541 828 3595 ad
855 3541 1074 3612 plebem,
1114 3541 1368 3614 judicans
1401 3541 1518 3612 ejus
1545 3540 1701 3610 fidem
1737 3557 1802 3595 ac
1843 3541 2022 3607 vitam,
2065 3550 2220 3612 atque

631 3633 920 3704 ingenium.
962 3633 1090 3689 Post
1119 3634 1256 3688 -Ita.’c
1308 3643 1610 3705 expectante
1629 3632 1807 3703 plebe,
1853 3633 2022 3687 tradet
2051 3633 2100 3687 ei
2127 3648 2216 3687 co-

635 3724 824 3789 dicem,
869 3723 934 3777 de
975 3739 1077 3794 quo
1117 3722 1346 3778 lecturus
1374 3733 1447 3778 est
1482 3723 1659 3778 dicens
1694 3722 1764 3776 ad
1797 3739 1920 3778 eum
1962 3735 1982 3774 :
2019 3721 2219 3793 Accipe

633 3823 690 3868 et
739 3822 859 3869 esto
907 3815 1054 3869 verbi
1113 3813 1204 3868 Dei
1251 3813 1474 3880 relator,
1527 3813 1833 3881 habiturus,
1885 3813 1934 3870 si
1993 3812 2225 3870 ﬁdeliter

634 3913 690 3959 et
718 3905 924 3960 utiliter
966 3904 1274 3976 impleveris
1297 3905 1530 3962 ollicium
1556 3945 1571 3972 ,
1609 3913 1965 3976 partem-cum
1996 3906 2100 3973 his,
2130 3905 2224 3976 qui

637 3996 862 4051 verbum
893 3995 990 4050 Dei
1031 3995 1492 4060 ministraverint;
1534 3995 1741 4067 eligunt
1773 4003 1844 4072 [te
1885 3993 2084 4051 fratres
2121 3994 2222 4061 tui,

636 4097 697 4142 ut
725 4089 800 4144 sis
827 4088 997 4144 lector
1041 4088 1093 4142 in
1129 4088 1292 4144 domo
1319 4088 1413 4143 Dei
1447 4089 1544 4153 tui,
1595 4096 1651 4142 et
1683 4102 1948 4158 agnoscas
1984 4087 2224 4144 cilicium

638 4188 813 4244 tuum,
843 4187 902 4232 ut
930 4178 1157 4248 impleas
1187 4177 1350 4244 illud;
1383 4188 1576 4249 potens
1608 4187 1694 4234 est
1727 4177 1871 4232 enim
1901 4177 2045 4233 Deus
2077 4185 2222 4244 tuus,

639 4280 698 4324 ut
728 4278 924 4339 augeat
948 4268 1041 4322 tibi
1067 4269 1323 4339 gratiam,
1355 4269 1499 4338 quod
1525 4268 1639 4338 ipse
1664 4276 1928 4338 praestare
1949 4267 2225 4338 dignetur,

643 4362 736 4430 qui
761 4368 950 4431 regnat
979 4375 1102 4415 cum
1125 4358 1287 4414 Patre
1314 4360 1367 4413 in
1397 4359 1606 4414 unitate
1636 4358 1875 4430 Spiritus
1902 4360 2099 4426 sancti,
2131 4375 2228 4430 per

643 4452 826 4506 omnia
852 4451 1048 4508 saecula
1088 4451 1433 4517 sicculorum,
1467 4466 1646 4507 amen.

719 4545 860 4612 Quae
881 4547 963 4600 hic
987 4545 1089 4600 loci
1107 4545 1163 4600 in
1193 4544 1371 4599 codice
1393 4543 1664 4600 Turicensi
1693 4546 1757 4600 ob
1784 4545 1968 4615 folium
1996 4545 2228 4600 excisum

644 4638 1036 4704 desiderantur,
1087 4639 1290 4709 integra
1321 4637 1509 4692 damus
1535 4652 1599 4691 ea:
1642 4635 1988 4702 Einsidlensi,
2036 4653 2156 4691 stuc.
2197 4651 2230 4688 ι

647 4730 774 4783 circ.

1107 4835 1396 4876 0RDINATIO
1433 4835 1767 4875 EXORCISTE.

719 4915 948 4969 Domine
977 4923 1161 4969 sancte
1191 4913 1354 4968 Pater
1379 4953 1393 4966 .
1430 4953 1444 4966 .
1477 4911 1757 4967 Exorcista
1784 4927 1900 4966 cum
1931 4911 2230 4976 ordinatur,

647 5010 865 5079 accipiet
911 5009 974 5061 de
1017 5023 1178 5060 manu
1212 5006 1438 5078 episcopi
1487 5004 1760 5068 libellum,
1810 5005 1864 5058 in
1905 5021 2008 5076 quo
2054 5004 2233 5073 scripti

647 5113 767 5156 sunt
800 5100 1077 5155 exorcismi
1115 5098 1316 5152 dicente
1345 5099 1444 5151 sibi
1476 5099 1739 5169 episcopo.
1770 5097 1967 5166 Accipe
1997 5105 2049 5151 et
2081 5111 2230 5151 com-

647 5181 844 5247 menda
889 5189 1184 5253 memor-ite,
1222 5198 1278 5245 et
1326 5189 1522 5245 habeto
1573 5196 1894 5258 potestatem
1943 5183 2232 5256 inponendi

651 5299 871 5339 manum
912 5297 1074 5353 super
1121 5283 1536 5354 energu'minum
1582 5283 1696 5338 sive
1743 5273 2076 5353 baptizatum
2121 5279 2235 5334 sive

651 5376 1068 5432 caticuminum.

1213 5482 1454 5522 PRlil-‘AT.
1497 5482 1690 5522 EXOBC.

720 5561 891 5616 Deum
945 5561 1163 5616 Patrem
1224 5561 1668 5630 omnipotentem.
1739 5558 1932 5614 Bened.
1989 5557 2234 5614 Exoreis.

657 5655 886 5711 Domine
916 5663 1101 5708 sancte
1131 5651 1297 5707 Pater
1324 5651 1668 5722 omnipotens
1697 5659 1900 5706 aeterne
1929 5649 2092 5705 Deus.

1166 5757 1460 5797 ORDINATIO
1495 5757 1706 5797 ACOLITI
1718 5782 1730 5796 .

730 5834 965 5890 Acolitus
999 5851 1112 5889 cum
1147 5835 1424 5889 ordinatur
1447 5836 1674 5904 primum
1707 5835 1771 5890 ab
1799 5835 2037 5906 episcopo
2060 5834 2243 5890 docea-

2233 1039 2283 1097 A
2311 1055 2396 1102 tur
2444 1044 2669 1115 qualiter
2718 1044 2770 1096 in
2822 1041 3057 1113 officium
3107 1040 3222 1110 ejus
3253 1053 3404 1109 agere
3439 1037 3618 1093 debeat.
3648 1037 3726 1096 Sed
3749 1041 3790 1095 at

2303 1135 2675 1190 archidiacono
2730 1132 2956 1202 accipiat
3012 1129 3416 1200 cereofcrarium
3464 1146 3569 1185 cum
3605 1142 3793 1194 certmst

2307 1226 2438 1280 sciat
2487 1240 2544 1279 se
2586 1222 2921 1278 accendenda
2958 1219 3190 1276 ecclesite
3238 1217 3521 1273 luminaria
3550 1221 3790 1290 mancipare.

2306 1316 2528 1388 accipiat
2557 1327 2604 1370 et
2638 1313 2891 1370 orciolum
2927 1328 3148 1368 uacuum
3191 1311 3261 1365 ad
3291 1311 3644 1381 suggerendum
3677 1313 3795 1366 riuus

2306 1410 2360 1462 in
2391 1407 2639 1462 choristia
2661 1406 2916 1478 corporis.
2949 1403 3178 1460 Domine
3223 1411 3410 1459 sancte
3441 1402 3603 1459 Pater.

2345 1579 2477 1621 ιτεκ
2511 1579 2650 1620 οιωο
2683 1576 2954 1627 ρωιιτεῐι
2994 1576 3046 1616 IN
3086 1574 3300 1616 BOIABA
3335 1575 3482 1616 SBDIS
3513 1572 3777 1614 Αιιοετοιιεε

2378 1649 2700 1691 PRESBYTER!
2731 1649 2942 1689 DIACONI
2966 1649 3035 1688 ΕΤ
3063 1646 3376 1688 ὃυΒυΙΔΕΟΝΙ
3403 1645 3629 1684 ειιαεκυι
3646 1644 3760 1684 SD51.

2382 1751 2579 1808 Mensis
2607 1751 2765 1823 primi
2793 1749 2968 1821 quarti
3003 1747 3209 1820 septimi
3242 1757 3291 1803 et
3329 1747 3514 1801 decimi
3552 1744 3802 1800 sabbatorum

2309 1839 2392 1894 die
2421 1831 2640 1893 in'XII.
2671 1834 2790 1892 lect.
2820 1835 2891 1889 ad
2921 1844 3159 1889 sanctum
3206 1829 3427 1888 Petrum
3464 1831 3546 1885 ubi
3573 1830 3701 1884 missa
3720 1827 3804 1882 cele-

2311 1930 2512 1984 bratur.
2561 1936 2834 2000 postquam
2880 1919 3054 1980 autent
3101 1923 3172 1979 ad
3202 1922 3474 1977 introitum
3503 1921 3697 1976 dixerint
3725 1919 3806 1971 dats

2311 2020 2548 2073 oratione
2587 2017 2866 2072 adnuntiat
2899 2013 3150 2084 Pontifex
3174 2015 3229 2068 in
3265 2011 3458 2084 papula
3499 2011 3670 2064 dicens.
3692 2007 3808 2062 Auxi-
3896 2049 3897 2052 η

2311 2112 2480 2168 liante
2522 2111 2750 2167 Domino
2779 2109 2888 2165 Deo
2929 2117 2986 2164 et
3027 2105 3310 2163 Salvatore
3342 2114 3528 2162 nostro
3559 2101 3669 2159 Jesu
3699 2098 3807 2155 Chri-

2313 2213 2420 2260 sto.
2451 2203 2654 2259 lterum
2685 2203 2809 2257 dicit
2838 2200 3133 2256 auxiliante
3163 2199 3280 2254 Dno
3309 2206 3367 2253 et
3404 2195 3662 2252 Salvatore
3684 2201 3809 2248 nostro

2313 2299 2441 2356 Jesu
2474 2297 2715 2355 Christo.
2749 2295 3025 2368 Elegimus
3055 2295 3107 2349 in
3134 2293 3330 2349 ordine
3361 2289 3567 2346 diaconi
3606 2287 3700 2343 sive
3731 2299 3811 2356 pre-

2239 2389 2287 2448 B
2313 2390 2539 2464 sbyteri.
2570 2388 2647 2444 ill.
2673 2387 3063 2444 subdiaconum
3089 2385 3156 2442 de
3183 2384 3338 2440 titulo
3362 2383 3472 2438 illo.
3497 2382 3540 2437 si
3563 2380 3667 2452 quis
3688 2386 3809 2432 autem

2314 2483 2480 2540 habet
2511 2479 2715 2551 aliquid
2743 2487 2934 2535 contra
2980 2477 3081 2534 hos
3112 2475 3262 2532 viros
3291 2489 3395 2544 pro
3431 2472 3641 2530 Domino
3664 2476 3706 2526 et
3732 2481 3813 2538 pro-
3896 2501 3897 2536 3

2313 2586 2435 2649 pter
2479 2574 2766 2631 Dominum
2800 2588 2924 2629 cum
2968 2571 3164 2628 ﬁducia
3195 2576 3380 2636 exeat,
3417 2568 3572 2624 dicat.
3602 2565 3812 2619 Venulus.

2315 2684 2439 2726 men
2471 2682 2680 2725 memor
2706 2666 2778 2723 sit
2806 2664 3173 2722 communioni
3226 2679 3363 2728 suae,
3403 2672 3452 2717 et
3487 2668 3595 2732 post
3625 2656 3814 2712 modicum

2313 2757 2647 2814 intervallum
2693 2773 2816 2812 mox
2845 2755 3103 2826 incipiunt
3145 2770 3326 2830 omnes
3368 2752 3514 2808 Kirie
3550 2749 3719 2806 eleison
3742 2760 3814 2798 cui

2315 2849 2552 2904 letania.
2605 2847 2725 2903 Hac
2766 2845 2971 2917 expleta
3005 2845 3293 2901 ascendunt
3325 2844 3429 2916 ipsi
3454 2841 3593 2898 electi
3615 2841 3673 2894 ad
3702 2835 3816 2891 sedes

2315 2942 2600 3014 pontiﬁcis.
2632 2949 2678 2995 et
2706 2938 2960 2994 benedicit
2988 2954 3075 2993 eos
3105 2953 3137 2991 a
3163 2953 3266 3008 quo
3287 2935 3466 2990 uocati
3485 2942 3596 2990 sunt
3620 2940 3660 2986 et
3677 2929 3817 2983 descen-

2317 3033 2448 3086 dunt
2478 3038 2621 3086 stant
2644 3030 2699 3085 in
2730 3027 2915 3083 ordine
2943 3043 3040 3083 suo
3070 3026 3302 3082 benedic.
3335 3033 3540 3096 pcepta.

2614 3174 2876 3218 castrum
2917 3174 3102 3215 SANC'I'I
3143 3172 3400 3215 GBEGORII
3439 3142 3598 3212 rare.

2391 3293 2545 3350 Sicut
2575 3293 2667 3364 qui
2708 3293 2966 3349 invitatus
3004 3289 3184 3346 renuit
3218 3291 3472 3363 quesitus
3505 3287 3682 3358 refugit
3708 3280 3820 3339 sacris

2319 3396 2404 3445 est
2430 3387 2696 3442 altaribus
2725 3385 3087 3442 removendus
3111 3401 3125 3450 ;
3177 3383 3257 3439 sic
3281 3384 3379 3453 qui
3432 3381 3570 3436 ultro
3602 3375 3737 3432 ambit
3766 3369 3818 3423 ται

2321 3482 2665 3552 importunus
2712 3494 2773 3535 se
2812 3477 3042 3550 ingerit,
3079 3484 3163 3531 est
3209 3473 3404 3546 procul
3448 3472 3605 3528 dubio
3635 3463 3821 3537 repellam

2321 3573 2461 3639 dus;
2502 3586 2630 3628 nam
2674 3569 2766 3641 qui
2795 3569 2989 3624 nititur
3014 3569 3082 3624 ad
3118 3566 3316 3622 altiora
3360 3552 3820 3623 conscendere.un

2322 3664 2456 3736 agit,
2493 3664 2597 3718 nisi
2627 3673 2687 3717 ut
2733 3659 3030 3718 crescendo
3067 3657 3370 3720 decrescat,
3413 3670 3514 3710 cur
3541 3665 3636 3707 non
3662 3659 3822 3736 perpet-

2249 3751 2297 3816 C
2329 3734 2479 3814 ditur
2515 3757 2642 3828 quia
2688 3754 2994 3810 benedictio
3038 3751 3112 3806 illi
3161 3751 3214 3806 in
3252 3749 3598 3805 maledictum
3633 3734 3824 3798 converti-

2332 3861 2441 3917 tur,
2484 3851 2611 3921 quia
2662 3849 2730 3904 ad
2784 3847 2911 3912 hoc,
2947 3853 3008 3900 ut
3042 3844 3136 3899 ﬁat
3183 3841 3500 3907 haereticus,
3547 3837 3826 3921 promovebit

2329 3919 2530 4001 Paulus
2582 3940 2860 4014 apostolus
2907 3937 3166 4011 przecepit
3207 3934 3519 3996 Timotheo,
3571 3929 3730 3985 Manus
3758 3919 3828 4018 cito

2330 4035 2533 4091 nemini
2568 4032 2894 4104 inposueris,
2934 4044 3112 4100 neque
3147 4021 3631 4083 communicaveris
3665 4019 3832 4104 pecaiﬁ

2331 4127 2558 4192 alienis;
2607 4124 2736 4194 quid
2771 4131 2876 4188 est,
2919 4121 3029 4176 cito
3081 4117 3284 4174 nemini
3327 4128 3547 4172 manum
3592 4099 3829 4197 inposueris.

2334 4219 2438 4274 nisi
2470 4226 2597 4272 ante
2621 4224 2835 4272 aetatem
2883 4210 3250 4268 maturitatis?
3295 4219 3427 4263 ante
3464 4216 3659 4275 tempus
3693 4205 3831 4287 erant

2332 4309 2457 4364 nis?
2485 4317 2612 4362 ante
2638 4305 2890 4363 meritum
2922 4302 3156 4358 laboris?
3181 4309 3308 4356 ante
3331 4292 3702 4368 experientiam
3724 4283 3832 4338 disfi'

2337 4400 2538 4471 ptime?
2582 4399 2726 4454 sicut
2765 4396 2893 4452 boni
2927 4395 3108 4466 operis
3147 4390 3424 4449 conlortat
3450 4387 3664 4445 fructus,
3688 4375 3756 4448 qni
3780 4384 3832 4474 γε’

2337 4502 2482 4546 ctum
2513 4498 2790 4546 scrutatur
2827 4488 2880 4543 in
2922 4487 3168 4558 eligendo
3205 4483 3490 4540 sacerdote
3522 4475 3762 4558 iudiciuin,
3787 4471 3832 4556 ili

2335 4580 2485 4653 gravi
2513 4580 2862 4648 semetipsum
2893 4555 3057 4632 cllicit
3084 4575 3366 4637 damnum,
3394 4571 3488 4642 qui
3515 4569 3565 4623 in
3601 4575 3696 4621 sum
3719 4555 3833 4624 dii“

2341 4673 2465 4727 tatis
2496 4671 2780 4742 collegium
2811 4667 3066 4724 sublimat
3096 4664 3400 4734 indignum.

2805 4817 3096 4862 OBDINATIO
3123 4815 3458 4858 SUBDIACONI.

2410 4921 2783 4976 Subdiaconus
2818 4935 2939 4975 cum
2981 4919 3283 4982 ordinatur,
3319 4918 3448 4987 quia
3491 4925 3665 4969 manus
3697 4895 3832 4970 ἰιιραῖίί

2341 5015 2540 5069 tionem
2568 5029 2675 5069 non
2719 5013 2942 5083 accipit,
2974 5021 3227 5081 patenum
3255 5011 3321 5065 de
3346 5023 3509 5063 manu
3539 4995 3749 5072 Episcopi
3773 5002 3832 5042 π’

2261 5128 2312 5190 ι)
2341 5105 2508 5175 cipiat
2551 5119 2779 5159 vacuam
2825 5112 2881 5158 et
2923 5102 3148 5157 calicem
3188 5115 3456 5165 vacuum;
3490 5098 3554 5151 de
3581 5090 3832 5190 manantem

2339 5195 2722 5253 Arcltidiaconi
2757 5195 2989 5266 accipiat
3029 5193 3291 5250 orciolum
3331 5207 3457 5247 cum
3483 5177 3831 5259 aquamanilex

2341 5289 2680 5359 manutergio

2818 5435 3098 5476 PBEFA‘NO
3129 5433 3456 5475 SUBDlLCONI.

2415 5554 2646 5612 Oremus
2681 5555 2850 5609 Deum
2879 5567 2944 5606 ac
2969 5551 3253 5606 Dominum
3284 5557 3524 5604 nostrum
3550 5539 3706 5598 Jcsum
3725 5527 3825 5584 Chri‘

2346 5659 2510 5711 stum,
2551 5655 2611 5701 ut
2637 5660 2850 5701 servum
2879 5659 3035 5698 suum
3075 5642 3149 5696 ill.
3185 5654 3341 5708 quem
3377 5638 3443 5692 ad
3479 5645 3619 5690 suum
3650 5626 3825 5711 diaetae

2349 5753 2436 5799 tus
2469 5738 2703 5796 ofﬁcium
2729 5751 2959 5793 evocare
3004 5736 3256 5805 dignatus
3283 5739 3388 5797 est,
3427 5723 3648 5783 infundat
3671 5704 3822 5805 lien?!"

2348 5834 2584 5892 ctioncm
2616 5839 2670 5887 et
2697 5829 2926 5902 gratiam
2958 5842 3131 5894 suam,
3165 5836 3222 5882 ut
3252 5827 3300 5881 in
3332 5826 3606 5892 conspectu
3643 5820 3718 5865 suo
3741 5798 3821 5851 tide-
