3962 6326
151 330 289 389 1005

1250 319 1434 377 ORDO
1475 318 1561 373 DE
1599 315 1841 374 SACRIS
1878 315 2263 374 ORDINIBUS.
2294 386 2308 393 _

3273 314 3408 371 1006

148 448 274 503 liter
301 442 569 504 serviens.
611 437 988 512 praedestinata
1027 433 1231 490 sanctis
1263 433 1497 504 praemia
1535 446 1723 485 ronsc-
1756 440 1797 496 Λ
1828 429 2322 501 semperprtevales
2343 438 2398 486 et
2426 429 2659 486 admissa
2684 444 2936 503 purgare,
2959 436 3011 485 et
3050 442 3111 483 ea
3145 442 3262 499 qua:
3280 437 3409 485 sunt

148 545 369 608 quatur,
390 548 519 606 per.

601 657 918 700 BENSDIC'NO
956 654 1278 697 SUBDIACONL

216 768 334 823 Due
363 771 554 821 sancte
581 759 1111 831 Pater‘omnipotens
1138 764 1345 813 aeterne
1363 754 1532 821 Deus,
1560 752 1726 808 bene-

143 856 332 910 dicere
366 852 609 925 digneris
655 852 802 906 hunc
841 848 1102 903 famulum
1148 854 1300 901 tuum
1340 843 1414 899 ill.
1447 857 1610 913 quem
1656 840 1727 895 ad

143 947 576 1004 subdiaconatus
599 940 832 999 olicium
857 938 1089 1011 ellegere
1113 937 1367 1009 dignatus
1387 950 1470 1001 es,
1500 934 1577 989 uti
1601 946 1725 988 eum

142 1037 394 1095 sacrario
423 1043 519 1091 tuo
551 1040 745 1090 sancto
783 1039 1065 1087 strenuum
1100 1024 1494 1095 sollicitumque
1510 1020 1725 1078 cmlesti

140 1128 360 1184 militiae
386 1126 658 1189 instituas,
691 1131 747 1181 et
778 1121 990 1179 salictis
1037 1118 1303 1175 altaribus
1327 1114 1567 1172 ﬁdeliter
1598 1113 1728 1171 sub-

144 1219 488 1284 ministrent,
534 1224 592 1271 et
628 1213 978 1286 requiescant
1015 1224 1180 1282 super
1219 1223 1344 1266 eum
1387 1206 1611 1278 spiritus
1646 1219 1730 1261 sa-

138 1310 367 1381 pientia:
410 1316 466 1363 et
500 1304 830 1370 intellectus,
874 1302 1097 1374 spiritus
1131 1297 1344 1356 consilii
1376 1306 1431 1353 et
1458 1294 1728 1352 fortitudi-

140 1403 259 1469 nis,
290 1401 516 1472 spiritus
537 1397 782 1454 scientiae
824 1404 882 1452 et
917 1394 1169 1466 pietatis;
1197 1390 1347 1463 reple
1385 1404 1511 1444 eum
1535 1386 1727 1458 spiritu

137 1496 362 1552 timoris
396 1495 494 1558 tui,
517 1500 585 1547 ut
628 1504 754 1547 eum
783 1485 1084 1543 ministerio
1109 1483 1290 1541 divine
1315 1481 1628 1546 continues,
1668 1484 1730 1532 ut

133 1588 411 1644 ebediens
440 1584 613 1650 facto,
663 1589 828 1653 atque
859 1578 1010 1634 dicte
1046 1590 1262 1648 parens,
1311 1580 1461 1629 tuam
1496 1569 1727 1642 gratiam

139 1685 538 1747 consequatur,
569 1687 685 1743 per.

647 1794 948 1839 ’ORDNATIO
973 1794 1190 1836 DIACONI
1202 1818 1215 1832 .
1238 1798 1241 1799 ⁷

215 1903 490 1958 Diaconos
537 1916 660 1956 cum
704 1895 1007 1962 ordinatur,
1064 1894 1212 1950 solus
1246 1891 1590 1963 ‘EpiseOpus,
1636 1887 1729 1959 qui

136 2011 270 2051 eum
302 1991 609 2058 benedieit,
647 2000 866 2044 manum
914 1999 1076 2057 super
1126 1991 1289 2053 caput
1337 1980 1482 2035 illius
1525 1987 1727 2050 ponat;

137 2087 271 2158 quia
303 2101 412 2142 non
452 2084 517 2140 ad
551 2079 936 2145 sacerdotium,
984 2077 1076 2134 sed
1114 2075 1182 2131 ad
1211 2072 1573 2130 ministerium
1602 2085 1730 2127 con-

136 2192 415 2237 secrarur.

640 2278 970 2320 ‘BENBDICTIO
1002 2274 1192 2317 EJUSDE
1199 2276 1253 2314 Ι.

216 2380 453 2437 Oremus
487 2374 822 2434 dilectissimi
855 2374 1023 2429 Deum
1056 2381 1263 2444 patrem
1303 2369 1730 2438 omnipotentem

137 2489 318 2545 super
348 2473 490 2527 hunc
523 2468 783 2525 famulum
814 2475 963 2523 tuum
991 2465 1062 2520 ill.
1093 2478 1254 2535 quem
1281 2462 1334 2517 in
1359 2475 1517 2517 sacro
1544 2457 1733 2513 ordine

136 2568 406 2638 dignatus
453 2577 513 2618 es
558 2573 857 2625 assumere,
905 2555 1297 2614 benedictionis
1347 2568 1459 2608 sua:
1504 2549 1733 2623 gratiam

138 2659 443 2714 clementer
498 2652 775 2718 ell'undat,
836 2651 999 2720 eique
1050 2648 1249 2705 donum
1302 2641 1734 2701 consecrationis

139 2748 447 2819 indulgeat,
495 2758 592 2815 per
635 2740 781 2814 quod
826 2755 950 2796 eum
985 2739 1053 2794 ad
1098 2736 1326 2809 praemia
1369 2742 1571 2790 aeterna
1604 2747 1732 2804 per-

140 2841 287 2895 duea
295 2846 334 2893 t.

880 2922 1021 2978 Alia.
1065 2914 1069 2918 ’

215 3023 432 3080 Exaudi
476 3022 589 3078 Dne
622 3034 815 3092 preces
839 3026 1078 3082 nostras,
1102 3022 1158 3072 et
1199 3028 1365 3084 super
1390 3012 1535 3068 hunc
1562 3008 1729 3064 famu-

1829 522 2033 592 agenda
2062 523 2377 578 concedere.

1891 613 2095 668 Emitte
2121 613 2174 667 in
2201 628 2323 669 eum
2359 614 2478 669 Due
2504 628 2812 684 quresumus
2847 611 3110 683 Spiritum
3136 620 3405 678 sanctum,

1827 707 2056 777 quodin
2088 721 2223 777 opus
2271 707 2558 763 ministerii
2608 703 2836 762 ﬁdeliter
2886 705 3190 777 exequendi
3239 705 3407 776 septi-

1828 797 2016 853 l‘ormis
2054 797 2240 867 gratiae
2269 812 2494 853 munere
2515 797 2861 861 roborentur,
2901 795 3180 851 habundet
3206 795 3258 850 in
3285 810 3411 850 eum

1831 891 1998 946 totius
2025 890 2197 947 forma
2238 891 2476 957 virtutis,
2535 889 2849 955 auctoritas,
2902 886 3191 953 modestia,
3235 884 3412 958 pudor

1829 992 2108 1049 constans,
2137 981 2460 1038 innocentiae
2481 980 2707 1053 puritas,
2739 991 2794 1036 et
2815 978 3076 1050 spiritalis
3101 961 3410 1033 observatio

1828 1074 2151 1146 disciplinae,
2188 1074 2242 1130 in
2298 1073 2541 1130 moribus
2593 1087 2804 1138 eorum,
2849 1070 2985 1142 ejus,
3016 1077 3285 1141 praecepta
3316 1077 3408 1125 tua

1829 1165 2090 1237 fulgeant,
2121 1174 2180 1221 ut
2228 1179 2342 1222 sua:
2397 1163 2667 1220 castitatis
2713 1159 2960 1235 exemplo
3012 1159 3409 1215 inmitatloncm

1828 1267 2030 1316 sancta:
2061 1258 2231 1328 plebis
2260 1256 2574 1330 adquirant,
2598 1264 2654 1310 et
2681 1255 2882 1323 bonum
2910 1251 3261 1308 conscientiae
3294 1258 3408 1307 tes-

1830 1349 2113 1405 timonium
2150 1347 2516 1418 proferentes,
2539 1344 2728 1400 ﬁrmus
2748 1352 2805 1399 et
2829 1342 3043 1399 stabilis
3072 1350 3410 1415 perseveret,

1829 1442 2112 1514 dignisque
2147 1439 2491 1496 successibus
2517 1439 2583 1495 de
2606 1436 2850 1494 inferiori
2876 1435 3044 1508 gradu
3066 1449 3164 1508 per
3183 1433 3410 1507 gratiam

1830 1541 1977 1588 tuam
2004 1546 2201 1603 capere
2224 1532 2442 1605 potiora
2473 1537 2773 1596 mereatur,
2793 1545 2914 1600 per.
2972 1582 2979 1589 κ

2286 1636 2577 1680 οιιωιυτιο
2600 1633 2947 1676 PRESBYTER].

1900 1714 2181 1771 Presbiter
2206 1729 2330 1771 cum
2377 1713 2684 1779 ordinatur,
2718 1712 2983 1784 Episcopo
3024 1727 3147 1768 eum
3178 1710 3407 1767 benedi—

1756 1807 1801 1867 Β
1830 1814 2012 1871 cente,
2038 1812 2097 1860 et
2124 1818 2343 1860 manum
2385 1817 2548 1875 super
2599 1810 2762 1872 caput
2808 1801 2928 1872 ejus
2963 1811 3204 1860 tenente.
3247 1802 3413 1857 etiam

1830 1911 2020 1952 omnes
2047 1894 2358 1966 prcsbiteri,
2394 1894 2485 1964 qui
2516 1900 2808 1964 prmsentes
2854 1907 3048 1947 manus
3085 1907 3212 1948 suas
3259 1891 3414 1963 justa

1830 2003 2025 2043 manus
2040 1985 2298 2058 Episcopi
2328 1998 2491 2055 super
2514 1993 2678 2053 caput
2703 1982 2847 2038 illius
2876 1990 3117 2036 teneant.

2213 2114 2529 2157 BENEDICTIO
2553 2110 3032 2154 Ῥκεειητειιοιιωι.

1901 2198 2132 2255 Oremus
2166 2195 2503 2253 dilectissimi
2532 2194 2699 2248 Deum
2720 2190 2938 2245 Patrem
2964 2188 3415 2259 omnipotentem,

1832 2300 1892 2346 ut
1918 2305 2082 2361 super
2133 2288 2277 2343 hunc
2305 2284 2565 2342 famulum
2617 2298 2774 2338 suum
2823 2281 2900 2336 ill.
2928 2296 3090 2352 quem
3117 2280 3183 2334 ad
3211 2277 3420 2348 presbi-

1834 2382 1955 2439 terii
1983 2394 2180 2436 munus
2213 2377 2396 2450 elegit,
2425 2375 2668 2433 coelestia
2699 2374 2838 2428 dona
2874 2370 3211 2441 multiplicet,
3238 2378 3297 2424 et
3319 2369 3418 2439 qui

1832 2470 1949 2540 ejus
1995 2468 2361 2540 dignationem
2423 2465 2742 2537 suscipiunt,
2795 2471 2849 2519 et
2901 2460 3021 2532 ejus
3078 2466 3439 2534 exequantes

1833 2558 2053 2627 auxilio,
2084 2572 2201 2629 per.

2392 2648 2639 2721 Sequitur
2659 2646 2850 2701 oratio.

1896 2743 2108 2800 Exaudi
2143 2758 2242 2799 nos
2270 2743 2386 2798 Due
2418 2743 2558 2796 Deus
2584 2747 2786 2805 noster,
2810 2721 3056 2807 etsuper
3077 2734 3220 2791 hunc
3240 2732 3417 2790 famu-

1834 2837 1943 2894 lum
1973 2846 2124 2892 tuum
2162 2834 2591 2891 benedictionem
2638 2831 2810 2888 sancti
2842 2828 3098 2901 Spiritus,
3123 2837 3178 2883 et
3228 2825 3418 2897 gratiae

1833 2926 2186 2986 sacerdotalis
2214 2924 2427 2982 edunde
2454 2925 2730 2988 virtutem,
2770 2929 2827 2977 ut
2877 2933 3037 2991 quem
3066 2927 3171 2973 tua!
3193 2916 3415 2988 pietatis

1832 3018 2142 3091 aspectibus
2163 3016 2440 3073 offerimus
2465 3012 2914 3079 consecrandum,
2954 3017 3271 3081 perpetuam
3303 3023 3423 3062 mu-

141 3119 259 3173 lum
291 3125 443 3170 tuum
473 3113 551 3168 ill.
581 3111 831 3182 spiritum
875 3117 980 3163 tua:
1002 3104 1404 3163 benedictionis
1430 3102 1645 3167 emitte,
1674 3108 1735 3155 ut
1763 3162 1805 3182 Α
1836 3110 1986 3167 neris
2014 3109 2319 3181 largitatem
2341 3105 2712 3177 consequaris,
2738 3118 2857 3174 per.

142 3208 364 3264 caelesti
395 3219 619 3261 munere
666 3203 872 3259 ditatus
890 3207 949 3256 et
980 3208 1087 3255 tute
1125 3196 1316 3269 gratiae
1349 3195 1523 3267 possit
1566 3191 1734 3263 maje-

141 3309 351 3357 statem
390 3296 699 3367 adquirere,
727 3301 784 3349 et
829 3293 969 3349 bene
1001 3288 1220 3346 vivendi
1262 3286 1384 3343 aliis
1418 3284 1734 3357 exemplum

141 3388 416 3461 praebere.

766 3487 1145 3532 CONSECRATIO.

1758 3162 1807 3227 C

2438 3212 2705 3255 CONSECRA
2712 3212 2821 3253 1⁵10.

1909 3293 2137 3351 Domine
2185 3300 2371 3349 sancte
2425 3289 2588 3345 Pater
2641 3288 2985 3359 omnipotens
3014 3295 3216 3343 aaterne
3251 3284 3417 3348 Deus,

1837 3387 2107 3442 bonorum
2137 3389 2327 3439 auctor
2352 3389 2407 3438 et
2433 3380 2754 3437 distributor
2804 3378 3043 3435 omnium
3075 3376 3418 3450 dignitatum,

1835 3492 1939 3549 per
1965 3492 2127 3548 quem
2155 3474 2443 3548 proﬁciunt
2459 3473 2744 3539 universa;
2778 3486 2874 3544 per
2898 3485 3058 3542 quem
3084 3476 3279 3525 cuncta
3328 3468 3423 3522 ﬁr-

217 3571 430 3630 Adesto
484 3582 795 3640 quaesumus
841 3565 1187 3636 omnipotens
1238 3561 1405 3627 Dens,
1468 3560 1737 3616 honorum

1846 3578 2075 3633 mantur,
2098 3565 2446 3638 ampliﬁcatis
2477 3578 2691 3635 semper
2721 3564 2774 3618 in
2801 3562 2995 3619 melius
3023 3569 3230 3616 naturae
3256 3558 3423 3613 ratio-

144 3666 344 3729 dator.
375 3660 737 3729 ordinumque
765 3655 1107 3721 distributor,
1139 3661 1194 3710 et
1229 3650 1530 3709 ofﬁciorum
1560 3648 1738 3719 dispo-

142 3756 316 3818 sitor,
349 3751 441 3822 qui
471 3751 525 3805 in
558 3756 614 3804 te
643 3760 873 3804 manens
919 3745 1150 3800 inuovas
1189 3743 1392 3805 omnia,
1441 3747 1496 3795 et
1541 3746 1737 3794 cuncta

144 3842 439 3916 disponis;
481 3854 583 3911 per
624 3839 850 3894 verbum
896 3843 952 3893 et
1000 3834 1259 3889 virtutem
1302 3829 1741 3902 sapientiamque

144 3948 304 3992 lnam
346 3934 529 3991 Jesum
580 3932 855 3988 Christum
920 3927 1086 3984 ﬁlium
1114 3936 1266 3983 tuum
1315 3924 1453 3979 Dum
1497 3930 1740 3978 nostrum

144 4028 484 4100 sempiterna
504 4022 840 4097 providentia
862 4035 1158 4093 prteparas,
1183 4028 1238 4076 et
1263 4016 1489 4089 singulis
1516 4014 1744 4087 quihus-

146 4136 267 4193 qne
309 4119 642 4191 temporibus
689 4116 924 4187 aptanda
977 4114 1301 4184 dispensas;
1350 4110 1508 4181 cujus
1546 4122 1744 4178 corpus

146 4213 446 4272 ecclesiam
488 4220 637 4267 tuam
687 4208 989 4265 ctelestium
1018 4206 1311 4277 gratiarum
1339 4202 1602 4257 varietate
1629 4200 1742 4256 dis-

151 4307 388 4361 tinctam
412 4342 431 4368 ,
478 4311 808 4370 suorumque
856 4288 1155 4352 connexam
1184 4292 1544 4365 idistinctione
1584 4305 1747 4345 ntem-

149 4401 408 4462 brorum,
448 4408 546 4466 per
564 4393 737 4462 legem
762 4388 1065 4446 mirabilem
1106 4385 1272 4442 totius
1291 4382 1606 4454 conpaginis
1626 4380 1747 4435 uni-

153 4497 299 4549 tam,
324 4485 378 4539 in
405 4490 752 4554 augmentum
792 4477 975 4549 templi
1026 4476 1099 4532 tui
1128 4489 1400 4537 crescere,
1421 4470 1746 4540 dilatariquc

151 4575 382 4648 largiris
411 4574 552 4629 sacri
596 4571 839 4628 muneris
865 4569 1140 4634 virtutem,
1185 4565 1343 4621 trinis
1372 4561 1628 4635 gradibus
1651 4562 1744 4617 mi-

150 4672 458 4725 nistrorum
484 4663 689 4720 nomini
711 4672 804 4717 tuo
831 4659 1063 4715 militare
1089 4657 1445 4718 constituens,
1465 4652 1655 4710 electis
1675 4653 1742 4707 ab

156 4759 319 4815 initio
347 4756 476 4811 Levi
522 4753 668 4819 ﬁliis,
698 4752 790 4822 qui
822 4749 1065 4821 mysticis
1100 4745 1508 4818 operationibus
1553 4744 1744 4799 domus

157 4862 272 4905 tuae
300 4847 546 4904 ﬁdelibus
572 4844 796 4901 excuhis
823 4850 1204 4912 permanentes
1233 4838 1604 4895 hereditatem
1646 4835 1741 4892 be-

158 4937 490 4996 nedictionis
535 4944 754 4990 internae
787 4940 936 4989 sorte
963 4940 1218 5002 perpetua
1253 4928 1591 4999 possiderent
1616 4943 1631 4992 ;
1652 4942 1743 4982 su-

159 5050 264 5108 per
291 5035 436 5087 liunc
462 5042 678 5100 quoque
719 5024 980 5080 famulum
1005 5032 1155 5077 tuum
1194 5021 1271 5076 ill.
1298 5033 1609 5091 quaesumus
1630 5016 1745 5072 Due

160 5104 416 5197 placatus
435 5118 677 5183 intende,
713 5130 872 5187 quem
898 5113 1005 5169 tuis
1027 5112 1198 5168 sacris
1218 5110 1546 5166 serviturum
1586 5108 1639 5162 in
1670 5104 1746 5161 of-

161 5217 353 5275 ﬁcium
374 5211 702 5269 Diaconatus
721 5205 1035 5278 suppliciter
1058 5202 1387 5264 dedicamus,
1413 5209 1468 5257 et
1511 5213 1610 5255 nos
1627 5197 1749 5269 qui—

161 5308 293 5364 dem
323 5314 596 5374 tamquam
634 5296 882 5355 homines
908 5291 1077 5351 divini
1116 5306 1309 5348 sensus
1333 5297 1390 5345 et
1412 5302 1636 5345 summa:
1664 5301 1748 5344 ra-

165 5399 338 5454 tionis
362 5395 535 5468 ignari
569 5393 731 5464 hujus
753 5389 942 5453 vitam,
966 5394 1229 5458 quantum
1261 5396 1565 5455 possumus,
1606 5380 1751 5436 resti-

170 5505 406 5545 mamus.
442 5488 519 5544 Te
548 5496 728 5541 autem
758 5484 871 5539 line
917 5497 1002 5548 ea,
1046 5495 1166 5551 quae
1190 5478 1347 5535 nobis
1392 5484 1518 5534 sunt
1544 5475 1746 5547 ignota,

171 5598 282 5636 non
310 5588 608 5644 transeunt,
642 5587 694 5633 te.
730 5575 940 5633 occulta
992 5588 1097 5630 non
1126 5570 1354 5635 fallunt;
1385 5568 1464 5623 Tu
1506 5563 1750 5637 cognitor

172 5688 239 5727 es
281 5681 633 5732 secretorum,
671 5678 724 5723 tu
764 5675 1038 5723 scrutator
1071 5679 1131 5719 es
1155 5661 1418 5723 cordium,
1452 5668 1507 5715 tu
1536 5670 1744 5718 eorum,

178 5760 312 5830 ejus,
340 5761 505 5817 vitam
542 5758 746 5817 eteiesti
798 5757 997 5829 poteris
1033 5753 1347 5811 examinare
1389 5748 1612 5822 judicio,
1642 5738 1749 5819 quo

1840 3661 1980 3718 nalis
2010 3658 2359 3715 incrementis
2398 3671 2499 3728 per
2527 3656 2772 3711 ordinem
2802 3668 3039 3725 congrua
3069 3651 3280 3706 ratione
3308 3649 3418 3704 dis-

1840 3754 2113 3825 positum;
2149 3750 2293 3805 unde
2320 3756 2373 3804 et
2402 3746 2768 3804 sacerdotales
2797 3744 3020 3818 gradus.
3045 3751 3209 3825 atque
3247 3737 3423 3795 oﬁicia

1837 3845 2130 3903 levitarum
2160 3839 2534 3897 Sacramentis
2563 3838 2791 3895 misticis
2827 3834 3070 3891 instituta
3097 3818 3379 3889 creverunt
3406 3845 3422 3893 ;

1841 3943 1902 3991 nt
1923 3948 2045 3991 cum
2075 3929 2358 4005 pontiﬁces
2380 3942 2629 3985 summos
2655 3925 2904 3998 regendis
2924 3920 3133 3995 populis
3154 3918 3428 3993 praefecis-

1842 4039 1902 4081 se
1928 4022 1993 4079 ad
2017 4037 2204 4080 eorum
2233 4018 2510 4077 societatis
2533 4026 2588 4074 et
2607 4016 2788 4088 operis
2815 4013 3178 4085 adjumentum
3199 4024 3424 4082 sequen-

1842 4120 1915 4175 tis
1943 4116 2149 4174 ordinis
2173 4115 2322 4170 viros
2341 4122 2395 4170 et
2416 4111 2667 4169 secundre
2706 4106 2984 4179 dignitatis
3030 4102 3293 4176 elegeris;
3339 4101 3423 4157 sic

1843 4211 1898 4264 in
1923 4210 2145 4264 heremo
2165 4221 2263 4278 per
2282 4204 2622 4276 septuaginta
2646 4200 2883 4256 virorum
2906 4196 3248 4268 prudentium
3272 4208 3423 4250 men-

1845 4308 1952 4353 tem
1982 4296 2153 4369 Moysi
2182 4296 2428 4367 spiritum
2456 4291 2789 4365 propagasti,
2814 4289 3013 4360 quibus
3033 4287 3123 4343 ille
3165 4284 3431 4356 adjutori-

1843 4389 1946 4443 bus
1966 4401 2095 4442 usus
2120 4385 2174 4441 in
2191 4384 2387 4457 p0pulo
2413 4384 2727 4438 innumeras
2746 4378 3117 4434 multitudines
3140 4374 3296 4432 facile
3321 4390 3423 4447 gu-

1846 4475 2115 4530 bernavit.
2149 4473 2239 4528 Sic
2293 4473 2346 4527 in
2378 4472 2639 4527 Eleazaro
2670 4478 2724 4525 et
2781 4469 2836 4523 in
2878 4468 3149 4523 Ithamare
3194 4474 3433 4536 pateram

1849 4563 2204 4622 beatitudinis
2256 4561 2682 4618 habundantiam
2738 4557 3101 4621 transfudisti,
3130 4564 3187 4610 ut
3234 4557 3303 4612 ad
3337 4556 3433 4610 lto-

1849 4655 1982 4711 stias
2009 4653 2279 4710 salutares
2316 4661 2374 4708 et
2418 4651 2811 4720 frequentiores
2836 4647 3025 4705 oﬁiciis
3080 4647 3432 4702 Sacramenta

1849 4744 2212 4803 ministerium
2235 4742 2505 4799 suﬂiceret
2527 4742 2880 4797 Sacerdotutn
2906 4757 2921 4807 ;
2955 4740 3071 4795 haec
3095 4737 3432 4810 providentia

1851 4839 1965 4893 Dne
1991 4834 2262 4907 Apostolis
2288 4832 2384 4890 ﬁlii
2421 4832 2496 4888 tui
2545 4832 2796 4887 doctores
2825 4829 2949 4886 ﬁdei
3006 4828 3313 4901 presbiterii
3343 4842 3433 4882 co-

1851 4928 2010 4984 mites
2055 4926 2335 4989 addidisti,
2393 4923 2588 4995 quibus
2616 4922 2692 4978 illi
2719 4922 2906 4978 orbem
2956 4930 3126 4977 totum
3183 4920 3436 4977 secundis

1851 5017 2298 5091 praedicatoribus
2343 5015 2720 5085 inpleverant;
2761 5021 3090 5084 quapropter
3131 5009 3432 5065 inﬁrmitati

1855 5122 2070 5182 quoque
2094 5114 2293 5166 noser
2318 5103 2456 5165 Due,
2482 5116 2793 5173 quaesumus
2843 5101 2959 5158 haec
2982 5100 3288 5171 adjumenta
3328 5097 3435 5151 lar-

1847 5202 1988 5271 gire,
2012 5198 2103 5270 qui
2130 5206 2333 5269 quanto
2363 5195 2534 5267 magis
2581 5193 2884 5266 fragiliores
2912 5207 3122 5257 sumus,
3151 5199 3301 5246 tanto
3347 5189 3434 5244 his

1848 5292 2091 5362 pluribus
2121 5289 2441 5359 indigemus.
2485 5287 2561 5342 Da
2587 5298 2896 5357 quaesumus
2944 5281 3285 5351 omnipotens
3329 5278 3433 5335 Pa-

1850 5393 1935 5440 ter
1955 5383 2008 5437 in
2032 5382 2178 5436 hunc
2200 5379 2459 5435 lamulum
2485 5389 2634 5434 tuum
2657 5373 2966 5448 presbiterii
2987 5371 3325 5443 dignitatem,
3352 5370 3434 5424 in-

1851 5478 1991 5530 neva
2018 5471 2073 5525 in
2100 5468 2400 5525 visceribus
2445 5465 2561 5538 ejus
2587 5465 2853 5535 Spiritum
2906 5460 3228 5522 sanctitatis,
3273 5472 3428 5513 acce-

1854 5556 2071 5633 ptum‘a
2103 5570 2152 5616 te
2185 5559 2325 5615 Deus
2348 5559 2642 5617 secundum
2672 5553 2848 5612 meriti
2903 5567 3098 5608 munus
3129 5549 3427 5608 obtineant.

1855 5651 2249 5723 censuramque
2299 5667 2508 5708 morum
2553 5647 2798 5717 exemplo
2849 5660 2961 5701 sua:
3005 5642 3430 5707 conversationis

1831 5738 2151 5829 :iiiSinueut,
2174 5746 2279 5802 sint
2306 5743 2455 5815 probi
2478 5749 2856 5812 cooperatores
2878 5736 3080 5794 ordinis
3106 5733 3296 5801 nostri,
3321 5732 3432 5789 elu-
