3962 6326
617 365 639 418 i
651 364 751 419 007

1384 348 1671 414 APPEND.
1708 352 1801 407 AD
1839 347 2012 407 SIEC.
2052 349 2121 403 Χ.
2157 380 2225 389 -
2261 343 2689 404 MONUMENTA
2736 343 3009 400 LITURG.

3670 355 3763 413 1008

619 487 741 535 ceat
787 477 840 531 in
872 489 995 530 eum
1027 474 1191 527 totius
1222 469 1393 523 forma
1443 465 1687 537 justitire,
1716 474 1775 518 ut
1800 465 1996 518 bonam
2031 461 2192 514 ratio—
2224 464 2266 520 Α
2296 461 2422 531 quid
2462 461 2549 515 illa
2579 458 2841 513 velamina
2869 459 2919 510 in
2953 457 3156 525 fulgore
3183 455 3321 519 auri,
3350 458 3398 511 in
3425 458 3580 517 nitore
3595 479 3765 534 genum-

618 586 741 641 nem
780 562 1197 637 dispensationis
1229 560 1332 617 sibi
1361 557 1618 614 credituri
1671 565 1872 611 aeterna
1905 552 2189 609 beatitudi-

619 659 705 715 nis
729 656 950 730 praemia
982 660 1359 722 consequatur,
1387 665 1501 721 per.

830 756 1273 802 PRESBYTEROBUII
1330 753 1693 796 CONSECRATIO
1746 750 1986 791 ΙΙΑΝυυὶΙ.

688 839 1023 894 Consecrare
1070 841 1126 888 et
1171 830 1513 887 sanctiﬁcare
1560 827 1799 900 digneris
1844 825 1958 879 Due
2005 837 2196 878 manus

619 933 751 988 istas
778 944 875 999 per
908 928 1066 983 istam
1091 924 1440 981 bunctionem
1478 929 1533 977 et
1580 928 1822 976 nostram
1860 915 2195 973 benedictio-

621 1034 767 1085 nem,
816 1028 880 1073 ιιι
929 1029 1263 1091 quaecunque
1313 1009 1751 1071 consecraverint
1790 1014 2194 1071 consecrentur.

621 1112 825 1170 Cretera
847 1112 1057 1177 desunt,
1096 1124 1235 1181 quce,
1277 1107 1354 1161 uti
1380 1107 1435 1160 in
1472 1104 1589 1160 cod.
1647 1099 1879 1157 Einsidl.
1921 1097 2194 1162 habentur,

620 1204 703 1258 hic
731 1202 997 1258 addimus.

1131 1301 1420 1343 ORDINATIO
1447 1297 1705 1339 EPISCOPI.

683 1381 975 1454 Episcopus
1008 1394 1123 1433 cum
1171 1377 1468 1440 ordinatur,
1515 1374 1620 1427 duo
1650 1370 1875 1443 episcOpi
1908 1374 2111 1454 teneant
2149 1373 2196 1419 et

618 1481 816 1542 ponant
844 1468 1228 1540 evangeliorum
1269 1466 1459 1521 librant
1498 1480 1654 1534 super
1697 1462 1940 1518 cervicem
1980 1459 2115 1529 ejus,
2148 1464 2197 1511 et

624 1579 762 1617 unus
807 1561 996 1631 fundat
1038 1558 1461 1614 benedictionem.
1500 1553 1704 1626 Reliqui
1742 1567 1916 1607 omnes
1955 1547 2198 1619 Episwpi

620 1654 711 1723 qui
737 1644 929 1707 adsunt
954 1649 1190 1735 inanibus
1211 1649 1321 1703 suis
1348 1657 1500 1719 caput
1522 1646 1636 1715 ejus
1656 1652 1893 1715 tangant.

825 1826 831 1834 ί
1046 1777 1363 1820 BENEDICTIO
1387 1775 1768 1817 EPISCOPORUI.

688 1859 892 1915 Adesto
914 1856 1158 1913 Domine.
1188 1854 1455 1926 Sequitur.
1474 1851 1777 1923 Propitiare
1796 1848 2039 1907 Domine.
2060 1845 2199 1902 Con-

621 1952 864 2007 secratio.
900 1951 1044 2009 Deus
1068 1950 1331 2006 bonorum
1360 1946 1623 2004 omnium.
1648 1945 1832 2002 Oratio
1859 1945 1928 1998 ad
1962 1943 2198 1998 missam.

620 2042 763 2097 Deus
790 2042 1053 2097 bonorum
1083 2037 1343 2094 omnium.
1394 2034 1559 2108 Super
1604 2035 1799 2091 oblata.
1830 2033 1955 2089 Haec
2000 2031 2197 2088 hostia.

622 2132 779 2202 Infra
800 2132 1031 2185 accione.
1064 2128 1216 2184 lianc
1254 2128 1417 2199 igitur
1442 2125 1791 2182 oblationem.
1843 2123 1924 2178 Ad
1950 2122 2200 2178 Commu-

624 2222 857 2275 nionem.
881 2219 1005 2275 Haec
1025 2233 1123 2274 nos
1147 2215 1472 2273 communio.
1493 2214 1633 2284 linit.

695 2328 805 2402 (Ea:
833 2329 965 2384 Cod.
1004 2327 1161 2402 Vind.
1197 2327 1240 2382 Τ
1240 2328 1294 2382 lt.
1318 2326 1439 2383 M9.
1466 2324 1718 2402 sreqlxt
1746 2325 1870 2381 olim
1899 2322 2131 2394 Augien-

1114 2400 1188 2454 sis
1229 2407 1454 2453 monast.
1486 2395 1658 2471 [I48].
1688 2397 1707 2466 )

1044 2527 1365 2569 BENEDICTIO
1392 2525 1776 2567 EPISCOPORUI.
1829 2578 1835 2584 α

691 2605 896 2661 Adesto
925 2602 1410 2675 supplicationibus
1446 2601 1647 2657 nostris
1665 2600 2008 2672 omnipotens
2037 2600 2199 2668 Deus,

622 2706 678 2754 et
700 2697 842 2768 quod
870 2694 1191 2751 humilitatis
1220 2702 1419 2749 nostra:
1458 2693 1753 2764 gerendum
1774 2702 1859 2748 est
1901 2691 2203 2747 ministerio

625 2799 730 2844 tute
765 2789 982 2844 virtutis
1011 2785 1299 2858 impleatur
1317 2784 1530 2840 ell‘ectu.
1559 2783 1663 2839 Per
1687 2783 1839 2839 Dom.

696 2880 840 2935 Alia.
876 2879 1179 2949 Propitiare
1218 2876 1334 2934 Dne
1381 2875 1862 2949 supplicationibus
1898 2875 2119 2932 nostris.
2149 2882 2205 2932 et

612 2970 884 3027 .inclinato
913 2983 1074 3040 super
1121 2969 1264 3024 hunc
1316 2967 1573 3023 famulum
1618 2958 1769 3022 tuum
1797 2982 1965 3022 cornu
2016 2966 2202 3036 gratiae

626 3062 983 3120 sacerdotalis
1001 3060 1394 3117 benedictionis
1434 3068 1537 3116 tua:
1563 3061 1617 3116 in
1661 3074 1726 3116 eo
1777 3058 1989 3115 eﬁ'undc
2033 3059 2202 3114 virtu-

626 3168 751 3213 tem.
780 3156 886 3211 Per
912 3158 1064 3212 Dom.

1225 3262 1604 3302 CONSECRATIO.

699 3343 841 3397 Deus
862 3342 1132 3411 honorum
1185 3338 1449 3403 omnium,
1504 3338 1649 3395 Deus
1697 3338 1934 3394 omnium
1965 3339 2199 3412 dignita-

629 3444 762 3499 tum,
793 3448 913 3503 quae
938 3432 1123 3503 glorise
1154 3439 1257 3486 tuae
1281 3431 1513 3487 sacratis
1549 3430 1874 3487 famulantur
1899 3434 2197 3491 ordinibus.

628 3524 773 3580 Deus
804 3523 895 3595 qui
928 3522 1144 3595 Moysen
1174 3521 1433 3577 famulum
1481 3530 1632 3579 tuum
1671 3525 1865 3581 secreti
1922 3525 2202 3583 familiaris

628 3611 809 3667 alllatu
841 3613 981 3668 inter
1008 3620 1190 3668 cetera
1239 3610 1474 3668 cmlestis
1519 3613 1838 3669 documenta
1886 3613 2110 3670 cultura:
2135 3615 2201 3671 de

626 3701 813 3756 habitu
841 3716 1056 3771 quoque
1087 3700 1384 3756 indumenti
1406 3701 1760 3759 sacerdotalis
1784 3703 2072 3758 instituens
2094 3703 2202 3758 ele-

627 3799 775 3845 ctum
800 3789 980 3847 Aaron
1011 3790 1237 3863 mystico
1256 3791 1456 3848 amictu
1477 3793 1664 3849 vestiri
1694 3794 1838 3849 inter
1860 3778 2016 3851 sacra
2038 3794 2202 3866 jussi-

625 3882 716 3947 sti,
748 3891 809 3937 ut
832 3882 1200 3955 intelligentiae
1228 3898 1446 3940 sensum
1473 3883 1540 3940 de
1567 3885 1828 3956 exemplis
1853 3886 2066 3956 piorum
2112 3901 2202 3942 ca-

623 3981 779 4043 peret
805 3983 1056 4030 secutura
1096 3975 1404 4044 posteritas,
1431 3990 1499 4031 ne
1537 3977 1769 4033 eruditio
1789 3976 2048 4032 doctrinae
2098 3967 2218 4033 tua!

626 4060 721 4117 ulli
750 4063 963 4119 deesset
989 4064 1159 4119 aetati.
1192 4062 1327 4119 Cum
1357 4072 1412 4120 et
1433 4064 1572 4136 apud
1601 4074 1813 4122 veteres
1847 4067 2201 4122 reverentiam

626 4153 744 4223 ipsa
769 4154 1226 4225 signiﬁcationum
1256 4155 1467 4225 species
1491 4154 1763 4226 optineret
1812 4165 1867 4211 et
1915 4156 2055 4229 apud
2104 4173 2204 4213 nos

628 4245 862 4299 certiora
896 4257 1082 4299 essent
1134 4244 1503 4314 experimenta
1534 4258 1713 4300 rerum
1743 4260 1906 4316 quam
1934 4246 2203 4318 enigmata

611 4337 948 4405 ﬁgurarum.
978 4333 1125 4390 Illius
1151 4348 1385 4403 namque
1409 4335 1694 4391 sacerdotii
1739 4336 2026 4392 anterioris
2052 4337 2197 4392 habi-

632 4436 718 4482 tus
737 4434 938 4479 nostras
983 4424 1180 4479 mentis
1205 4434 1427 4480 ornatus
1451 4434 1553 4481 est.
1585 4425 1649 4481 Et
1700 4427 2061 4497 pontiﬁcalem
2087 4429 2202 4502 glo-

2299 566 2436 616 rnm,
2468 550 2519 603 in
2568 548 2753 603 multis
2798 547 2971 601 modis
3013 546 3193 616 operis
3246 547 3492 604 varietate
3536 552 3766 622 signatum.

2296 639 2476 694 hocin
2507 638 2622 709 ejus
2650 635 2892 692 moribus
2923 635 3236 706 actibusqne
3259 635 3523 692 clarescat.
3541 638 3767 713 complet,

2296 728 2578 785 sacerdote
2598 735 2690 782 tuo
2708 726 2954 797 mysterii
2973 726 3049 781 tui
3072 740 3338 782 summam
3362 737 3414 782 et
3435 735 3714 789 ornamentis
3723 745 3771 790 to-

2297 820 2405 875 tius
2423 817 2828 890 gloriﬁcationis
2846 818 3167 873 instructum
3196 815 3433 875 celestis
3449 823 3667 889 unguenti
3681 824 3771 880 llore

2298 908 2600 967 sanctiﬁca.
2619 908 2733 965 Hoc
2754 907 2984 963 Domine
3010 907 3228 979 copiose
3248 907 3303 963 in
3323 908 3439 979 ejus
3462 918 3603 981 caput
3623 912 3775 976 inlisu.

2299 999 2403 1056 hoc
2429 998 2483 1053 in
2505 998 2618 1055 oris
2645 996 2885 1067 subjecta
2926 997 3203 1064 decurrat,
3230 997 3335 1054 hoc
3359 998 3412 1053 in
3439 999 3584 1055 totius
3599 1006 3778 1072 corporis

2297 1100 2538 1148 extrema
2558 1091 2860 1147 discendat.
2882 1088 2956 1145 Ut
2979 1090 3054 1145 tui
3081 1087 3317 1161 Spiritus
3341 1089 3507 1146 virtus
3523 1098 3570 1146 et
3587 1091 3778 1149 interior:

2296 1182 2414 1253 ejus
2432 1180 2641 1252 repleat
2672 1188 2731 1237 et
2750 1181 3023 1237 exteriora
3050 1179 3420 1252 circumtegat.
3442 1180 3658 1238 Abundet
3679 1184 3719 1237 in
3736 1201 3780 1237 eo

2299 1273 2605 1328 constantia
2631 1270 2778 1338 ﬁdei,
2804 1270 3014 1342 puritas
3039 1270 3361 1336 dilectionis,
3387 1270 3644 1328 sinceritas
3657 1275 3779 1344 pacis.

2298 1361 2528 1418 Tribuas
2581 1362 2633 1417 ei
2685 1361 2999 1418 cathedram
3051 1362 3410 1434 episcopalem
3456 1363 3520 1419 ad
3568 1366 3782 1435 regendam

2297 1452 2583 1508 ecclesiam
2604 1459 2751 1507 tuam
2779 1460 2834 1508 et
2881 1451 3091 1522 plebem
3119 1453 3445 1510 universam.
3473 1453 3553 1510 Sis
3575 1456 3619 1510 ei
3641 1466 3778 1512 aucto-

2298 1543 2453 1609 ritas,
2483 1543 2560 1612 sis
2585 1542 2637 1599 ei
2688 1542 2939 1609 ﬁrmitas,
2970 1543 3048 1600 sis
3074 1553 3333 1613 potestas,
3360 1544 3654 1616 multiplices
3671 1562 3784 1617 super

2295 1647 2418 1688 eum
2446 1631 2871 1688 benedictionem
2912 1642 2967 1688 et
2989 1633 3216 1705 gratiam
3258 1642 3525 1712 tuam,_ut
3547 1636 3606 1692 ad
3622 1650 3784 1692 exorato.

2298 1716 2877 1782 dammisericordiam
2908 1734 3056 1780 tuam
3089 1734 3179 1781 tuo
3230 1742 3455 1785 munere
3503 1744 3684 1801 semper
3706 1730 3784 1784 ido-

2228 1816 2272 1875 B
2301 1833 2434 1874 nens
2458 1827 2547 1873 tua
2569 1817 2743 1889 gratia
2767 1817 2937 1889 possit
2959 1831 3080 1873 esse
3106 1817 3356 1874 devotus.
3389 1820 3488 1876 Per
3513 1820 3646 1876 Dom.

2882 1944 3045 1986 SUPER
3081 1945 3307 1986 OBLATA.

2372 2039 2497 2097 Haec
2523 2040 2698 2097 hostia
2722 2041 2944 2097 Domine
2971 2056 3280 2112 quaesumus
3296 2042 3545 2098 emundet
3563 2052 3710 2099 nostra
3728 2043 3790 2097 dc-

2301 2131 2450 2197 licta,
2482 2140 2537 2187 et
2593 2131 2920 2187 sacriﬁcium
2976 2131 3357 2189 celebrandum
3413 2132 3705 2188 subditorum
3727 2135 3790 2187 tibi

2302 2239 2529 2295 corpora
2552 2232 2867 2296 mentesque
2894 2223 3215 2281 sanctiﬁcet.
3237 2223 3341 2280 Per
3370 2224 3418 2278 Β

2371 2315 2525 2372 Hanc
2554 2316 2715 2389 igitur
2740 2315 3067 2373 oblationem
3114 2315 3398 2372 servitutis
3436 2323 3633 2381 nostrae,
3658 2316 3729 2371 sed
3757 2325 3792 2367 tt

2302 2416 2511 2464 cunctae
2538 2407 2758 2464 familia:
2782 2417 2885 2463 tua:
2915 2422 3076 2478 quam
3111 2406 3209 2463 tibi
3254 2404 3530 2463 oll'erimus
3568 2408 3701 2462 etiam
3728 2422 3792 2476 pro

2301 2499 2502 2557 famulo
2524 2508 2614 2555 tuo
2636 2498 2711 2554 ill.
2743 2514 2901 2571 quem
2933 2499 3001 2554 ad
3028 2498 3371 2569 episcopatus
3395 2498 3620 2554 ordinem
3639 2512 3791 2568 promo-

2301 2605 2428 2646 vere
2454 2590 2705 2662 dignatus
2729 2604 2811 2656 es,
2836 2603 3144 2659 quaesumus
3186 2589 3321 2654 Dne,
3353 2595 3416 2643 ut
3447 2588 3661 2659 placatus
3698 2586 3793 2639 acti.

2302 2680 2440 2752 pias,
2464 2687 2519 2737 et
2540 2680 2806 2752 propitius
2843 2680 2896 2734 in
2935 2693 3000 2735 eo
3030 2687 3120 2733 tua
3149 2672 3289 2734 dona
3316 2676 3599 2743 custodias,
3621 2686 3669 2730 ut
3697 2673 3793 2745 quod

2303 2770 2484 2826 divino
2537 2784 2764 2826 munere
2811 2777 3136 2825 consecutus
3182 2777 3283 2832 est.
3344 2768 3546 2823 Divinis
3593 2765 3795 2821 elIcctibus
3886 2776 3887 2849 ξ

2301 2871 2649 2934 exsequatur,
2680 2861 2904 2932 diesque
2927 2870 3031 2917 etc.
3676 2856 3679 2857 ⁷

3013 2988 3082 3026 ΑΙ.)
3113 2986 3165 3025 ε.

2371 3082 2497 3139 llaec
2526 3098 2627 3140 nos
2655 3081 2977 3139 Communio
3009 3082 3233 3137 Domine
3260 3092 3454 3154 purget
3482 3097 3513 3136 a
3544 3079 3797 3140 criminari
3886 3100 3887 3139 1

2229 3166 2276 3230 C
2310 3176 2623 3232 ctelestibus
2688 3175 2945 3231 remediis
3000 3172 3166 3230 iaciat
3227 3187 3350 3231 esse
3414 3179 3682 3231 consortes.
3730 3165 3796 3221 Pet
3886 3192 3887 3203 ι

2304 3268 2502 3324 Βιυιιι.
2536 3268 2685 3340 (M9)

2656 3393 2723 3432 AD
2760 3392 3099 3433 ORDINANDUII
3130 3389 3528 3431 Ριιεεῐητειωι.

2377 3491 2581 3545 Oratio.
2616 3488 2849 3546 Oremus
2872 3472 3211 3543 dilectissimi
3245 3485 3419 3540 Deum
3464 3484 3656 3538 Patrem
3680 3478 3798 3534 omni-

2301 3592 2596 3652 potentem,
2626 3580 2685 3635 ut
2725 3595 2889 3650 super
2934 3579 3077 3633 hunc
3107 3575 3367 3631 famulum
3399 3590 3572 3640 suum,
3605 3586 3730 3643 quem
3756 3569 3798 3620 ad

2301 3672 2628 3746 presbyterii
2656 3685 2854 3726 munus
2880 3668 3061 3740 elegit,
3099 3666 3342 3724 coelestia
3376 3667 3514 3722 dona
3542 3661 3798 3733 multiplica.

2303 3766 2407 3822 Per
2428 3768 2578 3822 Dom.

2373 3856 2511 3910 Alia.
2546 3853 2754 3910 Exaudi
2785 3867 2883 3908 nos
2908 3844 3215 3922 quassumus
3241 3849 3473 3905 Domine
3501 3846 3631 3902 Deus
3655 3852 3800 3901 noster,

2303 3958 2377 4004 et.
2402 3957 2506 4005 etc.

2896 4047 3275 4090 CONSECRATIO.

2375 4129 2600 4184 Domine
2646 4136 2832 4182 sancte
2879 4125 3041 4180 Pater
3087 4124 3433 4193 omnipotens
3473 4132 3654 4177 aeterne
3682 4116 3796 4171 bats.

2304 4219 2565 4275 bonorum
2585 4227 2795 4283 auctor,
2816 4224 2919 4273 etc.

2713 4346 2780 4385 AD
2811 4344 3151 4386 OBDINANDUI
3179 4341 3474 4382 DIACONUH.

2376 4420 2603 4478 Oremus
2652 4418 2990 4475 dilectissimi
3048 4418 3216 4473 Deum
3269 4416 3489 4471 Patrem
3537 4410 3802 4481 omnipoten-

627 4515 766 4570 riam
805 4529 910 4581 non
928 4513 1041 4585 jam
1071 4513 1229 4569 nobis
1254 4515 1427 4570 honor
1463 4517 1807 4571 commendat
1829 4517 2086 4584 vestium,
2108 4518 2199 4573 sed
2233 4529 2279 4589 ι)
2308 4506 2435 4574 tem,
2464 4521 2569 4566 etc.

629 4604 882 4676 splendor
904 4605 1225 4660 animarum.
1257 4605 1391 4673 Quia
1415 4614 1469 4660 et
1499 4605 1610 4672 illa,
1641 4621 1762 4676 qua:
1807 4615 1934 4661 tunc
1966 4607 2198 4662 carnali-

628 4698 731 4750 bus
750 4695 1165 4751 blandiebantur
1214 4696 1506 4767 optutibus.
1541 4710 1603 4750 ea
1636 4697 1816 4766 potius
1839 4712 1958 4767 quae
1991 4697 2045 4751 in
2076 4698 2204 4765 ipsis

629 4793 785 4840 erant
814 4782 1157 4855 intelligenda
1194 4785 1508 4856 poscebant.
1536 4786 1607 4840 Et»
1627 4786 1829 4842 idcirco
1858 4786 1981 4842 huic
2003 4787 2204 4842 famulo

632 4885 747 4940 tuo,
773 4889 933 4945 quem
965 4876 1032 4930 ad
1062 4874 1256 4930 summi
1279 4876 1562 4930 sacerdotii
1587 4875 1944 4931 ministerium
1974 4876 2203 4949 elegisti,

627 4968 771 5024 hanc
789 4980 1095 5038 quaesumus
1124 4967 1345 5022 Domine
1380 4967 1611 5039 gratiam
1656 4968 1922 5040 largiaris,
1967 4979 2025 5023 ut
2055 4971 2204 5038 quic-

702 5136 848 5208 (l48)
880 5135 935 5208 In
963 5150 1096 5208 msc.
1124 5134 1250 5193 bibl.
1282 5136 1416 5208 Cres.
1447 5136 1749 5208 theol._277
1787 5137 2017 5208 habetur
2045 5154 2201 5208 pecn-

631 5204 780 5260 liaris
805 5204 933 5258 ordo
953 5204 1177 5274 qualiter
1214 5206 1481 5275 episcopus
1517 5207 1573 5259 in
1601 5204 1839 5260 Romana
1864 5204 2101 5262 Ecclesia
2123 5224 2205 5262 oro

631 5277 863 5339 dinatur,
897 5276 1079 5344 ibique
1119 5282 1240 5344 post
1282 5275 1584 5341 lntroitum,
1615 5275 1799 5331 Gloria
1830 5278 1887 5330 in
1905 5279 2122 5333 excelsis
2148 5286 2204 5333 et

630 5346 932 5400 orationem
957 5345 1467 5414 processionemque
1511 5344 1626 5412 jam
1672 5349 2045 5403 consecrandi.
2066 5349 2202 5411 luci-

670 5414 708 5468 it
729 5415 1055 5486 examinatio
1077 5414 1129 5486 in
1151 5415 1488 5486 ordinatione
1505 5414 1737 5486 episcOpi
1761 5417 2052 5486 secundum
2076 5416 2201 5481 Gat-

655 5501 729 5550 os,
752 5484 939 5539 eadem
959 5498 1080 5552 qua:
1108 5484 1160 5537 in
1183 5482 1484 5539 Pontiﬁcali
1510 5482 1741 5538 Romano
1764 5482 2017 5551 habetur;
2046 5487 2201 5539 Anti-

633 5570 736 5624 qua
766 5551 1062 5624 sanctorum
1091 5551 1313 5624 Patrum
1340 5553 1600 5624 institutio
1619 5554 1788 5617 docet,
1810 5563 1917 5610 etc.
2128 5555 2181 5611 »τί

704 5623 850 5693 (H9)
879 5622 935 5676 ln
955 5622 1148 5695 eodem
1165 5623 1350 5693 codice
1388 5622 1696 5695 immediate
1718 5635 1865 5695 ante~
1893 5624 2087 5682 missas
2114 5642 2201 5683 vo-

637 5691 799 5757 tivas,
820 5691 1046 5762 quarum
1075 5692 1246 5762 prima
1269 5691 1352 5748 eat
1372 5693 1456 5747 die
1480 5692 1753 5747 Dominica
1778 5691 2049 5757 de,‘sancta
2077 5695 2200 5749 Tri-

640 5760 1163 5828 nitate,’additur'de
1189 5763 1523 5816 ordinatione
1554 5763 1786 5832 episcopi
1819 5782 1829 5817 :
1873 5765 1952 5819 Ad
1991 5765 2203 5834 ponti/i-

2374 4601 2525 4677 Alia.
2560 4598 2764 4654 Exaudi
2812 4586 3036 4653 Domine
3082 4610 3275 4668 preces
3320 4602 3565 4660 nostras,
3611 4598 3657 4647 et
3695 4597 3805 4657 super

2292 4691 2450 4763 [hunc
2476 4688 2735 4745 famulum
2767 4695 2937 4750 tuum,
2971 4695 3075 4741 etc.
3114 4682 3117 4683 ⁷

2902 4813 3283 4857 CONSECRATIO.

2296 4936 2299 4937 ν
2371 4885 2573 4945 Adesto
2600 4886 2910 4958 quaesumus
2936 4889 3278 4958 omnipotens
3318 4887 3463 4943 Deus
3490 4887 3720 4942 bonorum
3741 4877 3803 4930 th-

2313 4984 2399 5033 tor
2424 4976 2707 5033 Ordinum.

2309 5170 2418 5209 cent
2447 5153 2799 5208 ordinandum
2826 5169 2943 5224 qua:
2961 5154 3088 5208 addi
3108 5153 3321 5208 debeant
3372 5144 3801 5224 iniconsccrqtt'on.

2308 5224 2460 5293 cujus
2492 5224 2696 5276 initium
2715 5234 2789 5293 est
2819 5215 3004 5293 Deus
3027 5225 3288 5279 honorum
3313 5215 3801 5293 ornnittm,_adlocuf.

2308 5283 2385 5349 et'
2412 5292 2620 5347 idcirco
2661 5292 2786 5347 huic
2829 5292 3030 5347 famqu
3059 5302 3150 5347 tuo
3194 5307 3352 5362 quem
3383 5289 3667 5362 apostolicae
3702 5283 3802 5362 satis

2307 5362 2593 5433 praesulem
2643 5370 2701 5417 et
2728 5363 3023 5432 primatum
3057 5358 3298 5417 omnium
3326 5358 3800 5433 qu'iILOIDe'W

2307 5427 2428 5505 rum
2458 5440 2584 5488 sunt
2625 5427 2970 5505 sacerdotum
3016 5447 3081 5488 ac
3131 5427 3799 5505 universalis;_F.ec_ltgsi‘x

2307 5503 2583 5571 doctorem
2609 5500 2798 5556 dedisti
2828 5500 2968 5569 ειηθά
2997 5502 3191 5557 summi
3216 5498 3493 5571 sacerdotii
3519 5498 3797 5571 ministerium

2307 5571 2538 5641 elegisti,
2571 5569 2709 5641 hanc
2732 5564 3061 5641 quarsumns,
3094 5570 3331 5631 Domine.
3357 5569 3575 5640 gratiam
3596 5564 3794 5641 iambi?

2308 5623 2538 5711 rem;
2562 5623 3339 5711 ea;estima’apahitiiaiaa
3360 5623 3434 5694 'z’ut
3460 5623 3707 5706 regendam
3726 5623 3796 5677 Et-

2308 5710 2537 5765 clesianr
2560 5718 2709 5795 tuam
2736 5718 2794 5776 et
2818 5710 3029 5781 plebem
3061 5711 3385 5767 universam.
