3902 5334
130 329 153 381 1
165 327 274 383 009

1227 313 1411 373 ORDO
1450 315 1536 369 DE
1575 313 1813 369 SACRIS
1851 314 2232 370 OllDlNlBUS.

3236 303 3366 356 ιιιιει

127 434 415 491 Orationes
461 435 573 491 istm
627 435 860 488 dicenda:
906 441 1023 486 sunt
1068 449 1097 484 a
1139 432 1328 483 domno
1365 445 1499 498 papa
1549 443 1698 495 super

1831 445 1910 482 um
1941 445 1968 481 a
2007 426 2405 496 spiritualihus,
2452 422 2543 476 sed
2571 409 2734 476 etiam
2763 437 2788 472 ιι
2819 401 3184 486 corporalibus
3216 404 3370 480 nujus

487 506 929 573 archiepiscopum
970 511 1089 555 ante
1113 499 1354 570 pallium.

198 597 303 667 (Ex
341 611 444 652 ms.
481 595 709 650 Vindob.
745 593 907 648 theol.
939 592 1065 658 277,
1093 606 1216 646 saec.
1245 606 1342 656 xu,
1381 590 1462 644 vel
1492 590 1636 659 xm.)

1806 520 1984 574 saeculi
2014 518 2426 573 adversitatibus
2464 515 2662 569 habere
2692 520 2962 565 mereatur
2989 525 3002 562 :
3031 522 3126 576 per
3158 513 3210 559 te
3242 519 3371 572 apo-

1807 612 2006 668 stolica:
2052 607 2330 679 dignitatis
2379 608 2430 661 in
2477 604 2631 660 ctelis
2656 612 2710 657 et
2756 602 2806 655 in
2839 599 3018 661 terris,
3050 594 3290 651 solvendi
3319 603 3375 646 et

202 689 431 743 Domi“
461 687 600 741 Deus
627 684 968 775 ⁰¹¹¹¹¹ῘΡ⁰⁸⁸¹Ἶ³
1009 681 1188 775 ﬁt?"
1211 680 1448 775 39in?“
1475 678 1706 775 propriis
1805 705 2002 775 ligandi
2046 678 2151 758 non
2186 700 2357 756 solum
2405 713 2630 767 corpora
2657 737 2672 761 ,
2719 694 2811 749 sed
2855 700 2908 746 et
2951 691 3158 744 animas
3196 684 3374 740 divina

127 777 556 849 suifragantibus
584 775 814 839 meritis,
850 773 944 830 sed
969 771 1084 828 sola
1110 769 1367 827 inell'abili
1395 770 1579 840 gratiae
1607 777 1707 824 tute

133 872 391 942 largitate
429 872 590 927 istum
627 868 883 923 famulum
916 877 1063 922 tuum
1108 864 1172 919 N.
1213 863 1405 934 populo
1455 872 1546 918 tuo
1575 875 1710 930 ιιι-ωε

132 977 260 1017 esse
291 961 537 1029 jussisti;
589 959 766 1014 tribue
802 959 852 1014 ei
896 973 993 1028 per
1017 957 1244 1028 gratiam
1274 955 1510 1026 Spiritus
1537 953 1710 1009 sancti

137 1052 217 1106 tui
262 1049 429 1121 digne
476 1049 573 1104 tibi
608 1047 912 1118 persolvere
957 1046 1316 1102 ministerium
1360 1044 1710 1100 sacerdotalis

135 1139 326 1206 oﬂicii,
353 1147 408 1195 et
426 1137 811 1194 ecclesiasticis
836 1135 1216 1192 convenienter
1239 1135 1442 1189 servire
1470 1133 1712 1189 ministe-

137 1232 259 1294 riis,
291 1231 609 1302 plebemque
635 1229 983 1285 commissam
1011 1226 1076 1281 ad
1105 1224 1331 1295 gloriam
1377 1224 1450 1278 tui
1479 1223 1712 1279 nominis

139 1335 193 1378 te
235 1323 293 1377 in
339 1322 591 1378 omnibus
631 1327 944 1390 protegente
966 1318 1270 1388 gubernare
1311 1315 1564 1372 concede.
1610 1312 1712 1369 Per

138 1414 409 1485 ejusdem.

207 1506 351 1559 Atia.
391 1505 530 1560 Deus
557 1501 877 1559 innocentiae
903 1500 1184 1556 restitutor
1201 1507 1257 1555 et
1284 1504 1515 1563 amator,
1543 1494 1712 1566 dirige

140 1595 289 1650 hunc
328 1593 591 1652 famulum
620 1602 769 1648 tuum
817 1591 881 1646 N.
911 1590 1146 1660 Spiritus
1188 1589 1263 1644 ttti
1308 1587 1538 1652 fervore,
1573 1587 1712 1641 utin

142 1685 250 1742 fide
280 1685 587 1740 inveniatur
609 1683 840 1750 stabilis,
887 1692 943 1738 et
989 1682 1043 1736 in
1087 1681 1340 1752 operibus
1367 1679 1474 1735 tuis
1501 1676 1708 1740 ellicax,

140 1778 390 1832 illumina
427 1791 551 1832 eum
577 1776 778 1831 lumine
804 1773 1102 1845 sapientiae.
1132 1771 1329 1826 munda
1357 1785 1480 1826 eum
1505 1778 1560 1826 et
1585 1786 1711 1825 san-
1742 1768 1789 1827 Β

141 1867 344 1930 ctiiica,
381 1868 447 1922 da
477 1867 525 1922 ei
556 1865 839 1922 consilium
867 1873 1097 1928 rectum,
1124 1861 1422 1917 doctrinam
1447 1869 1709 1923 sanctam,

140 1968 201 2012 ut
231 1958 328 2028 qui
365 1973 488 2012 eum
516 1956 656 2012 inter
683 1968 924 2011 summos
951 1951 1262 2008 sacerdOtes
1285 1948 1496 2006 voluisti
1524 1962 1716 2003 nume-

141 2064 290 2114 rare,
324 2047 582 2113 concede,
612 2057 692 2109 ut,
737 2045 880 2116 quod
933 2046 1168 2098 humano
1206 2055 1302 2097 ore
1334 2055 1457 2095 eum
1502 2038 1714 2093 voluisti

140 2141 347 2206 vocari,
371 2141 473 2195 hoc
498 2140 550 2193 in
574 2144 862 2208 conSpectu
884 2147 974 2190 tuo
1002 2148 1098 2204 per
1122 2132 1348 2202 gratiam
1377 2139 1480 2186 tute
1504 2129 1718 2200 pietatis

139 2231 318 2302 possit
349 2229 487 2294 ﬁeri,
516 2237 573 2283 ut
599 2243 720 2284 cum
749 2226 936 2282 electis
965 2225 1070 2279 tuis
1096 2231 1309 2277 aeterna:
1333 2221 1454 2276 vita:
1482 2219 1716 2275 beatitu-

142 2322 324 2376 dinem
355 2317 633 2390 percipere
664 2325 952 2372 mereatur.
984 2314 1108 2369 Per.

538 2409 674 2464 Dato
708 2407 868 2479 pallio
907 2406 1101 2460 dicitur
1135 2405 1323 2458 oratio.

203 2503 435 2561 Domine
495 2510 684 2558 sancte
726 2500 888 2557 Pater
924 2497 1268 2568 omnipotens
1331 2503 1534 2550 aeterne
1583 2493 1724 2548 Deus

143 2610 335 2666 regum
361 2601 420 2648 et
447 2593 704 2649 Dominus
750 2588 1163 2652 dominantium,
1190 2585 1532 2642 clementiam
1577 2592 1722 2638 tuam

141 2686 428 2742 hmniliter
474 2698 804 2749 exoramus,
851 2695 952 2736 nec
981 2695 1088 2736 non
1133 2687 1190 2733 et
1214 2675 1471 2748 unigeniti
1499 2674 1621 2731 Filii
1649 2673 1723 2729 tui

145 2778 245 2832 Dni
279 2777 366 2832 ιιι-ἰ
391 2775 497 2833 Jhu
528 2775 630 2846 Xpi
659 2815 674 2839 ,
721 2773 812 2844 qui
857 2786 1044 2828 omnes
1069 2781 1274 2827 aeterno
1299 2766 1608 2837 pontiﬁcatu
1637 2779 1726 2820 su-

145 2869 516 2938 pereminens,
543 2865 688 2922 solus
713 2864 830 2920 sine
857 2861 1066 2918 macula
1111 2857 1443 2915 sacerdotale
1477 2855 1724 2910 ministe-

147 2960 290 3013 rium
317 2958 581 3029 implevit,
612 2955 880 3025 simulque
904 2953 1076 3010 sancti
1106 2951 1362 3023 Spiritus,
1383 2947 1536 3020 cujus
1557 2948 1725 3018 septi-

147 3048 340 3104 t’ormis
387 3049 562 3118 gratia
607 3046 812 3103 caelesti
847 3045 1046 3100 virtute
1086 3049 1279 3099 cuncta
1314 3040 1635 3104 sanctiﬁcat,
1667 3047 1724 3093 ut

1810 793 2034 850 Deitatis
2061 791 2233 862 gratia
2275 788 2602 844 dominicum
2633 783 2929 852 suscipiat,
2978 789 3037 832 ut
3082 778 3156 830 ita
3200 775 3378 853 dignis

1809 886 2146 944 successibus
2195 885 2384 938 devote
2456 881 2656 948 degens
2725 876 2792 929 ad
2862 873 3126 928 destinata
3175 865 3376 924 sanctis

1810 979 2027 1054 praemia
2057 974 2399 1048 perveniens,
2426 981 2678 1026 :eternam
2709 965 2937 1036 accipiat
2965 959 3372 1017 beatitudinem.

1811 1073 1916 1128 Per
1943 1069 2112 1143 (150).

2174 1173 2467 1217 διιεοοιιιιιε
2495 1169 2706 1210 νιετοιι
2739 1163 3004 1206 EPISCOPO.

1955 1256 2053 1327 (Ex
2083 1269 2180 1309 ms.
2200 1251 2428 1306 Vindob.
2460 1243 2763 1307 theol.277,
2788 1254 2978 1296 sazcxu
2998 1236 3079 1292 vel
3093 1233 3238 1327 litt.)

1874 1326 2128 1417 Quisquis
2184 1339 2757 1410 metropolitanorum,
2808 1329 2950 1401 quod
3002 1326 3220 1382 minime
3261 1335 3382 1378 cre-

1817 1411 2043 1502 dimus;
2068 1436 2183 1490 sine
2220 1431 2381 1505 pallio
2410 1430 2640 1500 aliquem
2676 1423 2928 1480 ordinare
2957 1411 3380 1489 praesumpserit,

1815 1540 1870 1587 et
1895 1531 2194 1589 ordinatur,
2209 1532 2263 1578 et
2279 1522 2369 1593 qui
2385 1520 2686 1583 ordinatur,
2701 1526 2755 1572 et
2773 1520 3149 1583 cooperatores
3176 1506 3382 1560 irrecu-

1815 1619 2124 1692 perabiliter
2142 1617 2210 1671 ab
2234 1592 2378 1672 omni
2399 1609 2586 1667 ordine
2615 1609 2969 1678 deponantur.
3005 1599 3234 1656 Oremus
3253 1592 3386 1648 dile-

1817 1684 2041 1771 ctissimi
2073 1711 2289 1773 fratres,
2315 1715 2376 1762 ut
2402 1707 2542 1760 Deus
2556 1711 2610 1756 et
2633 1702 2740 1756 Dus
2765 1696 2936 1754 nrJhs
2954 1694 3064 1764 Xps
3087 1705 3185 1746 nos
3207 1695 3262 1742 et
3278 1684 3385 1740 ele-

1817 1813 1960 1870 ctum
1997 1809 2236 1856 nostrum
2266 1796 2435 1868 gratia
2460 1792 2692 1865 Spiritus
2723 1788 2896 1845 sancti
2914 1785 3184 1840 illustrare
3208 1779 3388 1848 digne-

1816 1903 1922 1948 tur.
1939 1892 2059 1948 Per.
2076 1891 2128 1945 in
2146 1888 2352 1944 unitate
2362 1883 2618 1954 ejusdem.
2636 1879 2834 1934 Deinde
2843 1877 3050 1929 dicatur
3065 1874 3159 1927 iste
3172 1869 3390 1926 versicu-

1815 1985 1916 2040 lus.
1940 1984 2006 2039 Et
2027 1981 2266 2038 exaltent
2285 1991 2408 2032 eum
2430 1975 2483 2029 in
2505 1971 2733 2029 ecclesia
2753 1967 2947 2040 plebis.
2967 1965 3034 2018 Et
3058 1962 3110 2016 in
3135 1957 3390 2015 cathedra

1815 2075 2086 2132 seniorum
2115 2069 2332 2124 laudent
2356 2066 2503 2120 eum.
2548 2060 2674 2115 Post
2704 2059 2945 2112 mittatur
2977 2055 3033 2107 in
3063 2047 3387 2105 cathedram,

1817 2177 1866 2224 et
1889 2167 2099 2222 dicatur
2121 2165 2230 2218 haec
2255 2159 2446 2215 oratio.
2472 2156 2825 2225 Omnipotens
2847 2149 3012 2203 Pater
3039 2150 3224 2200 sancte
3249 2141 3391 2194 Deus

1818 2265 2040 2320 aeterne,
2071 2263 2127 2309 tu
2157 2253 2427 2309 hominem
2452 2249 2704 2320 dignatus
2745 2257 2804 2297 es
2826 2241 2880 2294 in
2916 2234 3228 2293 cmlestibus
3253 2227 3392 2286 sedi-

1820 2349 1920 2404 bus
1946 2348 2219 2409 ordinare,
2248 2353 2307 2399 ut
2333 2343 2410 2398 ait
2453 2338 2758 2396 Psalmista.
2792 2331 3017 2388 Domine
3047 2328 3102 2383 in
3130 2333 3392 2380 aeternum

1819 2444 2099 2508 permanet
2121 2435 2356 2491 Verbum
2383 2439 2530 2486 tuum
2559 2429 2612 2482 in
2638 2424 2797 2486 coelo,
2829 2417 3050 2491 angelos
3079 2422 3134 2470 et
3159 2409 3393 2508 archan-

1825 2496 1975 2600 gelos
2001 2540 2101 2582 suo
2133 2523 2230 2580 tibi
2275 2522 2466 2578 ordine
2510 2513 2804 2586 mancipari
2833 2505 3072 2571 voluisti,
3100 2505 3154 2558 in
3182 2496 3410 2600 Veteris-

1824 2586 2154 2673 i‘estamenti
2179 2611 2459 2685 privilegio
2485 2607 2703 2679 Moysen
2728 2611 2785 2658 et
2811 2602 2994 2656 Aaron
3013 2603 3070 2652 et
3090 2586 3397 2650 Samuelem

1825 2705 1968 2762 inter
1995 2718 2090 2760 eos
2117 2703 2171 2756 in
2216 2698 2584 2756 sacerdotibus
2627 2692 2759 2757 suis,
2804 2686 2895 2758 qui
2927 2686 3178 2740 invocant
3202 2687 3394 2731 nomen

1823 2794 1941 2866 eius
1964 2788 2331 2864 pratdestiuati
2350 2828 2368 2853 ,
2407 2782 2750 2857 patriarchas
2775 2787 2832 2834 et
2855 2774 3161 2866 prophetas
3172 2762 3396 2866 perungi

1825 2857 2108 2950 ordinasti,
2142 2884 2196 2938 in
2225 2895 2365 2937 novo
2391 2894 2486 2950 per
2523 2875 2718 2932 Filium
2746 2881 2893 2926 tuum
2919 2864 3101 2921 Iesum
3125 2857 3399 2950 Christum

1827 2974 2098 3048 apostolos
2125 2978 2342 3027 sanctos
2367 2942 2523 3023 nobis
2549 2962 2800 3020 omnibus
2827 2957 2936 3012 tuis
2967 2951 3138 3009 servis
3168 2947 3234 3002 ad
3261 2942 3403 2999 sola-

1833 3035 1962 3125 tium
1989 3065 2216 3137 elegisti,
2245 3061 2477 3132 primum
2521 3058 2740 3114 Petrum
2787 3046 3092 3120 apostolum
3122 3041 3176 3096 in
3221 3035 3402 3093 cathe-

149 3142 296 3195 lmnc
346 3139 606 3195 famulum
653 3147 804 3194 tuum
849 3135 914 3191 N.
963 3137 1155 3192 divina:
1183 3134 1532 3205 providentia:
1555 3133 1725 3204 gratia

1833 3160 1985 3214 dram
2008 3153 2230 3212 honoris
2249 3148 2598 3211 enumerasti,
2625 3153 2679 3201 et
2703 3143 2754 3198 in
2784 3151 3065 3197 numerum
3093 3140 3401 3190 sanctorum

149 3232 418 3303 largiente
463 3246 495 3287 a
531 3231 834 3286 minoribus
880 3243 1052 3299 usque
1079 3228 1146 3283 ad
1177 3227 1380 3299 majora
1408 3239 1505 3296 per
1531 3224 1731 3295 gradus

151 3324 537 3379 ascendentem
578 3337 823 3392 superna:
865 3320 1080 3390 pietatis
1124 3327 1216 3374 tuo
1264 3316 1472 3389 gremio
1514 3324 1732 3388 gratan-

152 3423 235 3468 ter
270 3413 560 3483 suscipias,
602 3421 658 3468 et
702 3412 827 3482 quia
885 3411 1040 3466 nobis
1078 3408 1349 3480 indignis,
1399 3421 1534 3476 quos
1587 3405 1732 3461 sedis

152 3505 464 3576 apostolicae
523 3519 851 3574 summasque
913 3502 1194 3580 ministros
1263 3498 1577 3564 servitutis,
1624 3511 1733 3552 non

151 3599 494 3670 exigentibus
562 3597 808 3662 meritis,
873 3596 968 3652 sed
1032 3595 1174 3650 dono
1246 3591 1549 3648 clementiae
1629 3597 1734 3644 tute

152 3690 525 3755 eottstituisti,
573 3688 896 3745 salutaribus
944 3683 1269 3741 indumentis
1319 3684 1384 3738 ad
1429 3683 1570 3738 sacri
1596 3679 1734 3737 alta-

154 3781 228 3837 ris
273 3780 510 3836 ofﬁcium
546 3780 689 3836 foras
726 3779 954 3835 vestitus
995 3777 1048 3831 in
1086 3775 1336 3847 praesenti
1377 3782 1624 3844 apparet,
1668 3771 1736 3827 ab

153 3872 410 3927 omnibus
454 3872 739 3928 criminum
786 3869 1050 3940 contagiis
1095 3867 1429 3938 castigatus,
1475 3873 1736 3936 perpetuo

157 3965 401 4034 Spiritus
447 3964 523 4018 tui
554 3963 982 4019 sanctiﬁcatione
1020 3961 1166 4016 intus
1200 3955 1412 4029 impleri
1441 3963 1734 4020 mereatur,

157 4055 406 4123 vivisque
434 4052 599 4107 fontis
623 4051 834 4107 ﬂuentis
859 4051 1137 4120 irrigatum
1186 4049 1444 4103 virtutum
1473 4046 1738 4101 fructibus

155 4156 435 4208 crescere,
459 4154 516 4198 et
542 4159 724 4199 coram
751 4144 1000 4198 omnibus
1022 4143 1319 4197 clarescere
1364 4141 1650 4203 concedas,
1680 4145 1741 4192 ut

156 4234 274 4304 ejus
299 4235 412 4289 vita
447 4234 568 4289 aliis
591 4236 760 4306 possit
800 4233 1044 4304 exempla
1090 4232 1349 4302 praebere.
1378 4229 1462 4285 Sit
1487 4230 1536 4284 ei
1568 4230 1741 4284 honor

158 4327 305 4396 pallii
327 4334 708 4382 ornamentum
735 4325 950 4389 animae,
977 4332 1032 4379 et
1055 4323 1196 4377 unde
1225 4321 1444 4376 advenit
1466 4319 1739 4390 fastigium

159 4419 400 4483 visibile,
449 4417 574 4472 inde
597 4416 849 4472 ﬂorescat
873 4430 1026 4471 amor
1054 4412 1380 4477 invisibilis,
1426 4419 1515 4466 tua
1560 4411 1738 4466 divina

159 4510 408 4582 potentia
435 4524 558 4564 eum
583 4509 919 4573 corroboret,
951 4507 1028 4562 tui
1054 4505 1176 4561 Filii
1201 4505 1372 4558 virtus
1393 4503 1598 4557 viscera
1626 4499 1740 4569 ejus

161 4600 464 4664 fmcundet,
491 4600 566 4655 tui
593 4600 825 4670 Spiritus
854 4599 1026 4670 gratia
1057 4597 1313 4654 interiora
1340 4594 1454 4664 ejus
1480 4594 1696 4664 impleat
1723 4608 1738 4646 :

156 4706 256 4762 per
287 4701 346 4747 te
373 4690 685 4747 ﬁrmitatem
731 4691 853 4747 ﬁdei
890 4689 1169 4746 catholicae
1191 4703 1299 4744 non
1329 4687 1502 4743 solum
1528 4685 1740 4740 sibimet

157 4783 443 4845 servandi,
471 4781 564 4837 sed
604 4783 764 4837 etiam
795 4779 928 4835 alios
957 4779 1181 4835 docendi
1208 4792 1372 4834 causa
1412 4783 1698 4833 conservet
1723 4793 1736 4828 :

159 4887 256 4941 per
282 4880 342 4928 te
373 4872 642 4928 cathedra:
669 4870 988 4941 episcopalis
1014 4869 1254 4925 ecclesiae
1285 4875 1495 4923 scutum
1525 4881 1629 4921 non
1655 4880 1741 4924 so-

233 5045 390 5090 [IKDI
447 5044 628 5090 Nnner
672 5043 987 5090 Benedictus
1028 5040 1145 5090 XIV
1176 5081 1191 5090 .
1245 5040 1335 5090 (tui
1405 5039 1472 5090 tle
1526 5037 1744 5090 svnodis

1831 3251 2070 3307 omnium
2099 3245 2461 3318 apostolorum
2506 3237 2784 3301 evocasti,
2832 3243 2892 3288 ιιι
2917 3228 3153 3300 Spiritus
3186 3231 3405 3280 sanctus

1832 3345 1909 3398 ait
1945 3358 2042 3414 per
2090 3341 2417 3412 PrOphetam
2450 3354 2465 3391 :
2499 3335 2555 3389 lu
2600 3330 2854 3389 cathedra
2903 3323 3178 3381 seniorum
3226 3318 3409 3373 laudet.

1832 3408 1974 3490 eum:
2015 3433 2072 3488 ln
2103 3408 2216 3488 illis
2257 3428 2591 3499 temporibus
2618 3422 2802 3480 divino
2838 3425 2971 3474 nutu
3009 3415 3076 3471 de
3105 3411 3225 3468 aliis
3251 3408 3407 3465 simi-

1831 3533 1972 3587 libus
2000 3527 2084 3582 his
2117 3523 2313 3581 similia
2358 3520 2720 3590 contigerunt.
2763 3514 2830 3567 Et
2859 3518 2912 3564 tu
2941 3507 3163 3562 Domine
3193 3517 3290 3571 pro
3320 3509 3405 3554 tua

1836 3625 2094 3679 immensa
2141 3612 2518 3672 misericordia
2561 3610 2614 3664 in
2651 3605 2852 3663 nostris
2880 3597 3209 3681 temporibus
3234 3592 3300 3646 da
3329 3590 3407 3644 si-

1835 3714 2014 3770 milem
2045 3709 2274 3782 gratiam
2302 3704 2457 3761 fratri
2508 3708 2694 3758 nostro
2731 3697 2796 3752 N.
2830 3695 3070 3756 adinstar
3094 3696 3406 3743 sanctorum

1836 3799 2200 3878 apestolornm
2228 3810 2445 3854 tuorum
2474 3791 2774 3850 sedentium
2811 3787 2863 3841 in
2912 3780 3166 3839 cathedra
3190 3773 3413 3830 honoris

1837 3868 1892 3954 et
1917 3894 2216 3968 dignitatis,
2244 3901 2303 3946 ut
2331 3893 2386 3945 in
2418 3892 2711 3955 conspectu
2754 3875 3054 3948 majestatis
3093 3882 3195 3926 tua:
3220 3868 3410 3968 dignus

1840 3957 2043 4046 honore
2084 3993 2382 4057 appareat,
2424 3989 2482 4034 et
2523 3978 2583 4033 in
2624 3976 2740 4046 ipso
2785 3971 2993 4026 honore
3028 3962 3279 4021 omnibus
3307 3957 3406 4012 sibi

1840 4052 2548 4151 subjectis,—omnigenarnm
2589 4063 2832 4135 exempla
2868 4061 3126 4116 virtutum
3173 4052 3332 4108 dictis
3357 4059 3413 4104 et

1840 4150 2000 4228 factis
2027 4169 2174 4226 omni
2205 4165 2508 4222 humilitate
2545 4156 2831 4232 praebendo
2876 4156 3170 4211 mercatur,
3200 4153 3260 4198 ut
3292 4150 3416 4212 post

1842 4264 1982 4317 hanc
1999 4261 2164 4316 vitam
2190 4258 2332 4313 inter
2351 4251 2625 4324 angelicos
2644 4248 2838 4303 choros
2863 4251 3185 4297 internarum
3207 4231 3430 4288 sedium

1842 4353 1978 4408 solio
2009 4350 2348 4407 sublimetnr.
2388 4345 2492 4399 Per
2520 4340 2788 4398 eumdem.

1769 4470 1820 4528 D
1848 4481 2127 4534 Pootiﬁcale
2149 4491 2236 4529 ms.
2263 4476 2486 4527 biblioth.
2509 4470 2762 4524 San-Blas.
2783 4478 2897 4534 sine.
2927 4478 3025 4534 xiv.
3052 4461 3127 4511 Ad
3143 4457 3434 4534 facientium»

1904 4523 2126 4596 auiti}?
2143 4523 2546 4591 iiékbﬁia’mis
2597 4528 2907 4596 (culparique.
2939 4528 3079 4596 ritum
3119 4523 3416 4596 similia-riga

1908 4586 2539 4666 psalvmista'ordituqsecus7
2563 4607 2619 4645 ac
2664 4586 2944 4666 Pontifica‘le
2971 4586 3256 4642 Romanum,
3279 4596 3303 4629 a
3324 4593 3418 4640 quo

1908 4649 2265 4726 ctiam—passim
2296 4659 2476 4708 dillert.
2506 4657 2574 4706 Ita
2598 4664 2714 4703 vero
2744 4649 2941 4711 Incipit:

1909 4776 1988 4830 Ad
2028 4769 2394 4828 celebrandum
2434 4783 2613 4823 sacros
2653 4764 2859 4820 ordines
2896 4761 3162 4830 episcopus
3205 4755 3420 4808 indutus

1844 4865 2008 4936 plenis
2035 4859 2423 4934 pontiﬁcalibus
2455 4867 2508 4911 ut
2533 4871 2691 4925 supra
2717 4860 2951 4907 notatum
2981 4856 3074 4911 est,
3101 4861 3219 4898 cum
3253 4840 3421 4896 debito

1847 5041 1950 5090 tuis
1991 5037 2180 5090 futuris
2209 5031 2524 5090 temporibus
2561 5028 2934 5082 observandam
2969 5020 3281 5089 constituere
3306 5055 3328 5090 ,_
3365 5029 3425 5064 ac
