  <div class='ocr_page' id='page_1' title='image "/cluster/home/n/w/nwhite01/storage/ocr_20150623/138/hvd.32044015471774/512.png"; bbox 0 0 3962 6326; ppageno 0'>
   <div class='ocr_carea' id='block_1_1' title="bbox 263 331 400 388">
    <p class='ocr_par' dir='ltr' id='par_1_1' title="bbox 263 331 400 388">
     <span class='ocr_line' id='line_1_1' title="bbox 263 331 400 388; baseline 0.029 -4"><span class='ocrx_word' id='word_1_1' title='bbox 263 331 400 388; x_wconf 72' lang='grc'><strong>1015</strong></span> 
     </span>
    </p>
   </div>
   <div class='ocr_carea' id='block_1_2' title="bbox 1342 330 2355 390">
    <p class='ocr_par' dir='ltr' id='par_1_2' title="bbox 1342 330 2355 390">
     <span class='ocr_line' id='line_1_2' title="bbox 1342 330 2355 390; baseline 0.001 -3"><span class='ocrx_word' id='word_1_2' title='bbox 1342 331 1526 390; x_wconf 87' lang='lat' dir='ltr'><strong>ORDO</strong></span> <span class='ocrx_word' id='word_1_3' title='bbox 1563 332 1650 388; x_wconf 78' lang='lat' dir='ltr'><strong>DE</strong></span> <span class='ocrx_word' id='word_1_4' title='bbox 1686 330 1932 388; x_wconf 80' lang='lat' dir='ltr'><strong>SACRIS</strong></span> <span class='ocrx_word' id='word_1_5' title='bbox 1969 330 2355 390; x_wconf 77' lang='lat' dir='ltr'><strong>ORDINIBUS.</strong></span> 
     </span>
    </p>
   </div>
   <div class='ocr_carea' id='block_1_3' title="bbox 3368 337 3506 396">
    <p class='ocr_par' dir='ltr' id='par_1_3' title="bbox 3368 337 3506 396">
     <span class='ocr_line' id='line_1_3' title="bbox 3368 337 3506 396; baseline -0.022 0"><span class='ocrx_word' id='word_1_6' title='bbox 3368 337 3506 396; x_wconf 73' lang='grc' dir='ltr'><strong>1οη</strong></span> 
     </span>
    </p>
   </div>
   <div class='ocr_carea' id='block_1_4' title="bbox 258 440 3506 518">
    <p class='ocr_par' dir='ltr' id='par_1_4' title="bbox 258 440 3506 518">
     <span class='ocr_line' id='line_1_4' title="bbox 258 440 3506 518; baseline 0.002 -18"><span class='ocrx_word' id='word_1_7' title='bbox 258 445 429 518; x_wconf 99' lang='lat' dir='ltr'><strong>pacis.</strong></span> <span class='ocrx_word' id='word_1_8' title='bbox 454 444 656 500; x_wconf 81' lang='lat' dir='ltr'><strong>Fidelis</strong></span> <span class='ocrx_word' id='word_1_9' title='bbox 678 453 735 499; x_wconf 93' lang='lat' dir='ltr'><strong>et</strong></span> <span class='ocrx_word' id='word_1_10' title='bbox 762 451 910 500; x_wconf 90' lang='lat' dir='ltr'><strong>casta</strong></span> <span class='ocrx_word' id='word_1_11' title='bbox 939 444 1106 501; x_wconf 86' lang='lat' dir='ltr'><strong>nubat</strong></span> <span class='ocrx_word' id='word_1_12' title='bbox 1133 443 1188 499; x_wconf 91' lang='lat' dir='ltr'><strong>in</strong></span> <span class='ocrx_word' id='word_1_13' title='bbox 1208 444 1448 509; x_wconf 81' lang='lat' dir='ltr'><strong>Christo,</strong></span> <span class='ocrx_word' id='word_1_14' title='bbox 1479 445 1828 514; x_wconf 85' lang='lat' dir='ltr'><strong>itnitatusque</strong></span> <span class='ocrx_word' id='word_1_15' title='bbox 1854 447 1904 506; x_wconf 81' lang='grc' dir='ltr'><strong>Α</strong></span> <span class='ocrx_word' id='word_1_16' title='bbox 1932 442 2010 499; x_wconf 91' lang='lat' dir='ltr'><strong>los</strong></span> <span class='ocrx_word' id='word_1_17' title='bbox 2047 442 2163 513; x_wconf 89' lang='lat' dir='ltr'><strong>ejus</strong></span> <span class='ocrx_word' id='word_1_18' title='bbox 2188 446 2416 516; x_wconf 89' lang='lat' dir='ltr'><strong>aperiat,</strong></span> <span class='ocrx_word' id='word_1_19' title='bbox 2440 456 2493 502; x_wconf 93' lang='lat' dir='ltr'><strong>et</strong></span> <span class='ocrx_word' id='word_1_20' title='bbox 2522 447 2701 504; x_wconf 86' lang='lat' dir='ltr'><strong>lumen</strong></span> <span class='ocrx_word' id='word_1_21' title='bbox 2749 440 3078 508; x_wconf 68' lang='lat' dir='ltr'><strong>aeternitatis</strong></span> <span class='ocrx_word' id='word_1_22' title='bbox 3101 447 3288 517; x_wconf 70' lang='lat' dir='ltr'><strong>gratiae</strong></span> <span class='ocrx_word' id='word_1_23' title='bbox 3313 463 3506 508; x_wconf 83' lang='lat' dir='ltr'><strong>conce-</strong></span> 
     </span>
    </p>
   </div>
   <div class='ocr_carea' id='block_1_5' title="bbox 258 534 2197 607">
    <p class='ocr_par' dir='ltr' id='par_1_5' title="bbox 258 534 2197 607">
     <span class='ocr_line' id='line_1_5' title="bbox 258 534 2197 607; baseline 0 -15"><span class='ocrx_word' id='word_1_24' title='bbox 258 539 584 593; x_wconf 84' lang='lat' dir='ltr'><strong>Sanctorum</strong></span> <span class='ocrx_word' id='word_1_25' title='bbox 631 545 950 607; x_wconf 89' lang='lat' dir='ltr'><strong>permaneat</strong></span> <span class='ocrx_word' id='word_1_26' title='bbox 986 535 1332 592; x_wconf 89' lang='lat' dir='ltr'><strong>feminarum.</strong></span> <span class='ocrx_word' id='word_1_27' title='bbox 1377 534 1462 590; x_wconf 87' lang='lat' dir='ltr'><strong>Sit</strong></span> <span class='ocrx_word' id='word_1_28' title='bbox 1499 534 1745 590; x_wconf 81' lang='lat' dir='ltr'><strong>amabilis</strong></span> <span class='ocrx_word' id='word_1_29' title='bbox 1770 542 1828 590; x_wconf 92' lang='lat' dir='ltr'><strong>ut</strong></span> <span class='ocrx_word' id='word_1_30' title='bbox 1927 534 2038 590; x_wconf 89' lang='lat' dir='ltr'><strong>dat.</strong></span> <span class='ocrx_word' id='word_1_31' title='bbox 2074 536 2197 594; x_wconf 85' lang='lat' dir='ltr'><strong>Per.</strong></span> 
     </span>
    </p>
   </div>
   <div class='ocr_carea' id='block_1_6' title="bbox 255 626 1826 698">
    <p class='ocr_par' dir='ltr' id='par_1_6' title="bbox 255 626 1826 698">
     <span class='ocr_line' id='line_1_6' title="bbox 255 626 1826 698; baseline -0.001 -16"><span class='ocrx_word' id='word_1_32' title='bbox 255 627 461 683; x_wconf 77' lang='lat' dir='ltr'><strong>Rachel</strong></span> <span class='ocrx_word' id='word_1_33' title='bbox 482 627 618 693; x_wconf 81' lang='lat' dir='ltr'><strong>viro,</strong></span> <span class='ocrx_word' id='word_1_34' title='bbox 651 628 870 698; x_wconf 76' lang='lat' dir='ltr'><strong>sapiens</strong></span> <span class='ocrx_word' id='word_1_35' title='bbox 889 635 951 682; x_wconf 92' lang='lat' dir='ltr'><strong>ut</strong></span> <span class='ocrx_word' id='word_1_36' title='bbox 992 626 1257 694; x_wconf 75' lang='lat' dir='ltr'><strong>Rebecca,</strong></span> <span class='ocrx_word' id='word_1_37' title='bbox 1306 627 1545 696; x_wconf 64' lang='lat' dir='ltr'><strong>longaeva</strong></span> <span class='ocrx_word' id='word_1_38' title='bbox 1567 636 1624 682; x_wconf 93' lang='lat' dir='ltr'><strong>et</strong></span> <span class='ocrx_word' id='word_1_39' title='bbox 1652 626 1826 681; x_wconf 83' lang='lat' dir='ltr'><strong>ﬁdelis</strong></span> 
     </span>
    </p>
   </div>
   <div class='ocr_carea' id='block_1_7' title="bbox 254 714 1828 790">
    <p class='ocr_par' dir='ltr' id='par_1_7' title="bbox 254 714 1828 790">
     <span class='ocr_line' id='line_1_7' title="bbox 254 714 1828 790; baseline 0.003 -20"><span class='ocrx_word' id='word_1_40' title='bbox 254 724 318 770; x_wconf 92' lang='lat' dir='ltr'><strong>ut</strong></span> <span class='ocrx_word' id='word_1_41' title='bbox 338 714 495 771; x_wconf 87' lang='lat' dir='ltr'><strong>Sara.</strong></span> <span class='ocrx_word' id='word_1_42' title='bbox 525 715 670 772; x_wconf 80' lang='lat' dir='ltr'><strong>Nihil</strong></span> <span class='ocrx_word' id='word_1_43' title='bbox 690 718 744 773; x_wconf 92' lang='lat' dir='ltr'><strong>in</strong></span> <span class='ocrx_word' id='word_1_44' title='bbox 788 733 854 774; x_wconf 91' lang='lat' dir='ltr'><strong>ea</strong></span> <span class='ocrx_word' id='word_1_45' title='bbox 878 732 944 774; x_wconf 88' lang='lat' dir='ltr'><strong>ex</strong></span> <span class='ocrx_word' id='word_1_46' title='bbox 967 718 1176 775; x_wconf 84' lang='lat' dir='ltr'><strong>actibus</strong></span> <span class='ocrx_word' id='word_1_47' title='bbox 1203 719 1318 774; x_wconf 88' lang='lat' dir='ltr'><strong>suis</strong></span> <span class='ocrx_word' id='word_1_48' title='bbox 1353 717 1442 774; x_wconf 92' lang='lat' dir='ltr'><strong>ille</strong></span> <span class='ocrx_word' id='word_1_49' title='bbox 1475 727 1665 775; x_wconf 86' lang='lat' dir='ltr'><strong>auctor</strong></span> <span class='ocrx_word' id='word_1_50' title='bbox 1691 733 1828 790; x_wconf 66' lang='lat' dir='ltr'><strong>prae-</strong></span> 
     </span>
    </p>
   </div>
   <div class='ocr_carea' id='block_1_8' title="bbox 249 809 1825 883">
    <p class='ocr_par' dir='ltr' id='par_1_8' title="bbox 249 809 1825 883">
     <span class='ocr_line' id='line_1_8' title="bbox 249 809 1825 883; baseline 0.003 -21"><span class='ocrx_word' id='word_1_51' title='bbox 249 809 609 866; x_wconf 84' lang='lat' dir='ltr'><strong>varicationis</strong></span> <span class='ocrx_word' id='word_1_52' title='bbox 635 820 879 881; x_wconf 83' lang='lat' dir='ltr'><strong>usurpet.</strong></span> <span class='ocrx_word' id='word_1_53' title='bbox 912 810 1060 867; x_wconf 86' lang='lat' dir='ltr'><strong>Nexa</strong></span> <span class='ocrx_word' id='word_1_54' title='bbox 1085 811 1212 866; x_wconf 87' lang='lat' dir='ltr'><strong>fidei</strong></span> <span class='ocrx_word' id='word_1_55' title='bbox 1239 811 1478 867; x_wconf 81' lang='lat' dir='ltr'><strong>mandati</strong></span> <span class='ocrx_word' id='word_1_56' title='bbox 1510 818 1825 883; x_wconf 85' lang='lat' dir='ltr'><strong>permaneat</strong></span> 
     </span>
    </p>
   </div>
   <div class='ocr_carea' id='block_1_9' title="bbox 251 900 1826 976">
    <p class='ocr_par' dir='ltr' id='par_1_9' title="bbox 251 900 1826 976">
     <span class='ocr_line' id='line_1_9' title="bbox 251 900 1826 976; baseline 0.002 -21"><span class='ocrx_word' id='word_1_57' title='bbox 251 902 348 956; x_wconf 90' lang='lat' dir='ltr'><strong>uni</strong></span> <span class='ocrx_word' id='word_1_58' title='bbox 382 910 502 958; x_wconf 91' lang='lat' dir='ltr'><strong>toro</strong></span> <span class='ocrx_word' id='word_1_59' title='bbox 525 900 733 972; x_wconf 91' lang='lat' dir='ltr'><strong>juncta,</strong></span> <span class='ocrx_word' id='word_1_60' title='bbox 778 912 1064 959; x_wconf 80' lang='lat' dir='ltr'><strong>contactus</strong></span> <span class='ocrx_word' id='word_1_61' title='bbox 1108 904 1344 960; x_wconf 89' lang='lat' dir='ltr'><strong>inlicitos</strong></span> <span class='ocrx_word' id='word_1_62' title='bbox 1371 903 1578 976; x_wconf 84' lang='lat' dir='ltr'><strong>fugiat;</strong></span> <span class='ocrx_word' id='word_1_63' title='bbox 1616 903 1826 959; x_wconf 88' lang='lat' dir='ltr'><strong>muniat</strong></span> 
     </span>
    </p>
   </div>
   <div class='ocr_carea' id='block_1_10' title="bbox 248 997 1823 1071">
    <p class='ocr_par' dir='ltr' id='par_1_10' title="bbox 248 997 1823 1071">
     <span class='ocr_line' id='line_1_10' title="bbox 248 997 1823 1071; baseline 0.001 -19"><span class='ocrx_word' id='word_1_64' title='bbox 248 997 624 1054; x_wconf 76' lang='lat' dir='ltr'><strong>infimitatem</strong></span> <span class='ocrx_word' id='word_1_65' title='bbox 653 1015 806 1056; x_wconf 88' lang='lat' dir='ltr'><strong>suam</strong></span> <span class='ocrx_word' id='word_1_66' title='bbox 829 1001 1023 1056; x_wconf 86' lang='lat' dir='ltr'><strong>robore</strong></span> <span class='ocrx_word' id='word_1_67' title='bbox 1041 1000 1359 1071; x_wconf 62' lang='lat' dir='ltr'><strong>disciplinae.</strong></span> <span class='ocrx_word' id='word_1_68' title='bbox 1391 999 1476 1057; x_wconf 89' lang='lat' dir='ltr'><strong>Sit</strong></span> <span class='ocrx_word' id='word_1_69' title='bbox 1499 999 1823 1065; x_wconf 85' lang='lat' dir='ltr'><strong>verecunda,</strong></span> 
     </span>
    </p>
   </div>
   <div class='ocr_carea' id='block_1_11' title="bbox 245 1091 1826 1160">
    <p class='ocr_par' dir='ltr' id='par_1_11' title="bbox 245 1091 1826 1160">
     <span class='ocr_line' id='line_1_11' title="bbox 245 1091 1826 1160; baseline 0.001 -17"><span class='ocrx_word' id='word_1_70' title='bbox 245 1091 454 1160; x_wconf 82' lang='lat' dir='ltr'><strong>gravis,</strong></span> <span class='ocrx_word' id='word_1_71' title='bbox 487 1092 692 1160; x_wconf 87' lang='lat' dir='ltr'><strong>pudore</strong></span> <span class='ocrx_word' id='word_1_72' title='bbox 714 1091 1063 1156; x_wconf 90' lang='lat' dir='ltr'><strong>venerabilis,</strong></span> <span class='ocrx_word' id='word_1_73' title='bbox 1084 1091 1348 1148; x_wconf 85' lang='lat' dir='ltr'><strong>doctrinis</strong></span> <span class='ocrx_word' id='word_1_74' title='bbox 1369 1091 1685 1148; x_wconf 74' lang='lat' dir='ltr'><strong>cmlestibus</strong></span> <span class='ocrx_word' id='word_1_75' title='bbox 1708 1105 1826 1145; x_wconf 90' lang='lat' dir='ltr'><strong>eru-</strong></span> 
     </span>
    </p>
   </div>
   <div class='ocr_carea' id='block_1_12' title="bbox 245 1181 1822 1256">
    <p class='ocr_par' dir='ltr' id='par_1_12' title="bbox 245 1181 1822 1256">
     <span class='ocr_line' id='line_1_12' title="bbox 245 1181 1822 1256; baseline 0.001 -20"><span class='ocrx_word' id='word_1_76' title='bbox 245 1181 386 1236; x_wconf 84' lang='lat' dir='ltr'><strong>dita.</strong></span> <span class='ocrx_word' id='word_1_77' title='bbox 417 1181 502 1238; x_wconf 89' lang='lat' dir='ltr'><strong>Sit</strong></span> <span class='ocrx_word' id='word_1_78' title='bbox 528 1182 758 1239; x_wconf 87' lang='lat' dir='ltr'><strong>fecunda</strong></span> <span class='ocrx_word' id='word_1_79' title='bbox 789 1184 844 1239; x_wconf 93' lang='lat' dir='ltr'><strong>in</strong></span> <span class='ocrx_word' id='word_1_80' title='bbox 867 1183 1069 1251; x_wconf 83' lang='lat' dir='ltr'><strong>sobole,</strong></span> <span class='ocrx_word' id='word_1_81' title='bbox 1097 1185 1168 1240; x_wconf 89' lang='lat' dir='ltr'><strong>sit</strong></span> <span class='ocrx_word' id='word_1_82' title='bbox 1205 1184 1432 1256; x_wconf 87' lang='lat' dir='ltr'><strong>probata</strong></span> <span class='ocrx_word' id='word_1_83' title='bbox 1459 1196 1514 1240; x_wconf 91' lang='lat' dir='ltr'><strong>et</strong></span> <span class='ocrx_word' id='word_1_84' title='bbox 1542 1185 1822 1251; x_wconf 89' lang='lat' dir='ltr'><strong>innocens,</strong></span> 
     </span>
    </p>
   </div>
   <div class='ocr_carea' id='block_1_13' title="bbox 244 1273 1826 1346">
    <p class='ocr_par' dir='ltr' id='par_1_13' title="bbox 244 1273 1826 1346">
     <span class='ocr_line' id='line_1_13' title="bbox 244 1273 1826 1346; baseline 0.002 -19"><span class='ocrx_word' id='word_1_85' title='bbox 244 1282 306 1328; x_wconf 90' lang='lat' dir='ltr'><strong>et</strong></span> <span class='ocrx_word' id='word_1_86' title='bbox 337 1274 405 1328; x_wconf 88' lang='lat' dir='ltr'><strong>ad</strong></span> <span class='ocrx_word' id='word_1_87' title='bbox 452 1273 736 1329; x_wconf 87' lang='lat' dir='ltr'><strong>beatorum</strong></span> <span class='ocrx_word' id='word_1_88' title='bbox 773 1276 1038 1346; x_wconf 87' lang='lat' dir='ltr'><strong>requiem,</strong></span> <span class='ocrx_word' id='word_1_89' title='bbox 1070 1284 1126 1331; x_wconf 91' lang='lat' dir='ltr'><strong>et</strong></span> <span class='ocrx_word' id='word_1_90' title='bbox 1150 1275 1218 1330; x_wconf 80' lang='lat' dir='ltr'><strong>ad</strong></span> <span class='ocrx_word' id='word_1_91' title='bbox 1247 1275 1455 1330; x_wconf 65' lang='lat' dir='ltr'><strong>coalein</strong></span> <span class='ocrx_word' id='word_1_92' title='bbox 1509 1290 1675 1346; x_wconf 88' lang='lat' dir='ltr'><strong>regna</strong></span> <span class='ocrx_word' id='word_1_93' title='bbox 1702 1289 1826 1344; x_wconf 87' lang='lat' dir='ltr'><strong>per-</strong></span> 
     </span>
    </p>
   </div>
   <div class='ocr_carea' id='block_1_14' title="bbox 241 1365 1873 1440">
    <p class='ocr_par' dir='ltr' id='par_1_14' title="bbox 241 1365 1873 1440">
     <span class='ocr_line' id='line_1_14' title="bbox 241 1365 1873 1440; baseline 0.001 -21"><span class='ocrx_word' id='word_1_94' title='bbox 241 1365 491 1434; x_wconf 79' lang='lat' dir='ltr'><strong>veniant,</strong></span> <span class='ocrx_word' id='word_1_95' title='bbox 517 1374 571 1424; x_wconf 87' lang='lat' dir='ltr'><strong>et</strong></span> <span class='ocrx_word' id='word_1_96' title='bbox 601 1367 821 1425; x_wconf 81' lang='lat' dir='ltr'><strong>videant</strong></span> <span class='ocrx_word' id='word_1_97' title='bbox 849 1368 992 1433; x_wconf 84' lang='lat' dir='ltr'><strong>ﬁlios</strong></span> <span class='ocrx_word' id='word_1_98' title='bbox 1039 1367 1274 1424; x_wconf 81' lang='lat' dir='ltr'><strong>filiorum</strong></span> <span class='ocrx_word' id='word_1_99' title='bbox 1306 1383 1528 1424; x_wconf 87' lang='lat' dir='ltr'><strong>suorum</strong></span> <span class='ocrx_word' id='word_1_100' title='bbox 1571 1381 1740 1437; x_wconf 87' lang='lat' dir='ltr'><strong>usque</strong></span> <span class='ocrx_word' id='word_1_101' title='bbox 1769 1366 1824 1420; x_wconf 93' lang='lat' dir='ltr'><strong>in</strong></span> <span class='ocrx_word' id='word_1_102' title='bbox 1863 1433 1873 1440; x_wconf 91' lang='lat'>_</span> 
     </span>
    </p>
   </div>
   <div class='ocr_carea' id='block_1_15' title="bbox 243 1457 1824 1533">
    <p class='ocr_par' dir='ltr' id='par_1_15' title="bbox 243 1457 1824 1533">
     <span class='ocr_line' id='line_1_15' title="bbox 243 1457 1824 1533; baseline 0.001 -21"><span class='ocrx_word' id='word_1_103' title='bbox 243 1457 464 1513; x_wconf 90' lang='lat' dir='ltr'><strong>tertiam</strong></span> <span class='ocrx_word' id='word_1_104' title='bbox 493 1468 550 1515; x_wconf 92' lang='lat' dir='ltr'><strong>et</strong></span> <span class='ocrx_word' id='word_1_105' title='bbox 571 1469 822 1532; x_wconf 84' lang='lat' dir='ltr'><strong>quartam</strong></span> <span class='ocrx_word' id='word_1_106' title='bbox 870 1461 1204 1533; x_wconf 76' lang='lat' dir='ltr'><strong>progeniem,</strong></span> <span class='ocrx_word' id='word_1_107' title='bbox 1236 1469 1291 1517; x_wconf 89' lang='lat' dir='ltr'><strong>et</strong></span> <span class='ocrx_word' id='word_1_108' title='bbox 1317 1462 1382 1516; x_wconf 89' lang='lat' dir='ltr'><strong>ad</strong></span> <span class='ocrx_word' id='word_1_109' title='bbox 1429 1468 1667 1532; x_wconf 88' lang='lat' dir='ltr'><strong>optatam</strong></span> <span class='ocrx_word' id='word_1_110' title='bbox 1697 1474 1824 1530; x_wconf 59' lang='lat' dir='ltr'><strong>pera</strong></span> 
     </span>
    </p>
   </div>
   <div class='ocr_carea' id='block_1_16' title="bbox 241 1549 1824 1621">
    <p class='ocr_par' dir='ltr' id='par_1_16' title="bbox 241 1549 1824 1621">
     <span class='ocr_line' id='line_1_16' title="bbox 241 1549 1824 1621; baseline 0.003 -19"><span class='ocrx_word' id='word_1_111' title='bbox 241 1549 467 1605; x_wconf 83' lang='lat' dir='ltr'><strong>veniant</strong></span> <span class='ocrx_word' id='word_1_112' title='bbox 515 1559 869 1608; x_wconf 89' lang='lat' dir='ltr'><strong>senectutem.</strong></span> <span class='ocrx_word' id='word_1_113' title='bbox 911 1552 1036 1609; x_wconf 85' lang='lat' dir='ltr'><strong>Per.</strong></span> <span class='ocrx_word' id='word_1_114' title='bbox 1076 1552 1184 1609; x_wconf 89' lang='lat' dir='ltr'><strong>Pax</strong></span> <span class='ocrx_word' id='word_1_115' title='bbox 1242 1553 1456 1608; x_wconf 86' lang='lat' dir='ltr'><strong>Domini</strong></span> <span class='ocrx_word' id='word_1_116' title='bbox 1498 1552 1570 1608; x_wconf 89' lang='lat' dir='ltr'><strong>sit</strong></span> <span class='ocrx_word' id='word_1_117' title='bbox 1609 1566 1824 1621; x_wconf 85' lang='lat' dir='ltr'><strong>semper</strong></span> 
     </span>
    </p>
   </div>
   <div class='ocr_carea' id='block_1_17' title="bbox 239 1638 1820 1714">
    <p class='ocr_par' dir='ltr' id='par_1_17' title="bbox 239 1638 1820 1714">
     <span class='ocr_line' id='line_1_17' title="bbox 239 1638 1820 1714; baseline 0.005 -24"><span class='ocrx_word' id='word_1_118' title='bbox 239 1638 549 1695; x_wconf 79' lang='lat' dir='ltr'><strong>vobiscum.</strong></span> <span class='ocrx_word' id='word_1_119' title='bbox 601 1641 684 1694; x_wconf 83' lang='lat' dir='ltr'><strong>Ad</strong></span> <span class='ocrx_word' id='word_1_120' title='bbox 737 1640 1232 1711; x_wconf 68' lang='lat' dir='ltr'><strong>Com.Qua2sumus</strong></span> <span class='ocrx_word' id='word_1_121' title='bbox 1286 1642 1628 1714; x_wconf 88' lang='lat' dir='ltr'><strong>omnipotens</strong></span> <span class='ocrx_word' id='word_1_122' title='bbox 1659 1642 1820 1709; x_wconf 88' lang='lat' dir='ltr'><strong>Deus,</strong></span> 
     </span>
    </p>
   </div>
   <div class='ocr_carea' id='block_1_18' title="bbox 238 1728 1825 1804">
    <p class='ocr_par' dir='ltr' id='par_1_18' title="bbox 238 1728 1825 1804">
     <span class='ocr_line' id='line_1_18' title="bbox 238 1728 1825 1804; baseline 0.004 -22"><span class='ocrx_word' id='word_1_123' title='bbox 238 1728 494 1785; x_wconf 88' lang='lat' dir='ltr'><strong>instituta</strong></span> <span class='ocrx_word' id='word_1_124' title='bbox 538 1731 893 1802; x_wconf 57' lang='lat' dir='ltr'><strong>providentia;</strong></span> <span class='ocrx_word' id='word_1_125' title='bbox 940 1741 1046 1790; x_wconf 70' lang='lat' dir='ltr'><strong>tua:</strong></span> <span class='ocrx_word' id='word_1_126' title='bbox 1101 1733 1192 1804; x_wconf 88' lang='lat' dir='ltr'><strong>pio</strong></span> <span class='ocrx_word' id='word_1_127' title='bbox 1238 1748 1423 1790; x_wconf 90' lang='lat' dir='ltr'><strong>amore</strong></span> <span class='ocrx_word' id='word_1_128' title='bbox 1453 1733 1736 1799; x_wconf 91' lang='lat' dir='ltr'><strong>comitare,</strong></span> <span class='ocrx_word' id='word_1_129' title='bbox 1765 1740 1825 1788; x_wconf 92' lang='lat' dir='ltr'><strong>ut</strong></span> 
     </span>
    </p>
   </div>
   <div class='ocr_carea' id='block_1_19' title="bbox 235 1807 1897 1895">
    <p class='ocr_par' dir='ltr' id='par_1_19' title="bbox 235 1807 1897 1895">
     <span class='ocr_line' id='line_1_19' title="bbox 235 1807 1897 1895; baseline 0.004 -23"><span class='ocrx_word' id='word_1_130' title='bbox 235 1833 380 1889; x_wconf 66' lang='lat' dir='ltr'><strong>quos</strong></span> <span class='ocrx_word' id='word_1_131' title='bbox 399 1819 636 1889; x_wconf 81' lang='lat' dir='ltr'><strong>legitima</strong></span> <span class='ocrx_word' id='word_1_132' title='bbox 669 1824 930 1880; x_wconf 86' lang='lat' dir='ltr'><strong>societate</strong></span> <span class='ocrx_word' id='word_1_133' title='bbox 959 1824 1261 1891; x_wconf 87' lang='lat' dir='ltr'><strong>connectis,</strong></span> <span class='ocrx_word' id='word_1_134' title='bbox 1301 1823 1539 1895; x_wconf 59' lang='lat' dir='ltr'><strong>longaeva</strong></span> <span class='ocrx_word' id='word_1_135' title='bbox 1566 1838 1698 1895; x_wconf 88' lang='lat' dir='ltr'><strong>pace</strong></span> <span class='ocrx_word' id='word_1_136' title='bbox 1725 1839 1818 1879; x_wconf 86' lang='lat' dir='ltr'><strong>cu-</strong></span> <span class='ocrx_word' id='word_1_137' title='bbox 1845 1807 1897 1872; x_wconf 74' lang='grc' dir='ltr'><strong>Β</strong></span> 
     </span>
    </p>
   </div>
   <div class='ocr_carea' id='block_1_20' title="bbox 234 1910 817 1988">
    <p class='ocr_par' dir='ltr' id='par_1_20' title="bbox 234 1910 817 1988">
     <span class='ocr_line' id='line_1_20' title="bbox 234 1910 817 1988; baseline 0.009 -23"><span class='ocrx_word' id='word_1_138' title='bbox 234 1910 466 1969; x_wconf 78' lang='lat' dir='ltr'><strong>stodias.</strong></span> <span class='ocrx_word' id='word_1_139' title='bbox 506 1913 611 1970; x_wconf 84' lang='lat' dir='ltr'><strong>Per</strong></span> <span class='ocrx_word' id='word_1_140' title='bbox 647 1914 817 1988; x_wconf 70' lang='grc'><strong>(151).</strong></span> 
     </span>
    </p>
   </div>
   <div class='ocr_carea' id='block_1_21' title="bbox 541 2019 1531 2066">
    <p class='ocr_par' dir='ltr' id='par_1_21' title="bbox 541 2019 1531 2066">
     <span class='ocr_line' id='line_1_21' title="bbox 541 2019 1531 2066; baseline 0.001 -6"><span class='ocrx_word' id='word_1_141' title='bbox 541 2019 742 2063; x_wconf 86' lang='lat' dir='ltr'><strong>ORATIO</strong></span> <span class='ocrx_word' id='word_1_142' title='bbox 778 2023 844 2062; x_wconf 86' lang='lat' dir='ltr'><strong>AD</strong></span> <span class='ocrx_word' id='word_1_143' title='bbox 884 2023 1209 2066; x_wconf 69' lang='lat' dir='ltr'><strong>VISITANDUI</strong></span> <span class='ocrx_word' id='word_1_144' title='bbox 1250 2023 1531 2064; x_wconf 68' lang='lat' dir='ltr'><strong>INFIRIUI.</strong></span> 
     </span>
    </p>
   </div>
   <div class='ocr_carea' id='block_1_22' title="bbox 233 2091 1815 2166">
    <p class='ocr_par' dir='ltr' id='par_1_22' title="bbox 233 2091 1815 2166">
     <span class='ocr_line' id='line_1_22' title="bbox 233 2091 1815 2166; baseline 0.003 -18"><span class='ocrx_word' id='word_1_145' title='bbox 233 2091 351 2164; x_wconf 76' lang='lat' dir='ltr'><strong>(Ea:</strong></span> <span class='ocrx_word' id='word_1_146' title='bbox 375 2095 491 2152; x_wconf 81' lang='lat' dir='ltr'><strong>cod.</strong></span> <span class='ocrx_word' id='word_1_147' title='bbox 525 2095 748 2153; x_wconf 81' lang='lat' dir='ltr'><strong>Vindob.</strong></span> <span class='ocrx_word' id='word_1_148' title='bbox 789 2099 948 2155; x_wconf 83' lang='lat' dir='ltr'><strong>theol.</strong></span> <span class='ocrx_word' id='word_1_149' title='bbox 988 2101 1113 2166; x_wconf 75' lang='grc'><strong>149,</strong></span> <span class='ocrx_word' id='word_1_150' title='bbox 1143 2117 1265 2156; x_wconf 68' lang='lat' dir='ltr'><strong>saec.</strong></span> <span class='ocrx_word' id='word_1_151' title='bbox 1303 2117 1384 2166; x_wconf 68' lang='grc' dir='ltr'><strong>ιι,</strong></span> <span class='ocrx_word' id='word_1_152' title='bbox 1423 2097 1815 2156; x_wconf 79' lang='lat' dir='ltr'><strong>Sacramentar.</strong></span> 
     </span>
    </p>
   </div>
   <div class='ocr_carea' id='block_1_23' title="bbox 885 2169 1181 2242">
    <p class='ocr_par' dir='ltr' id='par_1_23' title="bbox 885 2169 1181 2242">
     <span class='ocr_line' id='line_1_23' title="bbox 885 2169 1181 2242; baseline 0.01 -18"><span class='ocrx_word' id='word_1_153' title='bbox 885 2169 1181 2242; x_wconf 74' lang='lat' dir='ltr'><strong>Augienst‘.)</strong></span> 
     </span>
    </p>
   </div>
   <div class='ocr_carea' id='block_1_24' title="bbox 308 2257 1818 2336">
    <p class='ocr_par' dir='ltr' id='par_1_24' title="bbox 308 2257 1818 2336">
     <span class='ocr_line' id='line_1_24' title="bbox 308 2257 1818 2336; baseline 0.005 -24"><span class='ocrx_word' id='word_1_154' title='bbox 308 2257 453 2314; x_wconf 81' lang='lat' dir='ltr'><strong>Deus</strong></span> <span class='ocrx_word' id='word_1_155' title='bbox 478 2259 571 2330; x_wconf 89' lang='lat' dir='ltr'><strong>qui</strong></span> <span class='ocrx_word' id='word_1_156' title='bbox 617 2261 822 2318; x_wconf 85' lang='lat' dir='ltr'><strong>famulo</strong></span> <span class='ocrx_word' id='word_1_157' title='bbox 851 2271 946 2319; x_wconf 92' lang='lat' dir='ltr'><strong>tuo</strong></span> <span class='ocrx_word' id='word_1_158' title='bbox 990 2263 1254 2331; x_wconf 55' lang='lat' dir='ltr'><strong>Ezechias,</strong></span> <span class='ocrx_word' id='word_1_159' title='bbox 1280 2271 1386 2320; x_wconf 90' lang='lat' dir='ltr'><strong>etc.</strong></span> <span class='ocrx_word' id='word_1_160' title='bbox 1417 2263 1559 2319; x_wconf 77' lang='lat' dir='ltr'><strong>Alia.</strong></span> <span class='ocrx_word' id='word_1_161' title='bbox 1588 2262 1818 2336; x_wconf 81' lang='lat' dir='ltr'><strong>Respice</strong></span> 
     </span>
    </p>
   </div>
   <div class='ocr_carea' id='block_1_25' title="bbox 237 2350 988 2422">
    <p class='ocr_par' dir='ltr' id='par_1_25' title="bbox 237 2350 988 2422">
     <span class='ocr_line' id='line_1_25' title="bbox 237 2350 988 2422; baseline 0.005 -16"><span class='ocrx_word' id='word_1_162' title='bbox 237 2350 356 2407; x_wconf 92' lang='lat' dir='ltr'><strong>Dne</strong></span> <span class='ocrx_word' id='word_1_163' title='bbox 378 2350 638 2408; x_wconf 90' lang='lat' dir='ltr'><strong>famulum</strong></span> <span class='ocrx_word' id='word_1_164' title='bbox 671 2363 846 2422; x_wconf 92' lang='lat' dir='ltr'><strong>tuum,</strong></span> <span class='ocrx_word' id='word_1_165' title='bbox 881 2363 988 2412; x_wconf 88' lang='lat' dir='ltr'><strong>etc.</strong></span> 
     </span>
    </p>
   </div>
   <div class='ocr_carea' id='block_1_26' title="bbox 609 2459 1434 2506">
    <p class='ocr_par' dir='ltr' id='par_1_26' title="bbox 609 2459 1434 2506">
     <span class='ocr_line' id='line_1_26' title="bbox 609 2459 1434 2506; baseline 0.005 -5"><span class='ocrx_word' id='word_1_166' title='bbox 609 2459 810 2503; x_wconf 87' lang='lat' dir='ltr'><strong>ORATIO</strong></span> <span class='ocrx_word' id='word_1_167' title='bbox 846 2463 1009 2505; x_wconf 68' lang='lat' dir='ltr'><strong>SUPER</strong></span> <span class='ocrx_word' id='word_1_168' title='bbox 1047 2463 1434 2506; x_wconf 64' lang='grc' dir='ltr'><strong>ναικιτιμτειι.</strong></span> 
     </span>
    </p>
   </div>
   <div class='ocr_carea' id='block_1_27' title="bbox 305 2535 1816 2614">
    <p class='ocr_par' dir='ltr' id='par_1_27' title="bbox 305 2535 1816 2614">
     <span class='ocr_line' id='line_1_27' title="bbox 305 2535 1816 2614; baseline 0.007 -24"><span class='ocrx_word' id='word_1_169' title='bbox 305 2535 381 2590; x_wconf 84' lang='lat' dir='ltr'><strong>Da</strong></span> <span class='ocrx_word' id='word_1_170' title='bbox 415 2536 572 2594; x_wconf 88' lang='lat' dir='ltr'><strong>nobis</strong></span> <span class='ocrx_word' id='word_1_171' title='bbox 607 2538 858 2606; x_wconf 86' lang='lat' dir='ltr'><strong>Domine,</strong></span> <span class='ocrx_word' id='word_1_172' title='bbox 903 2548 963 2595; x_wconf 91' lang='lat' dir='ltr'><strong>ut</strong></span> <span class='ocrx_word' id='word_1_173' title='bbox 991 2541 1133 2596; x_wconf 89' lang='lat' dir='ltr'><strong>sicut</strong></span> <span class='ocrx_word' id='word_1_174' title='bbox 1179 2541 1453 2612; x_wconf 89' lang='lat' dir='ltr'><strong>publicani</strong></span> <span class='ocrx_word' id='word_1_175' title='bbox 1480 2541 1735 2614; x_wconf 89' lang='lat' dir='ltr'><strong>precibus</strong></span> <span class='ocrx_word' id='word_1_176' title='bbox 1759 2552 1816 2600; x_wconf 91' lang='lat' dir='ltr'><strong>et</strong></span> 
     </span>
    </p>
   </div>
   <div class='ocr_carea' id='block_1_28' title="bbox 223 2625 1810 2700">
    <p class='ocr_par' dir='ltr' id='par_1_28' title="bbox 223 2625 1810 2700">
     <span class='ocr_line' id='line_1_28' title="bbox 223 2625 1810 2700; baseline 0.004 -17"><span class='ocrx_word' id='word_1_177' title='bbox 223 2625 576 2685; x_wconf 78' lang='lat' dir='ltr'><strong>confessione</strong></span> <span class='ocrx_word' id='word_1_178' title='bbox 617 2628 866 2700; x_wconf 86' lang='lat' dir='ltr'><strong>placatus</strong></span> <span class='ocrx_word' id='word_1_179' title='bbox 888 2645 970 2698; x_wconf 85' lang='lat' dir='ltr'><strong>es,</strong></span> <span class='ocrx_word' id='word_1_180' title='bbox 1011 2631 1084 2686; x_wconf 87' lang='lat' dir='ltr'><strong>ita</strong></span> <span class='ocrx_word' id='word_1_181' title='bbox 1111 2641 1167 2688; x_wconf 93' lang='lat' dir='ltr'><strong>et</strong></span> <span class='ocrx_word' id='word_1_182' title='bbox 1205 2633 1333 2689; x_wconf 87' lang='lat' dir='ltr'><strong>huic</strong></span> <span class='ocrx_word' id='word_1_183' title='bbox 1379 2633 1586 2690; x_wconf 87' lang='lat' dir='ltr'><strong>famulo</strong></span> <span class='ocrx_word' id='word_1_184' title='bbox 1605 2641 1699 2690; x_wconf 91' lang='lat' dir='ltr'><strong>tuo</strong></span> <span class='ocrx_word' id='word_1_185' title='bbox 1731 2634 1810 2690; x_wconf 75' lang='lat' dir='ltr'><strong>ill.</strong></span> 
     </span>
    </p>
   </div>
   <div class='ocr_carea' id='block_1_29' title="bbox 217 2717 1812 2795">
    <p class='ocr_par' dir='ltr' id='par_1_29' title="bbox 217 2717 1812 2795">
     <span class='ocr_line' id='line_1_29' title="bbox 217 2717 1812 2795; baseline 0.006 -23"><span class='ocrx_word' id='word_1_186' title='bbox 217 2717 472 2789; x_wconf 83' lang='lat' dir='ltr'><strong>placare,</strong></span> <span class='ocrx_word' id='word_1_187' title='bbox 501 2727 556 2774; x_wconf 92' lang='lat' dir='ltr'><strong>et</strong></span> <span class='ocrx_word' id='word_1_188' title='bbox 583 2720 836 2790; x_wconf 86' lang='lat' dir='ltr'><strong>precibus</strong></span> <span class='ocrx_word' id='word_1_189' title='bbox 857 2719 975 2792; x_wconf 89' lang='lat' dir='ltr'><strong>ejus</strong></span> <span class='ocrx_word' id='word_1_190' title='bbox 995 2721 1262 2795; x_wconf 80' lang='lat' dir='ltr'><strong>benignus</strong></span> <span class='ocrx_word' id='word_1_191' title='bbox 1283 2724 1486 2794; x_wconf 88' lang='lat' dir='ltr'><strong>aspira,</strong></span> <span class='ocrx_word' id='word_1_192' title='bbox 1513 2724 1652 2780; x_wconf 89' lang='lat' dir='ltr'><strong>utin</strong></span> <span class='ocrx_word' id='word_1_193' title='bbox 1681 2739 1812 2780; x_wconf 89' lang='lat' dir='ltr'><strong>con-</strong></span> 
     </span>
    </p>
   </div>
   <div class='ocr_carea' id='block_1_30' title="bbox 217 2797 1810 2885">
    <p class='ocr_par' dir='ltr' id='par_1_30' title="bbox 217 2797 1810 2885">
     <span class='ocr_line' id='line_1_30' title="bbox 217 2797 1810 2885; baseline 0.004 -22"><span class='ocrx_word' id='word_1_194' title='bbox 217 2797 468 2864; x_wconf 74' lang='lat' dir='ltr'><strong>fessione</strong></span> <span class='ocrx_word' id='word_1_195' title='bbox 516 2807 679 2866; x_wconf 83' lang='lat' dir='ltr'><strong>flebili</strong></span> <span class='ocrx_word' id='word_1_196' title='bbox 731 2821 1156 2882; x_wconf 88' lang='lat' dir='ltr'><strong>permanens,et</strong></span> <span class='ocrx_word' id='word_1_197' title='bbox 1184 2814 1445 2883; x_wconf 89' lang='lat' dir='ltr'><strong>petitione</strong></span> <span class='ocrx_word' id='word_1_198' title='bbox 1492 2823 1810 2885; x_wconf 87' lang='lat' dir='ltr'><strong>perpetuam</strong></span> 
     </span>
    </p>
   </div>
   <div class='ocr_carea' id='block_1_31' title="bbox 219 2897 1812 2975">
    <p class='ocr_par' dir='ltr' id='par_1_31' title="bbox 219 2897 1812 2975">
     <span class='ocr_line' id='line_1_31' title="bbox 219 2897 1812 2975; baseline 0.006 -24"><span class='ocrx_word' id='word_1_199' title='bbox 219 2897 577 2956; x_wconf 89' lang='lat' dir='ltr'><strong>clementiam</strong></span> <span class='ocrx_word' id='word_1_200' title='bbox 600 2913 747 2956; x_wconf 90' lang='lat' dir='ltr'><strong>tuam</strong></span> <span class='ocrx_word' id='word_1_201' title='bbox 767 2901 1021 2958; x_wconf 90' lang='lat' dir='ltr'><strong>celeriter</strong></span> <span class='ocrx_word' id='word_1_202' title='bbox 1050 2913 1262 2970; x_wconf 87' lang='lat' dir='ltr'><strong>exoret,</strong></span> <span class='ocrx_word' id='word_1_203' title='bbox 1285 2904 1597 2975; x_wconf 88' lang='lat' dir='ltr'><strong>sanctisque</strong></span> <span class='ocrx_word' id='word_1_204' title='bbox 1624 2905 1812 2960; x_wconf 88' lang='lat' dir='ltr'><strong>altari-</strong></span> 
     </span>
    </p>
   </div>
   <div class='ocr_carea' id='block_1_32' title="bbox 218 2987 1811 3067">
    <p class='ocr_par' dir='ltr' id='par_1_32' title="bbox 218 2987 1811 3067">
     <span class='ocr_line' id='line_1_32' title="bbox 218 2987 1811 3067; baseline 0.004 -24"><span class='ocrx_word' id='word_1_205' title='bbox 218 2987 331 3043; x_wconf 80' lang='lat' dir='ltr'><strong>bus</strong></span> <span class='ocrx_word' id='word_1_206' title='bbox 359 2997 416 3044; x_wconf 86' lang='lat' dir='ltr'><strong>et</strong></span> <span class='ocrx_word' id='word_1_207' title='bbox 440 2990 812 3050; x_wconf 84' lang='lat' dir='ltr'><strong>Sacramentis</strong></span> <span class='ocrx_word' id='word_1_208' title='bbox 840 2993 1145 3060; x_wconf 90' lang='lat' dir='ltr'><strong>restitutus,</strong></span> <span class='ocrx_word' id='word_1_209' title='bbox 1173 3010 1364 3050; x_wconf 88' lang='lat' dir='ltr'><strong>rursus</strong></span> <span class='ocrx_word' id='word_1_210' title='bbox 1392 2993 1600 3052; x_wconf 67' lang='lat' dir='ltr'><strong>caelesti</strong></span> <span class='ocrx_word' id='word_1_211' title='bbox 1625 2995 1811 3067; x_wconf 66' lang='lat' dir='ltr'><strong>gloriae</strong></span> 
     </span>
    </p>
   </div>
   <div class='ocr_carea' id='block_1_33' title="bbox 219 3082 741 3155">
    <p class='ocr_par' dir='ltr' id='par_1_33' title="bbox 219 3082 741 3155">
     <span class='ocr_line' id='line_1_33' title="bbox 219 3082 741 3155; baseline 0.011 -20"><span class='ocrx_word' id='word_1_212' title='bbox 219 3082 590 3155; x_wconf 87' lang='lat' dir='ltr'><strong>mancipetur.</strong></span> <span class='ocrx_word' id='word_1_213' title='bbox 615 3085 741 3141; x_wconf 89' lang='lat' dir='ltr'><strong>Per.</strong></span> 
     </span>
    </p>
   </div>
   <div class='ocr_carea' id='block_1_34' title="bbox 601 3191 1448 3235">
    <p class='ocr_par' dir='ltr' id='par_1_34' title="bbox 601 3191 1448 3235">
     <span class='ocr_line' id='line_1_34' title="bbox 601 3191 1448 3235; baseline 0.004 -4"><span class='ocrx_word' id='word_1_214' title='bbox 601 3191 803 3233; x_wconf 87' lang='lat' dir='ltr'><strong>ORATIO</strong></span> <span class='ocrx_word' id='word_1_215' title='bbox 838 3193 905 3233; x_wconf 90' lang='lat' dir='ltr'><strong>AD</strong></span> <span class='ocrx_word' id='word_1_216' title='bbox 945 3192 1113 3233; x_wconf 78' lang='lat' dir='ltr'><strong>AGAPE</strong></span> <span class='ocrx_word' id='word_1_217' title='bbox 1149 3194 1448 3235; x_wconf 79' lang='lat' dir='ltr'><strong>PAUPERUII.</strong></span> 
     </span>
    </p>
   </div>
   <div class='ocr_carea' id='block_1_35' title="bbox 301 3266 1808 3341">
    <p class='ocr_par' dir='ltr' id='par_1_35' title="bbox 301 3266 1808 3341">
     <span class='ocr_line' id='line_1_35' title="bbox 301 3266 1808 3341; baseline 0.003 -19"><span class='ocrx_word' id='word_1_218' title='bbox 301 3267 377 3323; x_wconf 89' lang='lat' dir='ltr'><strong>Da</strong></span> <span class='ocrx_word' id='word_1_219' title='bbox 403 3266 633 3324; x_wconf 91' lang='lat' dir='ltr'><strong>Domine</strong></span> <span class='ocrx_word' id='word_1_220' title='bbox 675 3267 876 3324; x_wconf 89' lang='lat' dir='ltr'><strong>famulo</strong></span> <span class='ocrx_word' id='word_1_221' title='bbox 899 3277 992 3325; x_wconf 93' lang='lat' dir='ltr'><strong>tuo</strong></span> <span class='ocrx_word' id='word_1_222' title='bbox 1039 3269 1114 3324; x_wconf 92' lang='lat' dir='ltr'><strong>ill.</strong></span> <span class='ocrx_word' id='word_1_223' title='bbox 1147 3277 1360 3339; x_wconf 90' lang='lat' dir='ltr'><strong>sperata</strong></span> <span class='ocrx_word' id='word_1_224' title='bbox 1391 3268 1645 3341; x_wconf 70' lang='lat' dir='ltr'><strong>suffragia</strong></span> <span class='ocrx_word' id='word_1_225' title='bbox 1669 3271 1808 3329; x_wconf 84' lang='lat' dir='ltr'><strong>obti-</strong></span> 
     </span>
    </p>
   </div>
   <div class='ocr_carea' id='block_1_36' title="bbox 220 3358 1811 3430">
    <p class='ocr_par' dir='ltr' id='par_1_36' title="bbox 220 3358 1811 3430">
     <span class='ocr_line' id='line_1_36' title="bbox 220 3358 1811 3430; baseline 0.001 -14"><span class='ocrx_word' id='word_1_226' title='bbox 220 3373 386 3426; x_wconf 85' lang='lat' dir='ltr'><strong>nere,</strong></span> <span class='ocrx_word' id='word_1_227' title='bbox 407 3367 470 3415; x_wconf 92' lang='lat' dir='ltr'><strong>nt</strong></span> <span class='ocrx_word' id='word_1_228' title='bbox 495 3358 588 3430; x_wconf 91' lang='lat' dir='ltr'><strong>qui</strong></span> <span class='ocrx_word' id='word_1_229' title='bbox 617 3365 739 3414; x_wconf 89' lang='lat' dir='ltr'><strong>tuos</strong></span> <span class='ocrx_word' id='word_1_230' title='bbox 763 3373 1032 3430; x_wconf 88' lang='lat' dir='ltr'><strong>pauperes</strong></span> <span class='ocrx_word' id='word_1_231' title='bbox 1056 3359 1138 3414; x_wconf 91' lang='lat' dir='ltr'><strong>vel</strong></span> <span class='ocrx_word' id='word_1_232' title='bbox 1170 3368 1290 3416; x_wconf 88' lang='lat' dir='ltr'><strong>tuas</strong></span> <span class='ocrx_word' id='word_1_233' title='bbox 1314 3360 1576 3417; x_wconf 88' lang='lat' dir='ltr'><strong>ecclesias</strong></span> <span class='ocrx_word' id='word_1_234' title='bbox 1602 3377 1811 3417; x_wconf 80' lang='lat' dir='ltr'><strong>mento-</strong></span> 
     </span>
    </p>
   </div>
   <div class='ocr_carea' id='block_1_37' title="bbox 218 3450 1806 3525">
    <p class='ocr_par' dir='ltr' id='par_1_37' title="bbox 218 3450 1806 3525">
     <span class='ocr_line' id='line_1_37' title="bbox 218 3450 1806 3525; baseline 0.002 -19"><span class='ocrx_word' id='word_1_235' title='bbox 218 3461 404 3518; x_wconf 90' lang='lat' dir='ltr'><strong>ratur,</strong></span> <span class='ocrx_word' id='word_1_236' title='bbox 453 3450 776 3508; x_wconf 85' lang='lat' dir='ltr'><strong>Sanctorum</strong></span> <span class='ocrx_word' id='word_1_237' title='bbox 798 3451 1041 3507; x_wconf 88' lang='lat' dir='ltr'><strong>omnium</strong></span> <span class='ocrx_word' id='word_1_238' title='bbox 1073 3451 1254 3518; x_wconf 88' lang='lat' dir='ltr'><strong>simul,</strong></span> <span class='ocrx_word' id='word_1_239' title='bbox 1297 3461 1353 3509; x_wconf 92' lang='lat' dir='ltr'><strong>et</strong></span> <span class='ocrx_word' id='word_1_240' title='bbox 1381 3453 1524 3509; x_wconf 89' lang='lat' dir='ltr'><strong>beati</strong></span> <span class='ocrx_word' id='word_1_241' title='bbox 1548 3455 1806 3525; x_wconf 86' lang='lat' dir='ltr'><strong>martyris</strong></span> 
     </span>
    </p>
   </div>
   <div class='ocr_carea' id='block_1_38' title="bbox 220 3541 1805 3612">
    <p class='ocr_par' dir='ltr' id='par_1_38' title="bbox 220 3541 1805 3612">
     <span class='ocr_line' id='line_1_38' title="bbox 220 3541 1805 3612; baseline 0.004 -17"><span class='ocrx_word' id='word_1_242' title='bbox 220 3541 307 3596; x_wconf 90' lang='lat' dir='ltr'><strong>tui</strong></span> <span class='ocrx_word' id='word_1_243' title='bbox 345 3541 626 3597; x_wconf 89' lang='lat' dir='ltr'><strong>Laurentii</strong></span> <span class='ocrx_word' id='word_1_244' title='bbox 667 3550 943 3598; x_wconf 89' lang='lat' dir='ltr'><strong>mereatur</strong></span> <span class='ocrx_word' id='word_1_245' title='bbox 996 3545 1296 3610; x_wconf 90' lang='lat' dir='ltr'><strong>consortia,</strong></span> <span class='ocrx_word' id='word_1_246' title='bbox 1353 3543 1508 3612; x_wconf 85' lang='lat' dir='ltr'><strong>cujus</strong></span> <span class='ocrx_word' id='word_1_247' title='bbox 1549 3561 1694 3602; x_wconf 92' lang='lat' dir='ltr'><strong>nunc</strong></span> <span class='ocrx_word' id='word_1_248' title='bbox 1720 3556 1805 3602; x_wconf 92' lang='lat' dir='ltr'><strong>est</strong></span> 
     </span>
    </p>
   </div>
   <div class='ocr_carea' id='block_1_39' title="bbox 221 3631 1052 3703">
    <p class='ocr_par' dir='ltr' id='par_1_39' title="bbox 221 3631 1052 3703">
     <span class='ocr_line' id='line_1_39' title="bbox 221 3631 1052 3703; baseline 0.005 -17"><span class='ocrx_word' id='word_1_249' title='bbox 221 3631 472 3703; x_wconf 86' lang='lat' dir='ltr'><strong>exempla</strong></span> <span class='ocrx_word' id='word_1_250' title='bbox 497 3640 734 3689; x_wconf 87' lang='lat' dir='ltr'><strong>secutus.</strong></span> <span class='ocrx_word' id='word_1_251' title='bbox 771 3632 877 3690; x_wconf 89' lang='lat' dir='ltr'><strong>Per</strong></span> <span class='ocrx_word' id='word_1_252' title='bbox 904 3634 1052 3690; x_wconf 94' lang='lat' dir='ltr'><strong>dnm.</strong></span> 
     </span>
    </p>
   </div>
   <div class='ocr_carea' id='block_1_40' title="bbox 625 3741 1394 3785">
    <p class='ocr_par' dir='ltr' id='par_1_40' title="bbox 625 3741 1394 3785">
     <span class='ocr_line' id='line_1_40' title="bbox 625 3741 1394 3785; baseline 0.003 -3"><span class='ocrx_word' id='word_1_253' title='bbox 625 3741 827 3784; x_wconf 81' lang='lat' dir='ltr'><strong>ORATIO</strong></span> <span class='ocrx_word' id='word_1_254' title='bbox 861 3743 930 3782; x_wconf 87' lang='lat' dir='ltr'><strong>AD</strong></span> <span class='ocrx_word' id='word_1_255' title='bbox 965 3743 1081 3783; x_wconf 78' lang='lat' dir='ltr'><strong>CAPI</strong></span> <span class='ocrx_word' id='word_1_256' title='bbox 1089 3745 1370 3785; x_wconf 70' lang='lat' dir='ltr'><strong>LLATURAH</strong></span> <span class='ocrx_word' id='word_1_257' title='bbox 1381 3770 1394 3784; x_wconf 83' lang='lat'><strong>.</strong></span> 
     </span>
    </p>
   </div>
   <div class='ocr_carea' id='block_1_41' title="bbox 297 3817 1804 3892">
    <p class='ocr_par' dir='ltr' id='par_1_41' title="bbox 297 3817 1804 3892">
     <span class='ocr_line' id='line_1_41' title="bbox 297 3817 1804 3892; baseline 0.003 -18"><span class='ocrx_word' id='word_1_258' title='bbox 297 3817 651 3887; x_wconf 87' lang='lat' dir='ltr'><strong>Omnipotens</strong></span> <span class='ocrx_word' id='word_1_259' title='bbox 708 3817 1038 3888; x_wconf 86' lang='lat' dir='ltr'><strong>sempiterne</strong></span> <span class='ocrx_word' id='word_1_260' title='bbox 1092 3819 1236 3875; x_wconf 91' lang='lat' dir='ltr'><strong>Deus</strong></span> <span class='ocrx_word' id='word_1_261' title='bbox 1289 3819 1496 3891; x_wconf 84' lang='lat' dir='ltr'><strong>respice</strong></span> <span class='ocrx_word' id='word_1_262' title='bbox 1539 3822 1804 3892; x_wconf 88' lang='lat' dir='ltr'><strong>propitius</strong></span> 
     </span>
    </p>
   </div>
   <div class='ocr_carea' id='block_1_42' title="bbox 222 3906 1800 3982">
    <p class='ocr_par' dir='ltr' id='par_1_42' title="bbox 222 3906 1800 3982">
     <span class='ocr_line' id='line_1_42' title="bbox 222 3906 1800 3982; baseline 0.004 -20"><span class='ocrx_word' id='word_1_263' title='bbox 222 3921 391 3978; x_wconf 86' lang='lat' dir='ltr'><strong>super</strong></span> <span class='ocrx_word' id='word_1_264' title='bbox 418 3909 562 3964; x_wconf 86' lang='lat' dir='ltr'><strong>hunc</strong></span> <span class='ocrx_word' id='word_1_265' title='bbox 590 3906 850 3964; x_wconf 90' lang='lat' dir='ltr'><strong>famulum</strong></span> <span class='ocrx_word' id='word_1_266' title='bbox 876 3918 1026 3965; x_wconf 92' lang='lat' dir='ltr'><strong>tuum</strong></span> <span class='ocrx_word' id='word_1_267' title='bbox 1071 3909 1148 3965; x_wconf 89' lang='lat' dir='ltr'><strong>ill.</strong></span> <span class='ocrx_word' id='word_1_268' title='bbox 1175 3925 1337 3982; x_wconf 90' lang='lat' dir='ltr'><strong>quem</strong></span> <span class='ocrx_word' id='word_1_269' title='bbox 1361 3911 1426 3966; x_wconf 92' lang='lat' dir='ltr'><strong>ad</strong></span> <span class='ocrx_word' id='word_1_270' title='bbox 1451 3927 1646 3968; x_wconf 86' lang='lat' dir='ltr'><strong>novam</strong></span> <span class='ocrx_word' id='word_1_271' title='bbox 1678 3923 1800 3969; x_wconf 79' lang='lat' dir='ltr'><strong>ton-</strong></span> 
     </span>
    </p>
   </div>
   <div class='ocr_carea' id='block_1_43' title="bbox 219 3997 1802 4070">
    <p class='ocr_par' dir='ltr' id='par_1_43' title="bbox 219 3997 1802 4070">
     <span class='ocr_line' id='line_1_43' title="bbox 219 3997 1802 4070; baseline 0.002 -14"><span class='ocrx_word' id='word_1_272' title='bbox 219 3997 385 4056; x_wconf 81' lang='lat' dir='ltr'><strong>dendi</strong></span> <span class='ocrx_word' id='word_1_273' title='bbox 409 3998 644 4069; x_wconf 80' lang='lat' dir='ltr'><strong>gratiam</strong></span> <span class='ocrx_word' id='word_1_274' title='bbox 663 4013 860 4056; x_wconf 87' lang='lat' dir='ltr'><strong>vocare</strong></span> <span class='ocrx_word' id='word_1_275' title='bbox 887 4000 1139 4070; x_wconf 90' lang='lat' dir='ltr'><strong>dignatus</strong></span> <span class='ocrx_word' id='word_1_276' title='bbox 1159 4015 1242 4070; x_wconf 91' lang='lat' dir='ltr'><strong>es,</strong></span> <span class='ocrx_word' id='word_1_277' title='bbox 1275 4001 1520 4059; x_wconf 88' lang='lat' dir='ltr'><strong>tribuens</strong></span> <span class='ocrx_word' id='word_1_278' title='bbox 1538 4004 1587 4058; x_wconf 89' lang='lat' dir='ltr'><strong>ei</strong></span> <span class='ocrx_word' id='word_1_279' title='bbox 1611 4004 1802 4060; x_wconf 88' lang='lat' dir='ltr'><strong>remis-</strong></span> 
     </span>
    </p>
   </div>
   <div class='ocr_carea' id='block_1_44' title="bbox 216 4089 1799 4165">
    <p class='ocr_par' dir='ltr' id='par_1_44' title="bbox 216 4089 1799 4165">
     <span class='ocr_line' id='line_1_44' title="bbox 216 4089 1799 4165; baseline 0.006 -22"><span class='ocrx_word' id='word_1_280' title='bbox 216 4089 430 4145; x_wconf 90' lang='lat' dir='ltr'><strong>sionem</strong></span> <span class='ocrx_word' id='word_1_281' title='bbox 465 4090 706 4146; x_wconf 91' lang='lat' dir='ltr'><strong>omnium</strong></span> <span class='ocrx_word' id='word_1_282' title='bbox 757 4100 1132 4164; x_wconf 91' lang='lat' dir='ltr'><strong>peccatorum,</strong></span> <span class='ocrx_word' id='word_1_283' title='bbox 1164 4102 1327 4165; x_wconf 90' lang='lat' dir='ltr'><strong>atque</strong></span> <span class='ocrx_word' id='word_1_284' title='bbox 1380 4095 1799 4153; x_wconf 84' lang='lat' dir='ltr'><strong>coelestiumdo-</strong></span> 
     </span>
    </p>
   </div>
   <div class='ocr_carea' id='block_1_45' title="bbox 216 4181 1522 4256">
    <p class='ocr_par' dir='ltr' id='par_1_45' title="bbox 216 4181 1522 4256">
     <span class='ocr_line' id='line_1_45' title="bbox 216 4181 1522 4256; baseline 0.005 -22"><span class='ocrx_word' id='word_1_285' title='bbox 216 4194 412 4235; x_wconf 88' lang='lat' dir='ltr'><strong>norum</strong></span> <span class='ocrx_word' id='word_1_286' title='bbox 441 4181 774 4238; x_wconf 89' lang='lat' dir='ltr'><strong>consortium</strong></span> <span class='ocrx_word' id='word_1_287' title='bbox 803 4196 924 4240; x_wconf 87' lang='lat' dir='ltr'><strong>esse</strong></span> <span class='ocrx_word' id='word_1_288' title='bbox 958 4194 1362 4256; x_wconf 86' lang='lat' dir='ltr'><strong>percepturum.</strong></span> <span class='ocrx_word' id='word_1_289' title='bbox 1400 4186 1522 4242; x_wconf 88' lang='lat' dir='ltr'><strong>Per.</strong></span> 
     </span>
    </p>
   </div>
   <div class='ocr_carea' id='block_1_46' title="bbox 524 4289 1492 4334">
    <p class='ocr_par' dir='ltr' id='par_1_46' title="bbox 524 4289 1492 4334">
     <span class='ocr_line' id='line_1_46' title="bbox 524 4289 1492 4334; baseline 0.002 -3"><span class='ocrx_word' id='word_1_290' title='bbox 524 4289 726 4332; x_wconf 88' lang='lat' dir='ltr'><strong>ORATIO</strong></span> <span class='ocrx_word' id='word_1_291' title='bbox 762 4291 830 4331; x_wconf 85' lang='lat' dir='ltr'><strong>AD</strong></span> <span class='ocrx_word' id='word_1_292' title='bbox 867 4291 1131 4332; x_wconf 75' lang='lat' dir='ltr'><strong>CLERICUI</strong></span> <span class='ocrx_word' id='word_1_293' title='bbox 1170 4293 1492 4334; x_wconf 70' lang='lat' dir='ltr'><strong>I-‘ACIENDUII.</strong></span> 
     </span>
    </p>
   </div>
   <div class='ocr_carea' id='block_1_47' title="bbox 287 4364 1798 4440">
    <p class='ocr_par' dir='ltr' id='par_1_47' title="bbox 287 4364 1798 4440">
     <span class='ocr_line' id='line_1_47' title="bbox 287 4364 1798 4440; baseline 0.006 -21"><span class='ocrx_word' id='word_1_294' title='bbox 287 4364 493 4422; x_wconf 74' lang='lat' dir='ltr'><strong>Prmsta</strong></span> <span class='ocrx_word' id='word_1_295' title='bbox 525 4382 836 4438; x_wconf 68' lang='lat' dir='ltr'><strong>quzrsumus</strong></span> <span class='ocrx_word' id='word_1_296' title='bbox 887 4368 1230 4440; x_wconf 88' lang='lat' dir='ltr'><strong>omnipotens</strong></span> <span class='ocrx_word' id='word_1_297' title='bbox 1285 4370 1448 4436; x_wconf 90' lang='lat' dir='ltr'><strong>Deus,</strong></span> <span class='ocrx_word' id='word_1_298' title='bbox 1481 4380 1536 4426; x_wconf 91' lang='lat' dir='ltr'><strong>et</strong></span> <span class='ocrx_word' id='word_1_299' title='bbox 1567 4372 1692 4428; x_wconf 92' lang='lat' dir='ltr'><strong>huic</strong></span> <span class='ocrx_word' id='word_1_300' title='bbox 1721 4373 1798 4428; x_wconf 87' lang='lat' dir='ltr'><strong>fa-</strong></span> 
     </span>
    </p>
   </div>
   <div class='ocr_carea' id='block_1_48' title="bbox 213 4457 1792 4532">
    <p class='ocr_par' dir='ltr' id='par_1_48' title="bbox 213 4457 1792 4532">
     <span class='ocr_line' id='line_1_48' title="bbox 213 4457 1792 4532; baseline 0.005 -20"><span class='ocrx_word' id='word_1_301' title='bbox 213 4457 364 4513; x_wconf 90' lang='lat' dir='ltr'><strong>mulo</strong></span> <span class='ocrx_word' id='word_1_302' title='bbox 385 4467 478 4514; x_wconf 94' lang='lat' dir='ltr'><strong>tuo</strong></span> <span class='ocrx_word' id='word_1_303' title='bbox 510 4459 586 4514; x_wconf 70' lang='grc' dir='ltr'><strong>κι.</strong></span> <span class='ocrx_word' id='word_1_304' title='bbox 614 4459 706 4530; x_wconf 85' lang='lat' dir='ltr'><strong>qui</strong></span> <span class='ocrx_word' id='word_1_305' title='bbox 732 4459 798 4515; x_wconf 92' lang='lat' dir='ltr'><strong>ad</strong></span> <span class='ocrx_word' id='word_1_306' title='bbox 833 4459 1208 4530; x_wconf 90' lang='lat' dir='ltr'><strong>deponendam</strong></span> <span class='ocrx_word' id='word_1_307' title='bbox 1251 4475 1460 4516; x_wconf 90' lang='lat' dir='ltr'><strong>comam</strong></span> <span class='ocrx_word' id='word_1_308' title='bbox 1495 4463 1688 4532; x_wconf 84' lang='lat' dir='ltr'><strong>capitis</strong></span> <span class='ocrx_word' id='word_1_309' title='bbox 1711 4466 1792 4519; x_wconf 91' lang='lat' dir='ltr'><strong>sui</strong></span> 
     </span>
    </p>
   </div>
   <div class='ocr_carea' id='block_1_49' title="bbox 213 4549 1789 4623">
    <p class='ocr_par' dir='ltr' id='par_1_49' title="bbox 213 4549 1789 4623">
     <span class='ocr_line' id='line_1_49' title="bbox 213 4549 1789 4623; baseline 0.002 -19"><span class='ocrx_word' id='word_1_310' title='bbox 213 4558 438 4620; x_wconf 88' lang='lat' dir='ltr'><strong>propter</strong></span> <span class='ocrx_word' id='word_1_311' title='bbox 466 4564 706 4605; x_wconf 89' lang='lat' dir='ltr'><strong>amorem</strong></span> <span class='ocrx_word' id='word_1_312' title='bbox 722 4549 922 4606; x_wconf 89' lang='lat' dir='ltr'><strong>Christi</strong></span> <span class='ocrx_word' id='word_1_313' title='bbox 947 4549 1042 4604; x_wconf 80' lang='lat' dir='ltr'><strong>lilii</strong></span> <span class='ocrx_word' id='word_1_314' title='bbox 1074 4551 1152 4608; x_wconf 89' lang='lat' dir='ltr'><strong>tui</strong></span> <span class='ocrx_word' id='word_1_315' title='bbox 1174 4549 1499 4617; x_wconf 88' lang='lat' dir='ltr'><strong>festinat,da</strong></span> <span class='ocrx_word' id='word_1_316' title='bbox 1527 4551 1789 4623; x_wconf 90' lang='lat' dir='ltr'><strong>Spiritum</strong></span> 
     </span>
    </p>
   </div>
   <div class='ocr_carea' id='block_1_50' title="bbox 214 4640 1794 4714">
    <p class='ocr_par' dir='ltr' id='par_1_50' title="bbox 214 4640 1794 4714">
     <span class='ocr_line' id='line_1_50' title="bbox 214 4640 1794 4714; baseline 0.004 -21"><span class='ocrx_word' id='word_1_317' title='bbox 214 4649 489 4706; x_wconf 86' lang='lat' dir='ltr'><strong>sanctum,</strong></span> <span class='ocrx_word' id='word_1_318' title='bbox 524 4640 616 4710; x_wconf 92' lang='lat' dir='ltr'><strong>qui</strong></span> <span class='ocrx_word' id='word_1_319' title='bbox 645 4641 892 4696; x_wconf 88' lang='lat' dir='ltr'><strong>habitum</strong></span> <span class='ocrx_word' id='word_1_320' title='bbox 923 4640 1200 4712; x_wconf 79' lang='lat' dir='ltr'><strong>religionis</strong></span> <span class='ocrx_word' id='word_1_321' title='bbox 1228 4643 1282 4697; x_wconf 93' lang='lat' dir='ltr'><strong>in</strong></span> <span class='ocrx_word' id='word_1_322' title='bbox 1308 4657 1374 4700; x_wconf 92' lang='lat' dir='ltr'><strong>eo</strong></span> <span class='ocrx_word' id='word_1_323' title='bbox 1407 4653 1670 4714; x_wconf 88' lang='lat' dir='ltr'><strong>perpetuo</strong></span> <span class='ocrx_word' id='word_1_324' title='bbox 1699 4661 1794 4702; x_wconf 90' lang='lat' dir='ltr'><strong>cu-</strong></span> 
     </span>
    </p>
   </div>
   <div class='ocr_carea' id='block_1_51' title="bbox 211 4728 1790 4801">
    <p class='ocr_par' dir='ltr' id='par_1_51' title="bbox 211 4728 1790 4801">
     <span class='ocr_line' id='line_1_51' title="bbox 211 4728 1790 4801; baseline 0.004 -18"><span class='ocrx_word' id='word_1_325' title='bbox 211 4728 432 4795; x_wconf 88' lang='lat' dir='ltr'><strong>stodiat,</strong></span> <span class='ocrx_word' id='word_1_326' title='bbox 462 4737 518 4784; x_wconf 90' lang='lat' dir='ltr'><strong>et</strong></span> <span class='ocrx_word' id='word_1_327' title='bbox 542 4744 572 4783; x_wconf 89' lang='lat' dir='ltr'><strong>a</strong></span> <span class='ocrx_word' id='word_1_328' title='bbox 600 4729 783 4786; x_wconf 91' lang='lat' dir='ltr'><strong>mundi</strong></span> <span class='ocrx_word' id='word_1_329' title='bbox 816 4728 1217 4801; x_wconf 89' lang='lat' dir='ltr'><strong>impedimentis</strong></span> <span class='ocrx_word' id='word_1_330' title='bbox 1245 4731 1330 4788; x_wconf 88' lang='lat' dir='ltr'><strong>vel</strong></span> <span class='ocrx_word' id='word_1_331' title='bbox 1369 4733 1613 4790; x_wconf 68' lang='lat' dir='ltr'><strong>saeculari</strong></span> <span class='ocrx_word' id='word_1_332' title='bbox 1645 4734 1790 4790; x_wconf 91' lang='lat' dir='ltr'><strong>desi-</strong></span> 
     </span>
    </p>
   </div>
   <div class='ocr_carea' id='block_1_52' title="bbox 211 4819 1790 4890">
    <p class='ocr_par' dir='ltr' id='par_1_52' title="bbox 211 4819 1790 4890">
     <span class='ocr_line' id='line_1_52' title="bbox 211 4819 1790 4890; baseline 0.004 -16"><span class='ocrx_word' id='word_1_333' title='bbox 211 4819 365 4874; x_wconf 87' lang='lat' dir='ltr'><strong>derio</strong></span> <span class='ocrx_word' id='word_1_334' title='bbox 414 4835 510 4876; x_wconf 89' lang='lat' dir='ltr'><strong>cor</strong></span> <span class='ocrx_word' id='word_1_335' title='bbox 551 4819 670 4890; x_wconf 89' lang='lat' dir='ltr'><strong>ejus</strong></span> <span class='ocrx_word' id='word_1_336' title='bbox 727 4819 1002 4887; x_wconf 78' lang='lat' dir='ltr'><strong>defendat,</strong></span> <span class='ocrx_word' id='word_1_337' title='bbox 1056 4830 1116 4876; x_wconf 92' lang='lat' dir='ltr'><strong>ut</strong></span> <span class='ocrx_word' id='word_1_338' title='bbox 1164 4821 1306 4878; x_wconf 89' lang='lat' dir='ltr'><strong>sicut</strong></span> <span class='ocrx_word' id='word_1_339' title='bbox 1352 4823 1673 4880; x_wconf 88' lang='lat' dir='ltr'><strong>immutatur</strong></span> <span class='ocrx_word' id='word_1_340' title='bbox 1737 4825 1790 4880; x_wconf 89' lang='lat' dir='ltr'><strong>in</strong></span> 
     </span>
    </p>
   </div>
   <div class='ocr_carea' id='block_1_53' title="bbox 186 4912 1787 4988">
    <p class='ocr_par' dir='ltr' id='par_1_53' title="bbox 186 4912 1787 4988">
     <span class='ocr_line' id='line_1_53' title="bbox 186 4912 1787 4988; baseline 0.006 -24"><span class='ocrx_word' id='word_1_341' title='bbox 186 4912 384 4978; x_wconf 57' lang='lat' dir='ltr'><strong>&quot;vultu,</strong></span> <span class='ocrx_word' id='word_1_342' title='bbox 413 4913 486 4968; x_wconf 91' lang='lat' dir='ltr'><strong>ita</strong></span> <span class='ocrx_word' id='word_1_343' title='bbox 517 4929 710 4970; x_wconf 88' lang='lat' dir='ltr'><strong>manus</strong></span> <span class='ocrx_word' id='word_1_344' title='bbox 758 4913 995 4970; x_wconf 67' lang='lat' dir='ltr'><strong>dexterae</strong></span> <span class='ocrx_word' id='word_1_345' title='bbox 1025 4923 1128 4971; x_wconf 58' lang='lat' dir='ltr'><strong>tua}</strong></span> <span class='ocrx_word' id='word_1_346' title='bbox 1177 4915 1232 4970; x_wconf 93' lang='lat' dir='ltr'><strong>in</strong></span> <span class='ocrx_word' id='word_1_347' title='bbox 1266 4929 1390 4971; x_wconf 89' lang='lat' dir='ltr'><strong>eum</strong></span> <span class='ocrx_word' id='word_1_348' title='bbox 1421 4917 1639 4972; x_wconf 87' lang='lat' dir='ltr'><strong>virtutis</strong></span> <span class='ocrx_word' id='word_1_349' title='bbox 1662 4931 1787 4988; x_wconf 89' lang='lat' dir='ltr'><strong>per-</strong></span> 
     </span>
    </p>
   </div>
   <div class='ocr_carea' id='block_1_54' title="bbox 211 5003 1791 5097">
    <p class='ocr_par' dir='ltr' id='par_1_54' title="bbox 211 5003 1791 5097">
     <span class='ocr_line' id='line_1_54' title="bbox 211 5003 1791 5097; baseline 0.003 -39"><span class='ocrx_word' id='word_1_350' title='bbox 211 5003 502 5097; x_wconf 74' lang='lat' dir='ltr'><strong>fectionem</strong></span> <span class='ocrx_word' id='word_1_351' title='bbox 533 5005 757 5071; x_wconf 89' lang='lat' dir='ltr'><strong>tribuat,</strong></span> <span class='ocrx_word' id='word_1_352' title='bbox 779 5012 838 5060; x_wconf 93' lang='lat' dir='ltr'><strong>ut</strong></span> <span class='ocrx_word' id='word_1_353' title='bbox 865 5005 933 5061; x_wconf 90' lang='lat' dir='ltr'><strong>ab</strong></span> <span class='ocrx_word' id='word_1_354' title='bbox 958 5006 1104 5062; x_wconf 91' lang='lat' dir='ltr'><strong>omni</strong></span> <span class='ocrx_word' id='word_1_355' title='bbox 1131 5007 1377 5064; x_wconf 70' lang='lat' dir='ltr'><strong>caecitate</strong></span> <span class='ocrx_word' id='word_1_356' title='bbox 1403 5008 1640 5064; x_wconf 88' lang='lat' dir='ltr'><strong>humana</strong></span> <span class='ocrx_word' id='word_1_357' title='bbox 1665 5023 1791 5064; x_wconf 83' lang='lat' dir='ltr'><strong>ocu-</strong></span> 
     </span>
    </p>
   </div>
   <div class='ocr_carea' id='block_1_55' title="bbox 285 5159 1790 5234">
    <p class='ocr_par' dir='ltr' id='par_1_55' title="bbox 285 5159 1790 5234">
     <span class='ocr_line' id='line_1_55' title="bbox 285 5159 1790 5234; baseline 0.003 -21"><span class='ocrx_word' id='word_1_358' title='bbox 285 5159 438 5234; x_wconf 82' lang='lat' dir='ltr'><strong>_(l5l_)</strong></span> <span class='ocrx_word' id='word_1_359' title='bbox 471 5159 603 5234; x_wconf 72' lang='lat' dir='ltr'><strong>Qua:</strong></span> <span class='ocrx_word' id='word_1_360' title='bbox 623 5161 891 5234; x_wconf 83' lang='lat' dir='ltr'><strong>hodieque</strong></span> <span class='ocrx_word' id='word_1_361' title='bbox 917 5162 974 5234; x_wconf 88' lang='lat' dir='ltr'><strong>in</strong></span> <span class='ocrx_word' id='word_1_362' title='bbox 1003 5162 1182 5218; x_wconf 85' lang='lat' dir='ltr'><strong>ritusli</strong></span> <span class='ocrx_word' id='word_1_363' title='bbox 1211 5161 1449 5234; x_wconf 70' lang='lat' dir='ltr'><strong>Roiuano</strong></span> <span class='ocrx_word' id='word_1_364' title='bbox 1481 5163 1676 5234; x_wconf 78' lang='lat' dir='ltr'><strong>legitur</strong></span> <span class='ocrx_word' id='word_1_365' title='bbox 1701 5179 1790 5217; x_wconf 52' lang='lat' dir='ltr'><strong>ru-</strong></span> 
     </span>
    </p>
   </div>
   <div class='ocr_carea' id='block_1_56' title="bbox 207 5230 1786 5298">
    <p class='ocr_par' dir='ltr' id='par_1_56' title="bbox 207 5230 1786 5298">
     <span class='ocr_line' id='line_1_56' title="bbox 207 5230 1786 5298; baseline 0.002 -14"><span class='ocrx_word' id='word_1_366' title='bbox 207 5230 361 5285; x_wconf 86' lang='lat' dir='ltr'><strong>brica</strong></span> <span class='ocrx_word' id='word_1_367' title='bbox 402 5231 454 5284; x_wconf 94' lang='lat' dir='ltr'><strong>in</strong></span> <span class='ocrx_word' id='word_1_368' title='bbox 486 5230 592 5286; x_wconf 90' lang='lat' dir='ltr'><strong>ritu</strong></span> <span class='ocrx_word' id='word_1_369' title='bbox 639 5230 948 5287; x_wconf 79' lang='lat' dir='ltr'><strong>celebrandi</strong></span> <span class='ocrx_word' id='word_1_370' title='bbox 995 5233 1325 5288; x_wconf 88' lang='lat' dir='ltr'><strong>matrimonii</strong></span> <span class='ocrx_word' id='word_1_371' title='bbox 1368 5230 1786 5298; x_wconf 82' lang='lat' dir='ltr'><strong>sacramentum,</strong></span> 
     </span>
    </p>
   </div>
   <div class='ocr_carea' id='block_1_57' title="bbox 209 5300 1789 5372">
    <p class='ocr_par' dir='ltr' id='par_1_57' title="bbox 209 5300 1789 5372">
     <span class='ocr_line' id='line_1_57' title="bbox 209 5300 1789 5372; baseline 0.001 -18"><span class='ocrx_word' id='word_1_372' title='bbox 209 5300 434 5370; x_wconf 82' lang='lat' dir='ltr'><strong>respicit</strong></span> <span class='ocrx_word' id='word_1_373' title='bbox 456 5317 613 5372; x_wconf 84' lang='lat' dir='ltr'><strong>usum</strong></span> <span class='ocrx_word' id='word_1_374' title='bbox 656 5302 1118 5372; x_wconf 89' lang='lat' dir='ltr'><strong>antiquissimum,</strong></span> <span class='ocrx_word' id='word_1_375' title='bbox 1143 5319 1249 5372; x_wconf 89' lang='lat' dir='ltr'><strong>quo</strong></span> <span class='ocrx_word' id='word_1_376' title='bbox 1279 5301 1442 5356; x_wconf 86' lang='lat' dir='ltr'><strong>veluti</strong></span> <span class='ocrx_word' id='word_1_377' title='bbox 1465 5302 1789 5356; x_wconf 87' lang='lat' dir='ltr'><strong>benedictio-</strong></span> 
     </span>
    </p>
   </div>
   <div class='ocr_carea' id='block_1_58' title="bbox 208 5370 1785 5455">
    <p class='ocr_par' dir='ltr' id='par_1_58' title="bbox 208 5370 1785 5455">
     <span class='ocr_line' id='line_1_58' title="bbox 208 5370 1785 5455; baseline 0.003 -31"><span class='ocrx_word' id='word_1_378' title='bbox 208 5370 584 5455; x_wconf 55' lang='lat' dir='ltr'><strong>nisnuptialis</strong></span> <span class='ocrx_word' id='word_1_379' title='bbox 613 5371 729 5455; x_wconf 70' lang='lat' dir='ltr'><strong>vice</strong></span> <span class='ocrx_word' id='word_1_380' title='bbox 761 5370 880 5455; x_wconf 68' lang='lat' dir='ltr'><strong>erat</strong></span> <span class='ocrx_word' id='word_1_381' title='bbox 930 5372 1140 5455; x_wconf 13' lang='lat' dir='ltr'><strong>missas</strong></span> <span class='ocrx_word' id='word_1_382' title='bbox 1161 5370 1322 5455; x_wconf 71' lang='lat' dir='ltr'><strong>quam</strong></span> <span class='ocrx_word' id='word_1_383' title='bbox 1355 5373 1460 5455; x_wconf 71' lang='lat' dir='ltr'><strong>vol.</strong></span> <span class='ocrx_word' id='word_1_384' title='bbox 1483 5372 1534 5455; x_wconf 49' lang='lat' dir='ltr'><strong>Il,</strong></span> <span class='ocrx_word' id='word_1_385' title='bbox 1559 5389 1617 5455; x_wconf 72' lang='grc' dir='ltr'><strong>ρ.</strong></span> <span class='ocrx_word' id='word_1_386' title='bbox 1644 5373 1785 5455; x_wconf 70' lang='grc'><strong>⁸258,</strong></span> 
     </span>
    </p>
   </div>
   <div class='ocr_carea' id='block_1_59' title="bbox 208 5441 1783 5512">
    <p class='ocr_par' dir='ltr' id='par_1_59' title="bbox 208 5441 1783 5512">
     <span class='ocr_line' id='line_1_59' title="bbox 208 5441 1783 5512; baseline 0.001 -18"><span class='ocrx_word' id='word_1_387' title='bbox 208 5441 536 5512; x_wconf 66' lang='lat' dir='ltr'><strong>adduximus</strong></span> <span class='ocrx_word' id='word_1_388' title='bbox 557 5442 801 5497; x_wconf 87' lang='lat' dir='ltr'><strong>eamdem</strong></span> <span class='ocrx_word' id='word_1_389' title='bbox 831 5442 1100 5512; x_wconf 74' lang='lat' dir='ltr'><strong>fere,qum</strong></span> <span class='ocrx_word' id='word_1_390' title='bbox 1129 5441 1189 5497; x_wconf 86' lang='lat' dir='ltr'><strong>in</strong></span> <span class='ocrx_word' id='word_1_391' title='bbox 1209 5441 1783 5509; x_wconf 78' lang='lat' dir='ltr'><strong>Leonino,Gelasiano,</strong></span> 
     </span>
    </p>
   </div>
   <div class='ocr_carea' id='block_1_60' title="bbox 209 5509 1785 5582">
    <p class='ocr_par' dir='ltr' id='par_1_60' title="bbox 209 5509 1785 5582">
     <span class='ocr_line' id='line_1_60' title="bbox 209 5509 1785 5582; baseline 0.004 -19"><span class='ocrx_word' id='word_1_392' title='bbox 209 5509 549 5581; x_wconf 72' lang='lat' dir='ltr'><strong>Gregorianis</strong></span> <span class='ocrx_word' id='word_1_393' title='bbox 574 5509 1013 5568; x_wconf 80' lang='lat' dir='ltr'><strong>sacramentariis</strong></span> <span class='ocrx_word' id='word_1_394' title='bbox 1038 5514 1290 5582; x_wconf 82' lang='lat' dir='ltr'><strong>antiquis,</strong></span> <span class='ocrx_word' id='word_1_395' title='bbox 1316 5522 1370 5567; x_wconf 91' lang='lat' dir='ltr'><strong>et</strong></span> <span class='ocrx_word' id='word_1_396' title='bbox 1395 5513 1785 5569; x_wconf 84' lang='lat' dir='ltr'><strong>recentioribus</strong></span> 
     </span>
    </p>
   </div>
   <div class='ocr_carea' id='block_1_61' title="bbox 209 5582 1782 5652">
    <p class='ocr_par' dir='ltr' id='par_1_61' title="bbox 209 5582 1782 5652">
     <span class='ocr_line' id='line_1_61' title="bbox 209 5582 1782 5652; baseline 0.001 -16"><span class='ocrx_word' id='word_1_397' title='bbox 209 5597 305 5636; x_wconf 82' lang='lat' dir='ltr'><strong>seu</strong></span> <span class='ocrx_word' id='word_1_398' title='bbox 362 5582 638 5638; x_wconf 87' lang='lat' dir='ltr'><strong>bodiernis</strong></span> <span class='ocrx_word' id='word_1_399' title='bbox 697 5583 1004 5638; x_wconf 84' lang='lat' dir='ltr'><strong>missalibus</strong></span> <span class='ocrx_word' id='word_1_400' title='bbox 1045 5583 1260 5652; x_wconf 82' lang='lat' dir='ltr'><strong>legitur,</strong></span> <span class='ocrx_word' id='word_1_401' title='bbox 1320 5591 1527 5638; x_wconf 88' lang='lat' dir='ltr'><strong>tantum</strong></span> <span class='ocrx_word' id='word_1_402' title='bbox 1559 5584 1782 5652; x_wconf 86' lang='lat' dir='ltr'><strong>quodin</strong></span> 
     </span>
    </p>
   </div>
   <div class='ocr_carea' id='block_1_62' title="bbox 213 5653 1778 5722">
    <p class='ocr_par' dir='ltr' id='par_1_62' title="bbox 213 5653 1778 5722">
     <span class='ocr_line' id='line_1_62' title="bbox 213 5653 1778 5722; baseline 0.003 -17"><span class='ocrx_word' id='word_1_403' title='bbox 213 5659 402 5722; x_wconf 82' lang='lat' dir='ltr'><strong>nostro</strong></span> <span class='ocrx_word' id='word_1_404' title='bbox 452 5655 878 5708; x_wconf 85' lang='lat' dir='ltr'><strong>sacramentario</strong></span> <span class='ocrx_word' id='word_1_405' title='bbox 903 5669 964 5707; x_wconf 88' lang='lat' dir='ltr'><strong>ea</strong></span> <span class='ocrx_word' id='word_1_406' title='bbox 991 5653 1347 5714; x_wconf 90' lang='lat' dir='ltr'><strong>desideretur,</strong></span> <span class='ocrx_word' id='word_1_407' title='bbox 1379 5654 1618 5717; x_wconf 80' lang='lat' dir='ltr'><strong>rubrica,</strong></span> <span class='ocrx_word' id='word_1_408' title='bbox 1659 5667 1778 5722; x_wconf 73' lang='lat' dir='ltr'><strong>qure</strong></span> 
     </span>
    </p>
   </div>
   <div class='ocr_carea' id='block_1_63' title="bbox 211 5721 1779 5796">
    <p class='ocr_par' dir='ltr' id='par_1_63' title="bbox 211 5721 1779 5796">
     <span class='ocr_line' id='line_1_63' title="bbox 211 5721 1779 5796; baseline 0.001 -19"><span class='ocrx_word' id='word_1_409' title='bbox 211 5721 386 5778; x_wconf 86' lang='lat' dir='ltr'><strong>locum</strong></span> <span class='ocrx_word' id='word_1_410' title='bbox 437 5731 491 5779; x_wconf 91' lang='lat' dir='ltr'><strong>ct</strong></span> <span class='ocrx_word' id='word_1_411' title='bbox 543 5724 760 5782; x_wconf 89' lang='lat' dir='ltr'><strong>modum</strong></span> <span class='ocrx_word' id='word_1_412' title='bbox 812 5723 1205 5782; x_wconf 85' lang='lat' dir='ltr'><strong>benedictionis</strong></span> <span class='ocrx_word' id='word_1_413' title='bbox 1257 5725 1472 5796; x_wconf 84' lang='lat' dir='ltr'><strong>proprie</strong></span> <span class='ocrx_word' id='word_1_414' title='bbox 1525 5721 1779 5795; x_wconf 82' lang='lat' dir='ltr'><strong>spectat:</strong></span> 
     </span>
    </p>
   </div>
   <div class='ocr_carea' id='block_1_64' title="bbox 1823 4512 1874 4572">
    <p class='ocr_par' dir='ltr' id='par_1_64' title="bbox 1823 4512 1874 4572">
     <span class='ocr_line' id='line_1_64' title="bbox 1823 4512 1874 4572; baseline 0 0"><span class='ocrx_word' id='word_1_415' title='bbox 1823 4512 1874 4572; x_wconf 90' lang='lat' dir='ltr'><strong>D</strong></span> 
     </span>
    </p>
   </div>
   <div class='ocr_carea' id='block_1_65' title="bbox 2183 631 3268 707">
    <p class='ocr_par' dir='ltr' id='par_1_65' title="bbox 2183 631 3268 707">
     <span class='ocr_line' id='line_1_65' title="bbox 2183 631 3268 707; baseline -0.001 -20"><span class='ocrx_word' id='word_1_416' title='bbox 2183 645 2383 688; x_wconf 72' lang='lat' dir='ltr'><strong>nemo</strong></span> <span class='ocrx_word' id='word_1_417' title='bbox 2421 648 2487 687; x_wconf 77' lang='grc' dir='ltr'><strong>ιω</strong></span> <span class='ocrx_word' id='word_1_418' title='bbox 2526 647 2723 689; x_wconf 69' lang='lat' dir='ltr'><strong>manas</strong></span> <span class='ocrx_word' id='word_1_419' title='bbox 2761 649 3068 692; x_wconf 77' lang='lat' dir='ltr'><strong>TONDENDAS</strong></span> <span class='ocrx_word' id='word_1_420' title='bbox 3093 631 3268 707; x_wconf 74' lang='grc'><strong>(152).</strong></span> 
     </span>
    </p>
   </div>
   <div class='ocr_carea' id='block_1_66' title="bbox 1937 741 3504 817">
    <p class='ocr_par' dir='ltr' id='par_1_66' title="bbox 1937 741 3504 817">
     <span class='ocr_line' id='line_1_66' title="bbox 1937 741 3504 817; baseline 0.006 -22"><span class='ocrx_word' id='word_1_421' title='bbox 1937 811 1940 813; x_wconf 12' lang='grc' dir='ltr'><strong>Α</strong></span> <span class='ocrx_word' id='word_1_422' title='bbox 2001 741 2142 798; x_wconf 91' lang='lat' dir='ltr'><strong>Deus</strong></span> <span class='ocrx_word' id='word_1_423' title='bbox 2203 745 2356 817; x_wconf 86' lang='lat' dir='ltr'><strong>cujus</strong></span> <span class='ocrx_word' id='word_1_424' title='bbox 2407 746 2600 816; x_wconf 91' lang='lat' dir='ltr'><strong>spiritu</strong></span> <span class='ocrx_word' id='word_1_425' title='bbox 2651 757 2903 804; x_wconf 88' lang='lat' dir='ltr'><strong>creatura</strong></span> <span class='ocrx_word' id='word_1_426' title='bbox 2951 752 3130 806; x_wconf 91' lang='lat' dir='ltr'><strong>omnis</strong></span> <span class='ocrx_word' id='word_1_427' title='bbox 3179 749 3504 806; x_wconf 66' lang='lat' dir='ltr'><strong>iuerementi</strong></span> 
     </span>
    </p>
   </div>
   <div class='ocr_carea' id='block_1_67' title="bbox 1927 829 3506 911">
    <p class='ocr_par' dir='ltr' id='par_1_67' title="bbox 1927 829 3506 911">
     <span class='ocr_line' id='line_1_67' title="bbox 1927 829 3506 911; baseline 0.005 -26"><span class='ocrx_word' id='word_1_428' title='bbox 1927 829 2108 886; x_wconf 85' lang='lat' dir='ltr'><strong>adulta</strong></span> <span class='ocrx_word' id='word_1_429' title='bbox 2135 834 2454 904; x_wconf 89' lang='lat' dir='ltr'><strong>eongaudet,</strong></span> <span class='ocrx_word' id='word_1_430' title='bbox 2477 836 2674 891; x_wconf 82' lang='lat' dir='ltr'><strong>exaudi</strong></span> <span class='ocrx_word' id='word_1_431' title='bbox 2706 853 2895 908; x_wconf 92' lang='lat' dir='ltr'><strong>preces</strong></span> <span class='ocrx_word' id='word_1_432' title='bbox 2923 849 3137 896; x_wconf 90' lang='lat' dir='ltr'><strong>nostras</strong></span> <span class='ocrx_word' id='word_1_433' title='bbox 3159 851 3330 911; x_wconf 84' lang='lat' dir='ltr'><strong>super</strong></span> <span class='ocrx_word' id='word_1_434' title='bbox 3363 839 3506 893; x_wconf 87' lang='lat' dir='ltr'><strong>hunc</strong></span> 
     </span>
    </p>
   </div>
   <div class='ocr_carea' id='block_1_68' title="bbox 1928 922 3502 997">
    <p class='ocr_par' dir='ltr' id='par_1_68' title="bbox 1928 922 3502 997">
     <span class='ocr_line' id='line_1_68' title="bbox 1928 922 3502 997; baseline 0.003 -19"><span class='ocrx_word' id='word_1_435' title='bbox 1928 922 2186 980; x_wconf 91' lang='lat' dir='ltr'><strong>famulum</strong></span> <span class='ocrx_word' id='word_1_436' title='bbox 2218 935 2368 982; x_wconf 91' lang='lat' dir='ltr'><strong>tuum</strong></span> <span class='ocrx_word' id='word_1_437' title='bbox 2393 927 2468 982; x_wconf 93' lang='lat' dir='ltr'><strong>ill.</strong></span> <span class='ocrx_word' id='word_1_438' title='bbox 2487 927 2743 997; x_wconf 89' lang='lat' dir='ltr'><strong>juvenilis</strong></span> <span class='ocrx_word' id='word_1_439' title='bbox 2769 932 2945 988; x_wconf 63' lang='lat' dir='ltr'><strong>anatis</strong></span> <span class='ocrx_word' id='word_1_440' title='bbox 2983 933 3178 989; x_wconf 87' lang='lat' dir='ltr'><strong>decore</strong></span> <span class='ocrx_word' id='word_1_441' title='bbox 3205 931 3502 995; x_wconf 82' lang='lat' dir='ltr'><strong>laetantem,</strong></span> 
     </span>
    </p>
   </div>
   <div class='ocr_carea' id='block_1_69' title="bbox 1927 1020 3505 1102">
    <p class='ocr_par' dir='ltr' id='par_1_69' title="bbox 1927 1020 3505 1102">
     <span class='ocr_line' id='line_1_69' title="bbox 1927 1020 3505 1102; baseline 0.004 -26"><span class='ocrx_word' id='word_1_442' title='bbox 1927 1033 1983 1076; x_wconf 88' lang='lat' dir='ltr'><strong>et</strong></span> <span class='ocrx_word' id='word_1_443' title='bbox 2003 1020 2195 1091; x_wconf 87' lang='lat' dir='ltr'><strong>primis</strong></span> <span class='ocrx_word' id='word_1_444' title='bbox 2233 1022 2490 1093; x_wconf 88' lang='lat' dir='ltr'><strong>auspiciis</strong></span> <span class='ocrx_word' id='word_1_445' title='bbox 2519 1025 2588 1079; x_wconf 92' lang='lat' dir='ltr'><strong>ad</strong></span> <span class='ocrx_word' id='word_1_446' title='bbox 2636 1027 2996 1094; x_wconf 88' lang='lat' dir='ltr'><strong>tondendum;</strong></span> <span class='ocrx_word' id='word_1_447' title='bbox 3029 1027 3224 1083; x_wconf 83' lang='lat' dir='ltr'><strong>exaudi</strong></span> <span class='ocrx_word' id='word_1_448' title='bbox 3251 1027 3505 1102; x_wconf 54' lang='lat' dir='ltr'><strong>Domine,</strong></span> 
     </span>
    </p>
   </div>
   <div class='ocr_carea' id='block_1_70' title="bbox 1926 1114 3502 1186">
    <p class='ocr_par' dir='ltr' id='par_1_70' title="bbox 1926 1114 3502 1186">
     <span class='ocr_line' id='line_1_70' title="bbox 1926 1114 3502 1186; baseline 0.004 -18"><span class='ocrx_word' id='word_1_449' title='bbox 1926 1114 2058 1168; x_wconf 89' lang='lat' dir='ltr'><strong>utin</strong></span> <span class='ocrx_word' id='word_1_450' title='bbox 2085 1115 2336 1171; x_wconf 90' lang='lat' dir='ltr'><strong>omnibus</strong></span> <span class='ocrx_word' id='word_1_451' title='bbox 2386 1117 2740 1186; x_wconf 90' lang='lat' dir='ltr'><strong>protectionis</strong></span> <span class='ocrx_word' id='word_1_452' title='bbox 2771 1127 2874 1174; x_wconf 64' lang='lat' dir='ltr'><strong>tute</strong></span> <span class='ocrx_word' id='word_1_453' title='bbox 2898 1119 3136 1175; x_wconf 90' lang='lat' dir='ltr'><strong>munitus</strong></span> <span class='ocrx_word' id='word_1_454' title='bbox 3171 1119 3371 1174; x_wconf 80' lang='lat' dir='ltr'><strong>auxilio</strong></span> <span class='ocrx_word' id='word_1_455' title='bbox 3397 1133 3502 1174; x_wconf 66' lang='lat' dir='ltr'><strong>emo</strong></span> 
     </span>
    </p>
   </div>
   <div class='ocr_carea' id='block_1_71' title="bbox 1926 1203 3500 1281">
    <p class='ocr_par' dir='ltr' id='par_1_71' title="bbox 1926 1203 3500 1281">
     <span class='ocr_line' id='line_1_71' title="bbox 1926 1203 3500 1281; baseline 0.006 -24"><span class='ocrx_word' id='word_1_456' title='bbox 1926 1203 2117 1258; x_wconf 89' lang='lat' dir='ltr'><strong>lestem</strong></span> <span class='ocrx_word' id='word_1_457' title='bbox 2156 1204 2586 1263; x_wconf 89' lang='lat' dir='ltr'><strong>benedictionem</strong></span> <span class='ocrx_word' id='word_1_458' title='bbox 2633 1209 2902 1278; x_wconf 87' lang='lat' dir='ltr'><strong>accipiat,</strong></span> <span class='ocrx_word' id='word_1_459' title='bbox 2946 1220 3001 1266; x_wconf 90' lang='lat' dir='ltr'><strong>et</strong></span> <span class='ocrx_word' id='word_1_460' title='bbox 3055 1212 3340 1281; x_wconf 67' lang='lat' dir='ltr'><strong>prmsentis</strong></span> <span class='ocrx_word' id='word_1_461' title='bbox 3375 1212 3500 1267; x_wconf 68' lang='lat' dir='ltr'><strong>vita:</strong></span> 
     </span>
    </p>
   </div>
   <div class='ocr_carea' id='block_1_72' title="bbox 1924 1292 2932 1365">
    <p class='ocr_par' dir='ltr' id='par_1_72' title="bbox 1924 1292 2932 1365">
     <span class='ocr_line' id='line_1_72' title="bbox 1924 1292 2932 1365; baseline 0.007 -19"><span class='ocrx_word' id='word_1_462' title='bbox 1924 1292 2190 1364; x_wconf 61' lang='lat' dir='ltr'><strong>prasidiis</strong></span> <span class='ocrx_word' id='word_1_463' title='bbox 2207 1295 2438 1365; x_wconf 75' lang='lat' dir='ltr'><strong>gaudeat</strong></span> <span class='ocrx_word' id='word_1_464' title='bbox 2464 1303 2519 1352; x_wconf 90' lang='lat' dir='ltr'><strong>et</strong></span> <span class='ocrx_word' id='word_1_465' title='bbox 2546 1305 2782 1353; x_wconf 65' lang='lat' dir='ltr'><strong>aeternas.</strong></span> <span class='ocrx_word' id='word_1_466' title='bbox 2808 1298 2932 1355; x_wconf 88' lang='lat' dir='ltr'><strong>Per.</strong></span> 
     </span>
    </p>
   </div>
   <div class='ocr_carea' id='block_1_73' title="bbox 2233 1423 3192 1469">
    <p class='ocr_par' dir='ltr' id='par_1_73' title="bbox 2233 1423 3192 1469">
     <span class='ocr_line' id='line_1_73' title="bbox 2233 1423 3192 1469; baseline 0.004 -5"><span class='ocrx_word' id='word_1_467' title='bbox 2233 1423 2435 1464; x_wconf 89' lang='lat' dir='ltr'><strong>ORATIO</strong></span> <span class='ocrx_word' id='word_1_468' title='bbox 2469 1424 2536 1464; x_wconf 89' lang='lat' dir='ltr'><strong>AD</strong></span> <span class='ocrx_word' id='word_1_469' title='bbox 2576 1425 2840 1468; x_wconf 70' lang='lat' dir='ltr'><strong>DIACONAII</strong></span> <span class='ocrx_word' id='word_1_470' title='bbox 2873 1426 3192 1469; x_wconf 65' lang='lat' dir='ltr'><strong>PACIENDAAI.</strong></span> 
     </span>
    </p>
   </div>
   <div class='ocr_carea' id='block_1_74' title="bbox 1996 1495 3498 1575">
    <p class='ocr_par' dir='ltr' id='par_1_74' title="bbox 1996 1495 3498 1575">
     <span class='ocr_line' id='line_1_74' title="bbox 1996 1495 3498 1575; baseline 0.005 -23"><span class='ocrx_word' id='word_1_471' title='bbox 1996 1495 2203 1553; x_wconf 81' lang='lat' dir='ltr'><strong>Exaudi</strong></span> <span class='ocrx_word' id='word_1_472' title='bbox 2249 1497 2474 1554; x_wconf 89' lang='lat' dir='ltr'><strong>Domine</strong></span> <span class='ocrx_word' id='word_1_473' title='bbox 2499 1514 2690 1571; x_wconf 89' lang='lat' dir='ltr'><strong>preces</strong></span> <span class='ocrx_word' id='word_1_474' title='bbox 2729 1512 2948 1559; x_wconf 90' lang='lat' dir='ltr'><strong>nostras</strong></span> <span class='ocrx_word' id='word_1_475' title='bbox 2981 1512 3035 1559; x_wconf 90' lang='lat' dir='ltr'><strong>et</strong></span> <span class='ocrx_word' id='word_1_476' title='bbox 3067 1518 3228 1575; x_wconf 88' lang='lat' dir='ltr'><strong>super</strong></span> <span class='ocrx_word' id='word_1_477' title='bbox 3249 1505 3390 1560; x_wconf 89' lang='lat' dir='ltr'><strong>hanc</strong></span> <span class='ocrx_word' id='word_1_478' title='bbox 3419 1505 3498 1560; x_wconf 81' lang='lat' dir='ltr'><strong>fa-</strong></span> 
     </span>
    </p>
   </div>
   <div class='ocr_carea' id='block_1_75' title="bbox 1926 1585 3492 1662">
    <p class='ocr_par' dir='ltr' id='par_1_75' title="bbox 1926 1585 3492 1662">
     <span class='ocr_line' id='line_1_75' title="bbox 1926 1585 3492 1662; baseline 0.007 -22"><span class='ocrx_word' id='word_1_479' title='bbox 1926 1585 2124 1642; x_wconf 87' lang='lat' dir='ltr'><strong>mulam</strong></span> <span class='ocrx_word' id='word_1_480' title='bbox 2159 1597 2306 1644; x_wconf 90' lang='lat' dir='ltr'><strong>tuam</strong></span> <span class='ocrx_word' id='word_1_481' title='bbox 2333 1589 2414 1644; x_wconf 88' lang='lat' dir='ltr'><strong>ill.</strong></span> <span class='ocrx_word' id='word_1_482' title='bbox 2447 1591 2697 1662; x_wconf 87' lang='lat' dir='ltr'><strong>spiritum</strong></span> <span class='ocrx_word' id='word_1_483' title='bbox 2745 1601 2846 1649; x_wconf 66' lang='lat' dir='ltr'><strong>tua:</strong></span> <span class='ocrx_word' id='word_1_484' title='bbox 2871 1593 3264 1650; x_wconf 85' lang='lat' dir='ltr'><strong>benedictionis</strong></span> <span class='ocrx_word' id='word_1_485' title='bbox 3287 1597 3492 1662; x_wconf 87' lang='lat' dir='ltr'><strong>emitte,</strong></span> 
     </span>
    </p>
   </div>
   <div class='ocr_carea' id='block_1_76' title="bbox 1925 1678 3498 1756">
    <p class='ocr_par' dir='ltr' id='par_1_76' title="bbox 1925 1678 3498 1756">
     <span class='ocr_line' id='line_1_76' title="bbox 1925 1678 3498 1756; baseline 0.006 -25"><span class='ocrx_word' id='word_1_486' title='bbox 1925 1691 2151 1733; x_wconf 89' lang='lat' dir='ltr'><strong>munere</strong></span> <span class='ocrx_word' id='word_1_487' title='bbox 2177 1678 2369 1746; x_wconf 89' lang='lat' dir='ltr'><strong>ditata,</strong></span> <span class='ocrx_word' id='word_1_488' title='bbox 2399 1689 2455 1736; x_wconf 94' lang='lat' dir='ltr'><strong>et</strong></span> <span class='ocrx_word' id='word_1_489' title='bbox 2485 1690 2591 1736; x_wconf 65' lang='lat' dir='ltr'><strong>tute</strong></span> <span class='ocrx_word' id='word_1_490' title='bbox 2615 1683 2845 1752; x_wconf 85' lang='lat' dir='ltr'><strong>gratiam</strong></span> <span class='ocrx_word' id='word_1_491' title='bbox 2874 1684 3044 1755; x_wconf 90' lang='lat' dir='ltr'><strong>possit</strong></span> <span class='ocrx_word' id='word_1_492' title='bbox 3072 1685 3374 1756; x_wconf 86' lang='lat' dir='ltr'><strong>majestatis</strong></span> <span class='ocrx_word' id='word_1_493' title='bbox 3403 1687 3498 1741; x_wconf 86' lang='lat' dir='ltr'><strong>ad-</strong></span> 
     </span>
    </p>
   </div>
   <div class='ocr_carea' id='block_1_77' title="bbox 1926 1768 3495 1849">
    <p class='ocr_par' dir='ltr' id='par_1_77' title="bbox 1926 1768 3495 1849">
     <span class='ocr_line' id='line_1_77' title="bbox 1926 1768 3495 1849; baseline 0.006 -27"><span class='ocrx_word' id='word_1_494' title='bbox 1926 1768 2162 1838; x_wconf 91' lang='lat' dir='ltr'><strong>quirere,</strong></span> <span class='ocrx_word' id='word_1_495' title='bbox 2193 1778 2250 1826; x_wconf 94' lang='lat' dir='ltr'><strong>et</strong></span> <span class='ocrx_word' id='word_1_496' title='bbox 2291 1771 2429 1826; x_wconf 89' lang='lat' dir='ltr'><strong>bene</strong></span> <span class='ocrx_word' id='word_1_497' title='bbox 2472 1771 2684 1829; x_wconf 83' lang='lat' dir='ltr'><strong>vivendi</strong></span> <span class='ocrx_word' id='word_1_498' title='bbox 2733 1773 2854 1831; x_wconf 90' lang='lat' dir='ltr'><strong>aliis</strong></span> <span class='ocrx_word' id='word_1_499' title='bbox 2883 1775 3191 1846; x_wconf 85' lang='lat' dir='ltr'><strong>exemplum</strong></span> <span class='ocrx_word' id='word_1_500' title='bbox 3226 1778 3495 1849; x_wconf 65' lang='lat' dir='ltr'><strong>pricbcre.</strong></span> 
     </span>
    </p>
   </div>
   <div class='ocr_carea' id='block_1_78' title="bbox 1920 1856 2192 1916">
    <p class='ocr_par' dir='ltr' id='par_1_78' title="bbox 1920 1856 2192 1916">
     <span class='ocr_line' id='line_1_78' title="bbox 1920 1856 2192 1916; baseline 0.015 -4"><span class='ocrx_word' id='word_1_501' title='bbox 1920 1856 2024 1914; x_wconf 88' lang='lat' dir='ltr'><strong>Per</strong></span> <span class='ocrx_word' id='word_1_502' title='bbox 2045 1859 2192 1916; x_wconf 92' lang='lat' dir='ltr'><strong>dnm.</strong></span> 
     </span>
    </p>
   </div>
   <div class='ocr_carea' id='block_1_79' title="bbox 2183 1967 3234 2014">
    <p class='ocr_par' dir='ltr' id='par_1_79' title="bbox 2183 1967 3234 2014">
     <span class='ocr_line' id='line_1_79' title="bbox 2183 1967 3234 2014; baseline 0.002 -4"><span class='ocrx_word' id='word_1_503' title='bbox 2183 1967 2383 2011; x_wconf 85' lang='lat' dir='ltr'><strong>ORATIO</strong></span> <span class='ocrx_word' id='word_1_504' title='bbox 2421 1969 2488 2009; x_wconf 90' lang='lat' dir='ltr'><strong>AD</strong></span> <span class='ocrx_word' id='word_1_505' title='bbox 2527 1971 2780 2012; x_wconf 69' lang='lat' dir='ltr'><strong>ANCILLAS</strong></span> <span class='ocrx_word' id='word_1_506' title='bbox 2817 1972 2904 2013; x_wconf 80' lang='lat' dir='ltr'><strong>DEI</strong></span> <span class='ocrx_word' id='word_1_507' title='bbox 2944 1972 3234 2014; x_wconf 74' lang='lat' dir='ltr'><strong>VELANDAS.</strong></span> 
     </span>
    </p>
   </div>
   <div class='ocr_carea' id='block_1_80' title="bbox 1989 2059 3492 2138">
    <p class='ocr_par' dir='ltr' id='par_1_80' title="bbox 1989 2059 3492 2138">
     <span class='ocr_line' id='line_1_80' title="bbox 1989 2059 3492 2138; baseline 0.004 -23"><span class='ocrx_word' id='word_1_508' title='bbox 1989 2059 2242 2118; x_wconf 86' lang='lat' dir='ltr'><strong>Famulas</strong></span> <span class='ocrx_word' id='word_1_509' title='bbox 2264 2072 2382 2120; x_wconf 89' lang='lat' dir='ltr'><strong>tuas</strong></span> <span class='ocrx_word' id='word_1_510' title='bbox 2407 2066 2635 2121; x_wconf 91' lang='lat' dir='ltr'><strong>Domine</strong></span> <span class='ocrx_word' id='word_1_511' title='bbox 2670 2074 2775 2121; x_wconf 76' lang='lat' dir='ltr'><strong>tua:</strong></span> <span class='ocrx_word' id='word_1_512' title='bbox 2800 2068 3046 2123; x_wconf 88' lang='lat' dir='ltr'><strong>custodia</strong></span> <span class='ocrx_word' id='word_1_513' title='bbox 3075 2067 3285 2122; x_wconf 91' lang='lat' dir='ltr'><strong>muniat</strong></span> <span class='ocrx_word' id='word_1_514' title='bbox 3316 2067 3492 2138; x_wconf 85' lang='lat' dir='ltr'><strong>pieta-</strong></span> 
     </span>
    </p>
   </div>
   <div class='ocr_carea' id='block_1_81' title="bbox 1920 2150 3494 2226">
    <p class='ocr_par' dir='ltr' id='par_1_81' title="bbox 1920 2150 3494 2226">
     <span class='ocr_line' id='line_1_81' title="bbox 1920 2150 3494 2226; baseline 0.003 -21"><span class='ocrx_word' id='word_1_515' title='bbox 1920 2150 2012 2217; x_wconf 90' lang='lat' dir='ltr'><strong>tis,</strong></span> <span class='ocrx_word' id='word_1_516' title='bbox 2043 2159 2104 2206; x_wconf 92' lang='lat' dir='ltr'><strong>ut</strong></span> <span class='ocrx_word' id='word_1_517' title='bbox 2129 2151 2454 2225; x_wconf 87' lang='lat' dir='ltr'><strong>virginitatis</strong></span> <span class='ocrx_word' id='word_1_518' title='bbox 2506 2163 2710 2211; x_wconf 75' lang='lat' dir='ltr'><strong>sancta:</strong></span> <span class='ocrx_word' id='word_1_519' title='bbox 2751 2157 3108 2226; x_wconf 88' lang='lat' dir='ltr'><strong>propositum,</strong></span> <span class='ocrx_word' id='word_1_520' title='bbox 3145 2155 3288 2226; x_wconf 91' lang='lat' dir='ltr'><strong>quod</strong></span> <span class='ocrx_word' id='word_1_521' title='bbox 3333 2163 3384 2209; x_wconf 93' lang='lat' dir='ltr'><strong>te</strong></span> <span class='ocrx_word' id='word_1_522' title='bbox 3413 2154 3494 2209; x_wconf 90' lang='lat' dir='ltr'><strong>in-</strong></span> 
     </span>
    </p>
   </div>
   <div class='ocr_carea' id='block_1_82' title="bbox 1917 2239 3494 2316">
    <p class='ocr_par' dir='ltr' id='par_1_82' title="bbox 1917 2239 3494 2316">
     <span class='ocr_line' id='line_1_82' title="bbox 1917 2239 3494 2316; baseline 0.003 -23"><span class='ocrx_word' id='word_1_523' title='bbox 1917 2239 2162 2311; x_wconf 88' lang='lat' dir='ltr'><strong>spirante</strong></span> <span class='ocrx_word' id='word_1_524' title='bbox 2208 2251 2566 2314; x_wconf 86' lang='lat' dir='ltr'><strong>susceperunt</strong></span> <span class='ocrx_word' id='word_1_525' title='bbox 2588 2251 2642 2299; x_wconf 93' lang='lat' dir='ltr'><strong>te</strong></span> <span class='ocrx_word' id='word_1_526' title='bbox 2673 2251 2990 2316; x_wconf 87' lang='lat' dir='ltr'><strong>protegente</strong></span> <span class='ocrx_word' id='word_1_527' title='bbox 3030 2243 3083 2299; x_wconf 93' lang='lat' dir='ltr'><strong>in</strong></span> <span class='ocrx_word' id='word_1_528' title='bbox 3108 2243 3293 2302; x_wconf 74' lang='lat' dir='ltr'><strong>lzesum</strong></span> <span class='ocrx_word' id='word_1_529' title='bbox 3319 2251 3494 2299; x_wconf 91' lang='lat' dir='ltr'><strong>custo-</strong></span> 
     </span>
    </p>
   </div>
   <div class='ocr_carea' id='block_1_83' title="bbox 1917 2333 2248 2391">
    <p class='ocr_par' dir='ltr' id='par_1_83' title="bbox 1917 2333 2248 2391">
     <span class='ocr_line' id='line_1_83' title="bbox 1917 2333 2248 2391; baseline 0.003 -1"><span class='ocrx_word' id='word_1_530' title='bbox 1917 2333 2092 2391; x_wconf 90' lang='lat' dir='ltr'><strong>diant.</strong></span> <span class='ocrx_word' id='word_1_531' title='bbox 2119 2333 2248 2391; x_wconf 89' lang='lat' dir='ltr'><strong>Per.</strong></span> 
     </span>
    </p>
   </div>
   <div class='ocr_carea' id='block_1_84' title="bbox 1985 2466 3419 2512">
    <p class='ocr_par' dir='ltr' id='par_1_84' title="bbox 1985 2466 3419 2512">
     <span class='ocr_line' id='line_1_84' title="bbox 1985 2466 3419 2512; baseline -0.001 -2"><span class='ocrx_word' id='word_1_532' title='bbox 1985 2468 2184 2511; x_wconf 88' lang='lat' dir='ltr'><strong>ORATIO</strong></span> <span class='ocrx_word' id='word_1_533' title='bbox 2216 2469 2285 2510; x_wconf 87' lang='lat' dir='ltr'><strong>AD</strong></span> <span class='ocrx_word' id='word_1_534' title='bbox 2323 2468 2569 2511; x_wconf 72' lang='lat' dir='ltr'><strong>ARRATEII</strong></span> <span class='ocrx_word' id='word_1_535' title='bbox 2604 2468 2905 2512; x_wconf 67' lang='lat' dir='ltr'><strong>FAEIENDUI</strong></span> <span class='ocrx_word' id='word_1_536' title='bbox 2939 2468 3039 2509; x_wconf 67' lang='grc' dir='ltr'><strong>νει.</strong></span> <span class='ocrx_word' id='word_1_537' title='bbox 3073 2466 3419 2509; x_wconf 77' lang='lat' dir='ltr'><strong>ADBATISSAI.</strong></span> 
     </span>
    </p>
   </div>
   <div class='ocr_carea' id='block_1_85' title="bbox 1983 2541 3491 2617">
    <p class='ocr_par' dir='ltr' id='par_1_85' title="bbox 1983 2541 3491 2617">
     <span class='ocr_line' id='line_1_85' title="bbox 1983 2541 3491 2617; baseline -0.004 -14"><span class='ocrx_word' id='word_1_538' title='bbox 1983 2545 2234 2603; x_wconf 90' lang='lat' dir='ltr'><strong>Concede</strong></span> <span class='ocrx_word' id='word_1_539' title='bbox 2273 2560 2584 2617; x_wconf 60' lang='lat' dir='ltr'><strong>quasumus</strong></span> <span class='ocrx_word' id='word_1_540' title='bbox 2623 2545 2964 2616; x_wconf 90' lang='lat' dir='ltr'><strong>omnipotens</strong></span> <span class='ocrx_word' id='word_1_541' title='bbox 2991 2543 3132 2601; x_wconf 89' lang='lat' dir='ltr'><strong>Deus</strong></span> <span class='ocrx_word' id='word_1_542' title='bbox 3155 2556 3212 2599; x_wconf 91' lang='lat' dir='ltr'><strong>et</strong></span> <span class='ocrx_word' id='word_1_543' title='bbox 3230 2541 3491 2598; x_wconf 88' lang='lat' dir='ltr'><strong>famulum</strong></span> 
     </span>
    </p>
   </div>
   <div class='ocr_carea' id='block_1_86' title="bbox 1914 2631 3492 2707">
    <p class='ocr_par' dir='ltr' id='par_1_86' title="bbox 1914 2631 3492 2707">
     <span class='ocr_line' id='line_1_86' title="bbox 1914 2631 3492 2707; baseline -0.004 -16"><span class='ocrx_word' id='word_1_544' title='bbox 1914 2644 2066 2692; x_wconf 86' lang='lat' dir='ltr'><strong>tuum</strong></span> <span class='ocrx_word' id='word_1_545' title='bbox 2096 2635 2176 2692; x_wconf 87' lang='lat' dir='ltr'><strong>ill.</strong></span> <span class='ocrx_word' id='word_1_546' title='bbox 2204 2636 2294 2692; x_wconf 79' lang='lat' dir='ltr'><strong>vel</strong></span> <span class='ocrx_word' id='word_1_547' title='bbox 2317 2635 2485 2701; x_wconf 90' lang='lat' dir='ltr'><strong>illam,</strong></span> <span class='ocrx_word' id='word_1_548' title='bbox 2521 2650 2681 2707; x_wconf 91' lang='lat' dir='ltr'><strong>quem</strong></span> <span class='ocrx_word' id='word_1_549' title='bbox 2704 2635 2772 2690; x_wconf 90' lang='lat' dir='ltr'><strong>ad</strong></span> <span class='ocrx_word' id='word_1_550' title='bbox 2799 2634 3038 2707; x_wconf 89' lang='lat' dir='ltr'><strong>regimen</strong></span> <span class='ocrx_word' id='word_1_551' title='bbox 3058 2633 3360 2689; x_wconf 86' lang='lat' dir='ltr'><strong>animarum</strong></span> <span class='ocrx_word' id='word_1_552' title='bbox 3384 2631 3492 2690; x_wconf 87' lang='lat' dir='ltr'><strong>ele-</strong></span> 
     </span>
    </p>
   </div>
   <div class='ocr_carea' id='block_1_87' title="bbox 1913 2724 3490 2802">
    <p class='ocr_par' dir='ltr' id='par_1_87' title="bbox 1913 2724 3490 2802">
     <span class='ocr_line' id='line_1_87' title="bbox 1913 2724 3490 2802; baseline -0.003 -18"><span class='ocrx_word' id='word_1_553' title='bbox 1913 2729 2091 2800; x_wconf 88' lang='lat' dir='ltr'><strong>gimus</strong></span> <span class='ocrx_word' id='word_1_554' title='bbox 2143 2729 2332 2802; x_wconf 74' lang='lat' dir='ltr'><strong>gratiae</strong></span> <span class='ocrx_word' id='word_1_555' title='bbox 2357 2737 2462 2785; x_wconf 66' lang='lat' dir='ltr'><strong>tuae</strong></span> <span class='ocrx_word' id='word_1_556' title='bbox 2491 2727 2635 2785; x_wconf 91' lang='lat' dir='ltr'><strong>dono</strong></span> <span class='ocrx_word' id='word_1_557' title='bbox 2683 2741 3026 2798; x_wconf 91' lang='lat' dir='ltr'><strong>prosequere,</strong></span> <span class='ocrx_word' id='word_1_558' title='bbox 3061 2735 3124 2781; x_wconf 90' lang='lat' dir='ltr'><strong>ut</strong></span> <span class='ocrx_word' id='word_1_559' title='bbox 3150 2734 3201 2780; x_wconf 93' lang='lat' dir='ltr'><strong>te</strong></span> <span class='ocrx_word' id='word_1_560' title='bbox 3225 2724 3490 2797; x_wconf 87' lang='lat' dir='ltr'><strong>largiente</strong></span> 
     </span>
    </p>
   </div>
   <div class='ocr_carea' id='block_1_88' title="bbox 1911 2813 3324 2891">
    <p class='ocr_par' dir='ltr' id='par_1_88' title="bbox 1911 2813 3324 2891">
     <span class='ocr_line' id='line_1_88' title="bbox 1911 2813 3324 2891; baseline -0.005 -14"><span class='ocrx_word' id='word_1_561' title='bbox 1911 2836 2035 2878; x_wconf 89' lang='lat' dir='ltr'><strong>eum</strong></span> <span class='ocrx_word' id='word_1_562' title='bbox 2063 2821 2176 2891; x_wconf 88' lang='lat' dir='ltr'><strong>ipsa</strong></span> <span class='ocrx_word' id='word_1_563' title='bbox 2205 2819 2300 2876; x_wconf 92' lang='lat' dir='ltr'><strong>tibi</strong></span> <span class='ocrx_word' id='word_1_564' title='bbox 2331 2828 2514 2876; x_wconf 90' lang='lat' dir='ltr'><strong>nostra</strong></span> <span class='ocrx_word' id='word_1_565' title='bbox 2547 2818 2812 2876; x_wconf 88' lang='lat' dir='ltr'><strong>electione</strong></span> <span class='ocrx_word' id='word_1_566' title='bbox 2835 2817 3167 2890; x_wconf 89' lang='lat' dir='ltr'><strong>placeamus.</strong></span> <span class='ocrx_word' id='word_1_567' title='bbox 3201 2813 3324 2872; x_wconf 90' lang='lat' dir='ltr'><strong>Per.</strong></span> 
     </span>
    </p>
   </div>
   <div class='ocr_carea' id='block_1_89' title="bbox 2357 2924 3058 2969">
    <p class='ocr_par' dir='ltr' id='par_1_89' title="bbox 2357 2924 3058 2969">
     <span class='ocr_line' id='line_1_89' title="bbox 2357 2924 3058 2969; baseline -0.006 -1"><span class='ocrx_word' id='word_1_568' title='bbox 2357 2926 2558 2969; x_wconf 86' lang='lat' dir='ltr'><strong>ORATIO</strong></span> <span class='ocrx_word' id='word_1_569' title='bbox 2596 2925 2841 2966; x_wconf 70' lang='lat' dir='ltr'><strong>TEIPORR</strong></span> <span class='ocrx_word' id='word_1_570' title='bbox 2879 2924 3058 2964; x_wconf 73' lang='lat' dir='ltr'><strong>BELLI.</strong></span> 
     </span>
    </p>
   </div>
   <div class='ocr_carea' id='block_1_90' title="bbox 1981 3000 3492 3082">
    <p class='ocr_par' dir='ltr' id='par_1_90' title="bbox 1981 3000 3492 3082">
     <span class='ocr_line' id='line_1_90' title="bbox 1981 3000 3492 3082; baseline -0.005 -21"><span class='ocrx_word' id='word_1_571' title='bbox 1981 3004 2338 3076; x_wconf 89' lang='lat' dir='ltr'><strong>Omnipotens</strong></span> <span class='ocrx_word' id='word_1_572' title='bbox 2365 3013 2422 3062; x_wconf 92' lang='lat' dir='ltr'><strong>et</strong></span> <span class='ocrx_word' id='word_1_573' title='bbox 2477 3003 2792 3060; x_wconf 86' lang='lat' dir='ltr'><strong>misericors</strong></span> <span class='ocrx_word' id='word_1_574' title='bbox 2835 3003 2997 3082; x_wconf 82' lang='lat' dir='ltr'><strong>Deus,</strong></span> <span class='ocrx_word' id='word_1_575' title='bbox 3021 3016 3053 3056; x_wconf 91' lang='lat' dir='ltr'><strong>a</strong></span> <span class='ocrx_word' id='word_1_576' title='bbox 3079 3000 3344 3057; x_wconf 90' lang='lat' dir='ltr'><strong>bellorum</strong></span> <span class='ocrx_word' id='word_1_577' title='bbox 3393 3015 3492 3055; x_wconf 89' lang='lat' dir='ltr'><strong>nos</strong></span> 
     </span>
    </p>
   </div>
   <div class='ocr_carea' id='block_1_91' title="bbox 1911 3089 3492 3166">
    <p class='ocr_par' dir='ltr' id='par_1_91' title="bbox 1911 3089 3492 3166">
     <span class='ocr_line' id='line_1_91' title="bbox 1911 3089 3492 3166; baseline -0.003 -15"><span class='ocrx_word' id='word_1_578' title='bbox 1911 3111 2221 3166; x_wconf 68' lang='lat' dir='ltr'><strong>quazsumus</strong></span> <span class='ocrx_word' id='word_1_579' title='bbox 2271 3094 2488 3151; x_wconf 79' lang='lat' dir='ltr'><strong>turbine</strong></span> <span class='ocrx_word' id='word_1_580' title='bbox 2536 3093 2624 3150; x_wconf 88' lang='lat' dir='ltr'><strong>fac</strong></span> <span class='ocrx_word' id='word_1_581' title='bbox 2669 3093 2886 3164; x_wconf 88' lang='lat' dir='ltr'><strong>quietos</strong></span> <span class='ocrx_word' id='word_1_582' title='bbox 2917 3111 2930 3145; x_wconf 91' lang='lat'><strong>:</strong></span> <span class='ocrx_word' id='word_1_583' title='bbox 2961 3091 3086 3162; x_wconf 91' lang='lat' dir='ltr'><strong>quia</strong></span> <span class='ocrx_word' id='word_1_584' title='bbox 3142 3090 3281 3146; x_wconf 86' lang='lat' dir='ltr'><strong>bona</strong></span> <span class='ocrx_word' id='word_1_585' title='bbox 3335 3089 3492 3146; x_wconf 88' lang='lat' dir='ltr'><strong>nobis</strong></span> 
     </span>
    </p>
   </div>
   <div class='ocr_carea' id='block_1_92' title="bbox 1835 3165 3491 3258">
    <p class='ocr_par' dir='ltr' id='par_1_92' title="bbox 1835 3165 3491 3258">
     <span class='ocr_line' id='line_1_92' title="bbox 1835 3165 3491 3258; baseline -0.002 -15"><span class='ocrx_word' id='word_1_586' title='bbox 1835 3165 1882 3232; x_wconf 67' lang='grc' dir='ltr'><strong>(ἶ</strong></span> <span class='ocrx_word' id='word_1_587' title='bbox 1913 3165 2106 3243; x_wconf 90' lang='lat' dir='ltr'><strong>cuncta</strong></span> <span class='ocrx_word' id='word_1_588' title='bbox 2136 3187 2442 3258; x_wconf 68' lang='lat' dir='ltr'><strong>praestabis,</strong></span> <span class='ocrx_word' id='word_1_589' title='bbox 2465 3187 2510 3243; x_wconf 90' lang='lat' dir='ltr'><strong>si</strong></span> <span class='ocrx_word' id='word_1_590' title='bbox 2540 3200 2729 3257; x_wconf 88' lang='lat' dir='ltr'><strong>pacem</strong></span> <span class='ocrx_word' id='word_1_591' title='bbox 2753 3183 2968 3242; x_wconf 89' lang='lat' dir='ltr'><strong>dederis</strong></span> <span class='ocrx_word' id='word_1_592' title='bbox 2990 3193 3046 3240; x_wconf 91' lang='lat' dir='ltr'><strong>et</strong></span> <span class='ocrx_word' id='word_1_593' title='bbox 3069 3182 3266 3240; x_wconf 90' lang='lat' dir='ltr'><strong>mentis</strong></span> <span class='ocrx_word' id='word_1_594' title='bbox 3285 3191 3341 3238; x_wconf 90' lang='lat' dir='ltr'><strong>ct</strong></span> <span class='ocrx_word' id='word_1_595' title='bbox 3369 3198 3491 3239; x_wconf 75' lang='lat' dir='ltr'><strong>cu:-</strong></span> 
     </span>
    </p>
   </div>
   <div class='ocr_carea' id='block_1_93' title="bbox 1907 3266 2398 3350">
    <p class='ocr_par' dir='ltr' id='par_1_93' title="bbox 1907 3266 2398 3350">
     <span class='ocr_line' id='line_1_93' title="bbox 1907 3266 2398 3350; baseline -0.002 -15"><span class='ocrx_word' id='word_1_596' title='bbox 1907 3280 2076 3350; x_wconf 88' lang='lat' dir='ltr'><strong>poris.</strong></span> <span class='ocrx_word' id='word_1_597' title='bbox 2111 3266 2214 3335; x_wconf 79' lang='lat' dir='ltr'><strong>Per</strong></span> <span class='ocrx_word' id='word_1_598' title='bbox 2238 3280 2398 3335; x_wconf 91' lang='lat' dir='ltr'><strong>Dnm.</strong></span> 
     </span>
    </p>
   </div>
   <div class='ocr_carea' id='block_1_94' title="bbox 1979 3366 3508 3443">
    <p class='ocr_par' dir='ltr' id='par_1_94' title="bbox 1979 3366 3508 3443">
     <span class='ocr_line' id='line_1_94' title="bbox 1979 3366 3508 3443; baseline -0.005 -17"><span class='ocrx_word' id='word_1_599' title='bbox 1979 3373 2118 3428; x_wconf 83' lang='lat' dir='ltr'><strong>Alia.</strong></span> <span class='ocrx_word' id='word_1_600' title='bbox 2153 3371 2508 3443; x_wconf 87' lang='lat' dir='ltr'><strong>Omnipotens</strong></span> <span class='ocrx_word' id='word_1_601' title='bbox 2538 3372 2683 3427; x_wconf 89' lang='lat' dir='ltr'><strong>Deus</strong></span> <span class='ocrx_word' id='word_1_602' title='bbox 2705 3369 2940 3427; x_wconf 89' lang='lat' dir='ltr'><strong>Romani</strong></span> <span class='ocrx_word' id='word_1_603' title='bbox 2965 3367 3203 3424; x_wconf 89' lang='lat' dir='ltr'><strong>nominis</strong></span> <span class='ocrx_word' id='word_1_604' title='bbox 3238 3366 3508 3423; x_wconf 88' lang='lat' dir='ltr'><strong>inimicos.</strong></span> 
     </span>
    </p>
   </div>
   <div class='ocr_carea' id='block_1_95' title="bbox 1907 3460 3506 3534">
    <p class='ocr_par' dir='ltr' id='par_1_95' title="bbox 1907 3460 3506 3534">
     <span class='ocr_line' id='line_1_95' title="bbox 1907 3460 3506 3534; baseline -0.003 -17"><span class='ocrx_word' id='word_1_605' title='bbox 1907 3464 2108 3520; x_wconf 85' lang='lat' dir='ltr'><strong>virtute</strong></span> <span class='ocrx_word' id='word_1_606' title='bbox 2135 3477 2449 3534; x_wconf 58' lang='lat' dir='ltr'><strong>quaesumus</strong></span> <span class='ocrx_word' id='word_1_607' title='bbox 2499 3471 2605 3518; x_wconf 62' lang='lat' dir='ltr'><strong>tua;</strong></span> <span class='ocrx_word' id='word_1_608' title='bbox 2630 3463 2929 3533; x_wconf 88' lang='lat' dir='ltr'><strong>comprime</strong></span> <span class='ocrx_word' id='word_1_609' title='bbox 2962 3460 3284 3532; x_wconf 83' lang='lat' dir='ltr'><strong>majestatis,</strong></span> <span class='ocrx_word' id='word_1_610' title='bbox 3307 3469 3366 3514; x_wconf 89' lang='lat' dir='ltr'><strong>ut</strong></span> <span class='ocrx_word' id='word_1_611' title='bbox 3393 3473 3506 3528; x_wconf 46' lang='lat' dir='ltr'><strong>pom</strong></span> 
     </span>
    </p>
   </div>
   <div class='ocr_carea' id='block_1_96' title="bbox 1907 3551 3487 3623">
    <p class='ocr_par' dir='ltr' id='par_1_96' title="bbox 1907 3551 3487 3623">
     <span class='ocr_line' id='line_1_96' title="bbox 1907 3551 3487 3623; baseline -0.003 -16"><span class='ocrx_word' id='word_1_612' title='bbox 1907 3551 2066 3623; x_wconf 91' lang='lat' dir='ltr'><strong>pulus</strong></span> <span class='ocrx_word' id='word_1_613' title='bbox 2091 3561 2244 3621; x_wconf 84' lang='lat' dir='ltr'><strong>tuus,</strong></span> <span class='ocrx_word' id='word_1_614' title='bbox 2263 3561 2320 3608; x_wconf 93' lang='lat' dir='ltr'><strong>et</strong></span> <span class='ocrx_word' id='word_1_615' title='bbox 2341 3551 2470 3607; x_wconf 80' lang='lat' dir='ltr'><strong>ﬁdei</strong></span> <span class='ocrx_word' id='word_1_616' title='bbox 2509 3551 2822 3623; x_wconf 88' lang='lat' dir='ltr'><strong>integritate</strong></span> <span class='ocrx_word' id='word_1_617' title='bbox 2849 3551 3080 3618; x_wconf 67' lang='lat' dir='ltr'><strong>lauetur,</strong></span> <span class='ocrx_word' id='word_1_618' title='bbox 3107 3559 3162 3607; x_wconf 88' lang='lat' dir='ltr'><strong>et</strong></span> <span class='ocrx_word' id='word_1_619' title='bbox 3185 3558 3487 3620; x_wconf 89' lang='lat' dir='ltr'><strong>temporum</strong></span> 
     </span>
    </p>
   </div>
   <div class='ocr_carea' id='block_1_97' title="bbox 1909 3637 2954 3710">
    <p class='ocr_par' dir='ltr' id='par_1_97' title="bbox 1909 3637 2954 3710">
     <span class='ocr_line' id='line_1_97' title="bbox 1909 3637 2954 3710; baseline -0.002 -16"><span class='ocrx_word' id='word_1_620' title='bbox 1909 3639 2302 3710; x_wconf 88' lang='lat' dir='ltr'><strong>tranquillitate</strong></span> <span class='ocrx_word' id='word_1_621' title='bbox 2327 3653 2542 3708; x_wconf 90' lang='lat' dir='ltr'><strong>semper</strong></span> <span class='ocrx_word' id='word_1_622' title='bbox 2569 3639 2795 3694; x_wconf 80' lang='lat' dir='ltr'><strong>exultet.</strong></span> <span class='ocrx_word' id='word_1_623' title='bbox 2825 3637 2954 3694; x_wconf 87' lang='lat' dir='ltr'><strong>Per.</strong></span> 
     </span>
    </p>
   </div>
   <div class='ocr_carea' id='block_1_98' title="bbox 2213 3743 3201 3793">
    <p class='ocr_par' dir='ltr' id='par_1_98' title="bbox 2213 3743 3201 3793">
     <span class='ocr_line' id='line_1_98' title="bbox 2213 3743 3201 3793; baseline -0.002 -9"><span class='ocrx_word' id='word_1_624' title='bbox 2213 3745 2413 3785; x_wconf 85' lang='lat' dir='ltr'><strong>ORATIO</strong></span> <span class='ocrx_word' id='word_1_625' title='bbox 2450 3744 2552 3784; x_wconf 80' lang='lat' dir='ltr'><strong>PRO</strong></span> <span class='ocrx_word' id='word_1_626' title='bbox 2589 3744 2674 3784; x_wconf 83' lang='lat' dir='ltr'><strong>IIIS</strong></span> <span class='ocrx_word' id='word_1_627' title='bbox 2709 3745 2797 3793; x_wconf 82' lang='lat' dir='ltr'><strong>QUI</strong></span> <span class='ocrx_word' id='word_1_628' title='bbox 2839 3744 2965 3784; x_wconf 75' lang='lat' dir='ltr'><strong>ITER</strong></span> <span class='ocrx_word' id='word_1_629' title='bbox 3004 3743 3201 3784; x_wconf 77' lang='lat' dir='ltr'><strong>AGUNT.</strong></span> 
     </span>
    </p>
   </div>
   <div class='ocr_carea' id='block_1_99' title="bbox 1980 3818 3484 3876">
    <p class='ocr_par' dir='ltr' id='par_1_99' title="bbox 1980 3818 3484 3876">
     <span class='ocr_line' id='line_1_99' title="bbox 1980 3818 3484 3876; baseline -0.003 0"><span class='ocrx_word' id='word_1_630' title='bbox 1980 3819 2186 3876; x_wconf 87' lang='lat' dir='ltr'><strong>Exaudi</strong></span> <span class='ocrx_word' id='word_1_631' title='bbox 2225 3834 2326 3876; x_wconf 89' lang='lat' dir='ltr'><strong>nos</strong></span> <span class='ocrx_word' id='word_1_632' title='bbox 2369 3819 2594 3876; x_wconf 91' lang='lat' dir='ltr'><strong>Domine</strong></span> <span class='ocrx_word' id='word_1_633' title='bbox 2633 3829 2692 3876; x_wconf 92' lang='lat' dir='ltr'><strong>et</strong></span> <span class='ocrx_word' id='word_1_634' title='bbox 2743 3821 2848 3875; x_wconf 89' lang='lat' dir='ltr'><strong>iter</strong></span> <span class='ocrx_word' id='word_1_635' title='bbox 2883 3818 3069 3874; x_wconf 86' lang='lat' dir='ltr'><strong>famuli</strong></span> <span class='ocrx_word' id='word_1_636' title='bbox 3100 3821 3172 3874; x_wconf 90' lang='lat' dir='ltr'><strong>tui</strong></span> <span class='ocrx_word' id='word_1_637' title='bbox 3217 3818 3296 3874; x_wconf 89' lang='lat' dir='ltr'><strong>ill.</strong></span> <span class='ocrx_word' id='word_1_638' title='bbox 3339 3819 3484 3872; x_wconf 86' lang='lat' dir='ltr'><strong>inter</strong></span> 
     </span>
    </p>
   </div>
   <div class='ocr_carea' id='block_1_100' title="bbox 1904 3908 3478 3983">
    <p class='ocr_par' dir='ltr' id='par_1_100' title="bbox 1904 3908 3478 3983">
     <span class='ocr_line' id='line_1_100' title="bbox 1904 3908 3478 3983; baseline -0.001 -19"><span class='ocrx_word' id='word_1_639' title='bbox 1904 3912 2030 3968; x_wconf 73' lang='lat' dir='ltr'><strong>vita:</strong></span> <span class='ocrx_word' id='word_1_640' title='bbox 2065 3910 2225 3981; x_wconf 90' lang='lat' dir='ltr'><strong>hujus</strong></span> <span class='ocrx_word' id='word_1_641' title='bbox 2257 3909 2497 3983; x_wconf 88' lang='lat' dir='ltr'><strong>pericula</strong></span> <span class='ocrx_word' id='word_1_642' title='bbox 2524 3918 2616 3966; x_wconf 91' lang='lat' dir='ltr'><strong>tuo</strong></span> <span class='ocrx_word' id='word_1_643' title='bbox 2656 3923 2873 3980; x_wconf 89' lang='lat' dir='ltr'><strong>semper</strong></span> <span class='ocrx_word' id='word_1_644' title='bbox 2911 3917 3227 3980; x_wconf 87' lang='lat' dir='ltr'><strong>protegatur</strong></span> <span class='ocrx_word' id='word_1_645' title='bbox 3257 3908 3478 3962; x_wconf 90' lang='lat' dir='ltr'><strong>auxilio.</strong></span> 
     </span>
    </p>
   </div>
   <div class='ocr_carea' id='block_1_101' title="bbox 1903 4002 2028 4058">
    <p class='ocr_par' dir='ltr' id='par_1_101' title="bbox 1903 4002 2028 4058">
     <span class='ocr_line' id='line_1_101' title="bbox 1903 4002 2028 4058; baseline 0 -1"><span class='ocrx_word' id='word_1_646' title='bbox 1903 4002 2028 4058; x_wconf 85' lang='lat' dir='ltr'><strong>Per.</strong></span> 
     </span>
    </p>
   </div>
   <div class='ocr_carea' id='block_1_102' title="bbox 2203 4105 3167 4151">
    <p class='ocr_par' dir='ltr' id='par_1_102' title="bbox 2203 4105 3167 4151">
     <span class='ocr_line' id='line_1_102' title="bbox 2203 4105 3167 4151; baseline -0.007 -1"><span class='ocrx_word' id='word_1_647' title='bbox 2203 4108 2403 4151; x_wconf 86' lang='lat' dir='ltr'><strong>ORATIO</strong></span> <span class='ocrx_word' id='word_1_648' title='bbox 2441 4109 2542 4150; x_wconf 80' lang='lat' dir='ltr'><strong>PRO</strong></span> <span class='ocrx_word' id='word_1_649' title='bbox 2580 4107 2768 4150; x_wconf 79' lang='lat' dir='ltr'><strong>PLUVIA</strong></span> <span class='ocrx_word' id='word_1_650' title='bbox 2807 4105 3167 4148; x_wconf 76' lang='lat' dir='ltr'><strong>POSTULANDA.</strong></span> 
     </span>
    </p>
   </div>
   <div class='ocr_carea' id='block_1_103' title="bbox 1975 4179 3483 4254">
    <p class='ocr_par' dir='ltr' id='par_1_103' title="bbox 1975 4179 3483 4254">
     <span class='ocr_line' id='line_1_103' title="bbox 1975 4179 3483 4254; baseline -0.006 -13"><span class='ocrx_word' id='word_1_651' title='bbox 1975 4183 2198 4241; x_wconf 88' lang='lat' dir='ltr'><strong>Terram</strong></span> <span class='ocrx_word' id='word_1_652' title='bbox 2227 4194 2374 4240; x_wconf 91' lang='lat' dir='ltr'><strong>tuam</strong></span> <span class='ocrx_word' id='word_1_653' title='bbox 2421 4183 2649 4240; x_wconf 89' lang='lat' dir='ltr'><strong>Domine</strong></span> <span class='ocrx_word' id='word_1_654' title='bbox 2682 4198 2848 4254; x_wconf 88' lang='lat' dir='ltr'><strong>quam</strong></span> <span class='ocrx_word' id='word_1_655' title='bbox 2874 4181 3122 4238; x_wconf 90' lang='lat' dir='ltr'><strong>videmus</strong></span> <span class='ocrx_word' id='word_1_656' title='bbox 3147 4180 3346 4236; x_wconf 88' lang='lat' dir='ltr'><strong>nostris</strong></span> <span class='ocrx_word' id='word_1_657' title='bbox 3380 4179 3483 4234; x_wconf 57' lang='lat' dir='ltr'><strong>iui-</strong></span> 
     </span>
    </p>
   </div>
   <div class='ocr_carea' id='block_1_104' title="bbox 1903 4271 3480 4349">
    <p class='ocr_par' dir='ltr' id='par_1_104' title="bbox 1903 4271 3480 4349">
     <span class='ocr_line' id='line_1_104' title="bbox 1903 4271 3480 4349; baseline -0.004 -15"><span class='ocrx_word' id='word_1_658' title='bbox 1903 4277 2204 4349; x_wconf 88' lang='lat' dir='ltr'><strong>quilatibus</strong></span> <span class='ocrx_word' id='word_1_659' title='bbox 2252 4277 2622 4335; x_wconf 84' lang='lat' dir='ltr'><strong>tabescentem</strong></span> <span class='ocrx_word' id='word_1_660' title='bbox 2667 4275 2984 4334; x_wconf 76' lang='lat' dir='ltr'><strong>cmlestibus</strong></span> <span class='ocrx_word' id='word_1_661' title='bbox 3035 4273 3193 4346; x_wconf 87' lang='lat' dir='ltr'><strong>aquis</strong></span> <span class='ocrx_word' id='word_1_662' title='bbox 3235 4271 3480 4338; x_wconf 85' lang='lat' dir='ltr'><strong>infunde,</strong></span> 
     </span>
    </p>
   </div>
   <div class='ocr_carea' id='block_1_105' title="bbox 1900 4364 3307 4442">
    <p class='ocr_par' dir='ltr' id='par_1_105' title="bbox 1900 4364 3307 4442">
     <span class='ocr_line' id='line_1_105' title="bbox 1900 4364 3307 4442; baseline -0.004 -18"><span class='ocrx_word' id='word_1_663' title='bbox 1900 4378 2062 4441; x_wconf 90' lang='lat' dir='ltr'><strong>atque</strong></span> <span class='ocrx_word' id='word_1_664' title='bbox 2087 4369 2250 4442; x_wconf 88' lang='lat' dir='ltr'><strong>irriga</strong></span> <span class='ocrx_word' id='word_1_665' title='bbox 2277 4368 2552 4426; x_wconf 79' lang='lat' dir='ltr'><strong>beneﬂciis</strong></span> <span class='ocrx_word' id='word_1_666' title='bbox 2579 4367 2770 4441; x_wconf 76' lang='lat' dir='ltr'><strong>gratia:</strong></span> <span class='ocrx_word' id='word_1_667' title='bbox 2791 4366 3153 4438; x_wconf 66' lang='lat' dir='ltr'><strong>sempiternae.</strong></span> <span class='ocrx_word' id='word_1_668' title='bbox 3182 4364 3307 4420; x_wconf 90' lang='lat' dir='ltr'><strong>Per.</strong></span> 
     </span>
    </p>
   </div>
   <div class='ocr_carea' id='block_1_106' title="bbox 1970 4456 3480 4532">
    <p class='ocr_par' dir='ltr' id='par_1_106' title="bbox 1970 4456 3480 4532">
     <span class='ocr_line' id='line_1_106' title="bbox 1970 4456 3480 4532; baseline -0.003 -15"><span class='ocrx_word' id='word_1_669' title='bbox 1970 4462 2112 4517; x_wconf 80' lang='lat' dir='ltr'><strong>Alia.</strong></span> <span class='ocrx_word' id='word_1_670' title='bbox 2142 4462 2216 4516; x_wconf 90' lang='lat' dir='ltr'><strong>Da</strong></span> <span class='ocrx_word' id='word_1_671' title='bbox 2239 4460 2396 4518; x_wconf 90' lang='lat' dir='ltr'><strong>nobis</strong></span> <span class='ocrx_word' id='word_1_672' title='bbox 2425 4461 2674 4527; x_wconf 86' lang='lat' dir='ltr'><strong>Domine,</strong></span> <span class='ocrx_word' id='word_1_673' title='bbox 2695 4473 3004 4532; x_wconf 66' lang='lat' dir='ltr'><strong>quaasumns</strong></span> <span class='ocrx_word' id='word_1_674' title='bbox 3029 4457 3264 4528; x_wconf 90' lang='lat' dir='ltr'><strong>pluviam</strong></span> <span class='ocrx_word' id='word_1_675' title='bbox 3285 4456 3480 4512; x_wconf 86' lang='lat' dir='ltr'><strong>saluta-</strong></span> 
     </span>
    </p>
   </div>
   <div class='ocr_carea' id='block_1_107' title="bbox 1902 4547 3477 4617">
    <p class='ocr_par' dir='ltr' id='par_1_107' title="bbox 1902 4547 3477 4617">
     <span class='ocr_line' id='line_1_107' title="bbox 1902 4547 3477 4617; baseline -0.003 -11"><span class='ocrx_word' id='word_1_676' title='bbox 1902 4566 2039 4617; x_wconf 89' lang='lat' dir='ltr'><strong>rem,</strong></span> <span class='ocrx_word' id='word_1_677' title='bbox 2073 4559 2128 4606; x_wconf 91' lang='lat' dir='ltr'><strong>et</strong></span> <span class='ocrx_word' id='word_1_678' title='bbox 2146 4551 2354 4606; x_wconf 87' lang='lat' dir='ltr'><strong>aridam</strong></span> <span class='ocrx_word' id='word_1_679' title='bbox 2395 4559 2556 4606; x_wconf 63' lang='lat' dir='ltr'><strong>terrae</strong></span> <span class='ocrx_word' id='word_1_680' title='bbox 2596 4549 2788 4604; x_wconf 86' lang='lat' dir='ltr'><strong>faciem</strong></span> <span class='ocrx_word' id='word_1_681' title='bbox 2830 4547 3119 4604; x_wconf 82' lang='lat' dir='ltr'><strong>ﬂuentibus</strong></span> <span class='ocrx_word' id='word_1_682' title='bbox 3166 4548 3477 4604; x_wconf 74' lang='lat' dir='ltr'><strong>cwlestibus</strong></span> 
     </span>
    </p>
   </div>
   <div class='ocr_carea' id='block_1_108' title="bbox 1900 4639 2921 4712">
    <p class='ocr_par' dir='ltr' id='par_1_108' title="bbox 1900 4639 2921 4712">
     <span class='ocr_line' id='line_1_108' title="bbox 1900 4639 2921 4712; baseline -0.005 -16"><span class='ocrx_word' id='word_1_683' title='bbox 1900 4641 2187 4712; x_wconf 89' lang='lat' dir='ltr'><strong>dignanter</strong></span> <span class='ocrx_word' id='word_1_684' title='bbox 2213 4639 2453 4694; x_wconf 91' lang='lat' dir='ltr'><strong>infunde.</strong></span> <span class='ocrx_word' id='word_1_685' title='bbox 2479 4639 2583 4693; x_wconf 88' lang='lat' dir='ltr'><strong>Per</strong></span> <span class='ocrx_word' id='word_1_686' title='bbox 2611 4639 2748 4693; x_wconf 86' lang='lat' dir='ltr'><strong>Dum</strong></span> <span class='ocrx_word' id='word_1_687' title='bbox 2778 4653 2921 4692; x_wconf 88' lang='lat' dir='ltr'><strong>nrm.</strong></span> 
     </span>
    </p>
   </div>
   <div class='ocr_carea' id='block_1_109' title="bbox 1969 4727 3476 4800">
    <p class='ocr_par' dir='ltr' id='par_1_109' title="bbox 1969 4727 3476 4800">
     <span class='ocr_line' id='line_1_109' title="bbox 1969 4727 3476 4800; baseline -0.003 -14"><span class='ocrx_word' id='word_1_688' title='bbox 1969 4731 2111 4787; x_wconf 82' lang='lat' dir='ltr'><strong>Alia.</strong></span> <span class='ocrx_word' id='word_1_689' title='bbox 2161 4729 2520 4800; x_wconf 88' lang='lat' dir='ltr'><strong>Omnipotens</strong></span> <span class='ocrx_word' id='word_1_690' title='bbox 2569 4729 2899 4799; x_wconf 88' lang='lat' dir='ltr'><strong>sempiterne</strong></span> <span class='ocrx_word' id='word_1_691' title='bbox 2953 4727 3118 4796; x_wconf 83' lang='lat' dir='ltr'><strong>Deus,</strong></span> <span class='ocrx_word' id='word_1_692' title='bbox 3160 4728 3250 4798; x_wconf 90' lang='lat' dir='ltr'><strong>qui</strong></span> <span class='ocrx_word' id='word_1_693' title='bbox 3297 4729 3476 4783; x_wconf 86' lang='lat' dir='ltr'><strong>salvas</strong></span> 
     </span>
    </p>
   </div>
   <div class='ocr_carea' id='block_1_110' title="bbox 1897 4818 3473 4891">
    <p class='ocr_par' dir='ltr' id='par_1_110' title="bbox 1897 4818 3473 4891">
     <span class='ocr_line' id='line_1_110' title="bbox 1897 4818 3473 4891; baseline -0.006 -10"><span class='ocrx_word' id='word_1_694' title='bbox 1897 4838 2086 4880; x_wconf 92' lang='lat' dir='ltr'><strong>omnes</strong></span> <span class='ocrx_word' id='word_1_695' title='bbox 2113 4829 2170 4880; x_wconf 92' lang='lat' dir='ltr'><strong>et</strong></span> <span class='ocrx_word' id='word_1_696' title='bbox 2192 4822 2466 4878; x_wconf 90' lang='lat' dir='ltr'><strong>neminem</strong></span> <span class='ocrx_word' id='word_1_697' title='bbox 2491 4821 2572 4876; x_wconf 86' lang='lat' dir='ltr'><strong>vis</strong></span> <span class='ocrx_word' id='word_1_698' title='bbox 2600 4819 2804 4891; x_wconf 88' lang='lat' dir='ltr'><strong>perire,</strong></span> <span class='ocrx_word' id='word_1_699' title='bbox 2827 4819 2975 4890; x_wconf 89' lang='lat' dir='ltr'><strong>aperi</strong></span> <span class='ocrx_word' id='word_1_700' title='bbox 2999 4818 3204 4875; x_wconf 87' lang='lat' dir='ltr'><strong>fontem</strong></span> <span class='ocrx_word' id='word_1_701' title='bbox 3227 4819 3473 4890; x_wconf 77' lang='lat' dir='ltr'><strong>benigni-</strong></span> 
     </span>
    </p>
   </div>
   <div class='ocr_carea' id='block_1_111' title="bbox 1902 4908 3472 4980">
    <p class='ocr_par' dir='ltr' id='par_1_111' title="bbox 1902 4908 3472 4980">
     <span class='ocr_line' id='line_1_111' title="bbox 1902 4908 3472 4980; baseline -0.003 -12"><span class='ocrx_word' id='word_1_702' title='bbox 1902 4913 2028 4968; x_wconf 89' lang='lat' dir='ltr'><strong>tatis</strong></span> <span class='ocrx_word' id='word_1_703' title='bbox 2057 4921 2182 4979; x_wconf 65' lang='lat' dir='ltr'><strong>tuaa,</strong></span> <span class='ocrx_word' id='word_1_704' title='bbox 2207 4920 2262 4968; x_wconf 90' lang='lat' dir='ltr'><strong>et</strong></span> <span class='ocrx_word' id='word_1_705' title='bbox 2281 4921 2486 4968; x_wconf 89' lang='lat' dir='ltr'><strong>terram</strong></span> <span class='ocrx_word' id='word_1_706' title='bbox 2517 4909 2726 4965; x_wconf 89' lang='lat' dir='ltr'><strong>aridam</strong></span> <span class='ocrx_word' id='word_1_707' title='bbox 2748 4911 2906 4980; x_wconf 88' lang='lat' dir='ltr'><strong>aquis</strong></span> <span class='ocrx_word' id='word_1_708' title='bbox 2927 4908 3216 4967; x_wconf 86' lang='lat' dir='ltr'><strong>liuentibus</strong></span> <span class='ocrx_word' id='word_1_709' title='bbox 3241 4909 3472 4965; x_wconf 54' lang='lat' dir='ltr'><strong>ctelestl</strong></span> 
     </span>
    </p>
   </div>
   <div class='ocr_carea' id='block_1_112' title="bbox 1895 5004 2904 5079">
    <p class='ocr_par' dir='ltr' id='par_1_112' title="bbox 1895 5004 2904 5079">
     <span class='ocr_line' id='line_1_112' title="bbox 1895 5004 2904 5079; baseline -0.004 -16"><span class='ocrx_word' id='word_1_710' title='bbox 1895 5007 1998 5064; x_wconf 88' lang='lat' dir='ltr'><strong>bus</strong></span> <span class='ocrx_word' id='word_1_711' title='bbox 2027 5006 2316 5079; x_wconf 88' lang='lat' dir='ltr'><strong>dignantur</strong></span> <span class='ocrx_word' id='word_1_712' title='bbox 2351 5004 2592 5061; x_wconf 88' lang='lat' dir='ltr'><strong>infunde.</strong></span> <span class='ocrx_word' id='word_1_713' title='bbox 2619 5004 2722 5060; x_wconf 88' lang='lat' dir='ltr'><strong>Per</strong></span> <span class='ocrx_word' id='word_1_714' title='bbox 2749 5004 2904 5060; x_wconf 91' lang='lat' dir='ltr'><strong>Dum.</strong></span> 
     </span>
    </p>
   </div>
   <div class='ocr_carea' id='block_1_113' title="bbox 1899 5158 3472 5228">
    <p class='ocr_par' dir='ltr' id='par_1_113' title="bbox 1899 5158 3472 5228">
     <span class='ocr_line' id='line_1_113' title="bbox 1899 5158 3472 5228; baseline -0.003 -14"><span class='ocrx_word' id='word_1_715' title='bbox 1899 5161 1966 5214; x_wconf 78' lang='lat' dir='ltr'><strong>Et</strong></span> <span class='ocrx_word' id='word_1_716' title='bbox 1997 5160 2130 5216; x_wconf 73' lang='lat' dir='ltr'><strong>dicit</strong></span> <span class='ocrx_word' id='word_1_717' title='bbox 2169 5162 2458 5216; x_wconf 80' lang='lat' dir='ltr'><strong>orationem</strong></span> <span class='ocrx_word' id='word_1_718' title='bbox 2496 5160 2845 5225; x_wconf 80' lang='lat' dir='ltr'><strong>Dominicam,</strong></span> <span class='ocrx_word' id='word_1_719' title='bbox 2872 5173 2917 5214; x_wconf 86' lang='lat' dir='ltr'><strong>et</strong></span> <span class='ocrx_word' id='word_1_720' title='bbox 2940 5163 3015 5213; x_wconf 82' lang='lat' dir='ltr'><strong>sic</strong></span> <span class='ocrx_word' id='word_1_721' title='bbox 3035 5173 3148 5213; x_wconf 80' lang='lat' dir='ltr'><strong>eam</strong></span> <span class='ocrx_word' id='word_1_722' title='bbox 3171 5158 3472 5228; x_wconf 83' lang='lat' dir='ltr'><strong>(sponsam)</strong></span> 
     </span>
    </p>
   </div>
   <div class='ocr_carea' id='block_1_114' title="bbox 1897 5227 3474 5306">
    <p class='ocr_par' dir='ltr' id='par_1_114' title="bbox 1897 5227 3474 5306">
     <span class='ocr_line' id='line_1_114' title="bbox 1897 5227 3474 5306; baseline -0.004 -20"><span class='ocrx_word' id='word_1_723' title='bbox 1897 5231 2156 5306; x_wconf 61' lang='lat' dir='ltr'><strong>benedici:</strong></span> <span class='ocrx_word' id='word_1_724' title='bbox 2178 5231 2450 5306; x_wconf 61' lang='lat' dir='ltr'><strong>his_t_9erbis</strong></span> <span class='ocrx_word' id='word_1_725' title='bbox 2474 5245 2491 5283; x_wconf 82' lang='lat'><strong>.&#39;</strong></span> <span class='ocrx_word' id='word_1_726' title='bbox 2521 5230 2663 5306; x_wconf 79' lang='lat' dir='ltr'><strong>Deus</strong></span> <span class='ocrx_word' id='word_1_727' title='bbox 2679 5231 2769 5301; x_wconf 91' lang='lat' dir='ltr'><strong>qui</strong></span> <span class='ocrx_word' id='word_1_728' title='bbox 2801 5231 2983 5306; x_wconf 76' lang='lat' dir='ltr'><strong>mundi</strong></span> <span class='ocrx_word' id='word_1_729' title='bbox 3001 5227 3297 5306; x_wconf 64' lang='lat' dir='ltr'><strong>crescentis</strong></span> <span class='ocrx_word' id='word_1_730' title='bbox 3318 5240 3474 5306; x_wconf 48' lang='lat' dir='ltr'><strong>exor:</strong></span> 
     </span>
    </p>
   </div>
   <div class='ocr_carea' id='block_1_115' title="bbox 1896 5293 3473 5375">
    <p class='ocr_par' dir='ltr' id='par_1_115' title="bbox 1896 5293 3473 5375">
     <span class='ocr_line' id='line_1_115' title="bbox 1896 5293 3473 5375; baseline -0.004 -22"><span class='ocrx_word' id='word_1_731' title='bbox 1896 5302 2064 5375; x_wconf 75' lang='lat' dir='ltr'><strong>dium,</strong></span> <span class='ocrx_word' id='word_1_732' title='bbox 2098 5299 2338 5375; x_wconf 74' lang='lat' dir='ltr'><strong>etc.__Sie</strong></span> <span class='ocrx_word' id='word_1_733' title='bbox 2367 5311 2548 5356; x_wconf 91' lang='lat' dir='ltr'><strong>autem</strong></span> <span class='ocrx_word' id='word_1_734' title='bbox 2577 5293 2740 5375; x_wconf 73' lang='lat' dir='ltr'><strong>habet</strong></span> <span class='ocrx_word' id='word_1_735' title='bbox 2777 5300 2989 5375; x_wconf 64' lang='lat' dir='ltr'><strong>rubrica</strong></span> <span class='ocrx_word' id='word_1_736' title='bbox 3021 5296 3232 5375; x_wconf 77' lang='lat' dir='ltr'><strong>ritualis</strong></span> <span class='ocrx_word' id='word_1_737' title='bbox 3251 5293 3473 5375; x_wconf 58' lang='lat' dir='ltr'><strong>Romani</strong></span> 
     </span>
    </p>
   </div>
   <div class='ocr_carea' id='block_1_116' title="bbox 1894 5365 3470 5439">
    <p class='ocr_par' dir='ltr' id='par_1_116' title="bbox 1894 5365 3470 5439">
     <span class='ocr_line' id='line_1_116' title="bbox 1894 5365 3470 5439; baseline -0.006 -14"><span class='ocrx_word' id='word_1_738' title='bbox 1894 5382 2015 5439; x_wconf 92' lang='lat' dir='ltr'><strong>post</strong></span> <span class='ocrx_word' id='word_1_739' title='bbox 2052 5370 2485 5427; x_wconf 87' lang='lat' dir='ltr'><strong>benedictionem</strong></span> <span class='ocrx_word' id='word_1_740' title='bbox 2516 5371 2700 5426; x_wconf 87' lang='lat' dir='ltr'><strong>annuli</strong></span> <span class='ocrx_word' id='word_1_741' title='bbox 2732 5388 2746 5424; x_wconf 91' lang='lat'><strong>:</strong></span> <span class='ocrx_word' id='word_1_742' title='bbox 2789 5368 2887 5424; x_wconf 80' lang='lat' dir='ltr'><strong>His</strong></span> <span class='ocrx_word' id='word_1_743' title='bbox 2921 5368 3156 5437; x_wconf 74' lang='lat' dir='ltr'><strong>expletis,</strong></span> <span class='ocrx_word' id='word_1_744' title='bbox 3181 5367 3227 5421; x_wconf 73' lang='lat' dir='ltr'><strong>si</strong></span> <span class='ocrx_word' id='word_1_745' title='bbox 3260 5365 3470 5419; x_wconf 81' lang='lat' dir='ltr'><strong>benedi-</strong></span> 
     </span>
    </p>
   </div>
   <div class='ocr_carea' id='block_1_117' title="bbox 1892 5441 3471 5516">
    <p class='ocr_par' dir='ltr' id='par_1_117' title="bbox 1892 5441 3471 5516">
     <span class='ocr_line' id='line_1_117' title="bbox 1892 5441 3471 5516; baseline -0.005 -22"><span class='ocrx_word' id='word_1_746' title='bbox 1892 5443 2072 5496; x_wconf 71' lang='lat' dir='ltr'><strong>cendo:</strong></span> <span class='ocrx_word' id='word_1_747' title='bbox 2130 5443 2257 5516; x_wconf 77' lang='lat' dir='ltr'><strong>sint_</strong></span> <span class='ocrx_word' id='word_1_748' title='bbox 2287 5444 2527 5516; x_wconf 44' lang='lat' dir='ltr'><strong>nuptiae,</strong></span> <span class='ocrx_word' id='word_1_749' title='bbox 2555 5442 2814 5516; x_wconf 65' lang='lat' dir='ltr'><strong>pgrochus</strong></span> <span class='ocrx_word' id='word_1_750' title='bbox 2848 5441 3063 5516; x_wconf 65' lang='lat' dir='ltr'><strong>missum</strong></span> <span class='ocrx_word' id='word_1_751' title='bbox 3089 5453 3183 5508; x_wconf 85' lang='lat' dir='ltr'><strong>pro</strong></span> <span class='ocrx_word' id='word_1_752' title='bbox 3210 5450 3397 5516; x_wconf 63' lang='lat' dir='ltr'><strong>sponso</strong></span> <span class='ocrx_word' id='word_1_753' title='bbox 3424 5443 3471 5487; x_wconf 77' lang='lat' dir='ltr'><strong>et</strong></span> 
     </span>
    </p>
   </div>
   <div class='ocr_carea' id='block_1_118' title="bbox 1891 5509 3471 5581">
    <p class='ocr_par' dir='ltr' id='par_1_118' title="bbox 1891 5509 3471 5581">
     <span class='ocr_line' id='line_1_118' title="bbox 1891 5509 3471 5581; baseline -0.005 -16"><span class='ocrx_word' id='word_1_754' title='bbox 1891 5527 2107 5581; x_wconf 73' lang='lat' dir='ltr'><strong>sponsa,</strong></span> <span class='ocrx_word' id='word_1_755' title='bbox 2137 5522 2194 5566; x_wconf 87' lang='lat' dir='ltr'><strong>ut</strong></span> <span class='ocrx_word' id='word_1_756' title='bbox 2239 5513 2294 5566; x_wconf 82' lang='lat' dir='ltr'><strong>in</strong></span> <span class='ocrx_word' id='word_1_757' title='bbox 2324 5509 2528 5566; x_wconf 70' lang='lat' dir='ltr'><strong>inissali</strong></span> <span class='ocrx_word' id='word_1_758' title='bbox 2558 5509 2815 5565; x_wconf 71' lang='lat' dir='ltr'><strong>Romano</strong></span> <span class='ocrx_word' id='word_1_759' title='bbox 2859 5509 3099 5572; x_wconf 82' lang='lat' dir='ltr'><strong>celebret,</strong></span> <span class='ocrx_word' id='word_1_760' title='bbox 3125 5509 3338 5562; x_wconf 81' lang='lat' dir='ltr'><strong>servatis</strong></span> <span class='ocrx_word' id='word_1_761' title='bbox 3362 5521 3471 5559; x_wconf 80' lang='lat' dir='ltr'><strong>om-</strong></span> 
     </span>
    </p>
   </div>
   <div class='ocr_carea' id='block_1_119' title="bbox 1897 5581 2648 5654">
    <p class='ocr_par' dir='ltr' id='par_1_119' title="bbox 1897 5581 2648 5654">
     <span class='ocr_line' id='line_1_119' title="bbox 1897 5581 2648 5654; baseline 0 -20"><span class='ocrx_word' id='word_1_762' title='bbox 1897 5581 2048 5654; x_wconf 73' lang='lat' dir='ltr'><strong>uibus</strong></span> <span class='ocrx_word' id='word_1_763' title='bbox 2071 5599 2194 5654; x_wconf 57' lang='lat' dir='ltr'><strong>quin</strong></span> <span class='ocrx_word' id='word_1_764' title='bbox 2214 5584 2648 5654; x_wconf 47' lang='lat' dir='ltr'><strong>prwscribuntm;</strong></span> 
     </span>
    </p>
   </div>
   <div class='ocr_carea' id='block_1_120' title="bbox 1965 5646 3470 5723">
    <p class='ocr_par' dir='ltr' id='par_1_120' title="bbox 1965 5646 3470 5723">
     <span class='ocr_line' id='line_1_120' title="bbox 1965 5646 3470 5723; baseline -0.004 -17"><span class='ocrx_word' id='word_1_765' title='bbox 1965 5646 2550 5723; x_wconf 64' lang='lat' dir='ltr'><strong>(152)1n&#39;Pontilicali</strong></span> <span class='ocrx_word' id='word_1_766' title='bbox 2606 5650 2763 5723; x_wconf 82' lang='lat' dir='ltr'><strong>Rom.</strong></span> <span class='ocrx_word' id='word_1_767' title='bbox 2810 5651 3003 5706; x_wconf 82' lang='lat' dir='ltr'><strong>variat.</strong></span> <span class='ocrx_word' id='word_1_768' title='bbox 3055 5650 3304 5720; x_wconf 72' lang='lat' dir='ltr'><strong>leguntur</strong></span> <span class='ocrx_word' id='word_1_769' title='bbox 3329 5646 3381 5700; x_wconf 87' lang='lat' dir='ltr'><strong>in</strong></span> <span class='ocrx_word' id='word_1_770' title='bbox 3406 5658 3470 5700; x_wconf 83' lang='lat' dir='ltr'><strong>eo</strong></span> 
     </span>
    </p>
   </div>
   <div class='ocr_carea' id='block_1_121' title="bbox 1887 5722 2832 5794">
    <p class='ocr_par' dir='ltr' id='par_1_121' title="bbox 1887 5722 2832 5794">
     <span class='ocr_line' id='line_1_121' title="bbox 1887 5722 2832 5794; baseline -0.001 -17"><span class='ocrx_word' id='word_1_771' title='bbox 1887 5724 2050 5780; x_wconf 88' lang='lat' dir='ltr'><strong>etiam</strong></span> <span class='ocrx_word' id='word_1_772' title='bbox 2084 5733 2193 5780; x_wconf 89' lang='lat' dir='ltr'><strong>tres</strong></span> <span class='ocrx_word' id='word_1_773' title='bbox 2228 5733 2514 5794; x_wconf 87' lang='lat' dir='ltr'><strong>sequentes</strong></span> <span class='ocrx_word' id='word_1_774' title='bbox 2537 5722 2832 5779; x_wconf 83' lang='lat' dir='ltr'><strong>orationes.</strong></span> 
     </span>
    </p>
   </div>
  </div>
