3902 5334
114 249 248 303 Nil?

1102 242 1286 299 OllDO
1315 243 1413 297 .DE
1455 240 1906 296 DEDICATlONE
1948 243 2324 299 EC‘ZLESIA'Z.

3231 249 3377 300 1018.

109 375 278 427 usque
307 357 359 409 in
384 357 567 409 dextro
615 355 806 425 angulo
849 354 1154 420 orientalis;
1202 355 1449 422 incipiens
1500 355 1686 407 iterum
1717 357 1765 416 Α
1794 371 1910 408 vase
1955 373 2107 410 sacra
2153 373 2472 426 qutecunque
2515 357 2584 410 ad
2631 359 2826 412 cultum
2851 359 2944 412 Dei
2997 359 3065 411 ad
3093 359 3368 414 ecclesiam

104 450 359 504 similiter
396 447 460 501 de
497 447 682 500 dextro
709 445 978 500 orientalis
1007 464 1059 499 a.
1085 445 1134 498 b.
1160 462 1206 499 c.
1231 446 1442 498 durium
1464 446 1690 500 scribens

111 555 277 609 usque
305 538 357 591 in
381 537 590 590 sinistro
614 536 805 607 angqu
835 535 1063 589 basilicw
1089 535 1446 589 occidentalis.
1491 535 1690 590 Deinde

112 631 324 683 reniens
364 638 484 682 ante
513 626 680 680 altare
701 627 868 680 dicit:
896 625 1034 679 Dens
1070 626 1124 678 in
1161 623 1482 693 adjutorium
1512 640 1690 680 meum

112 718 336 772 intende
361 757 376 782 ,
408 732 525 770 cum
553 715 738 771 Gloria
768 715 961 786 absque
985 715 1219 769 alleluia.
1262 713 1395 768 Inde
1435 715 1689 769 benedicit

113 809 276 863 salem
313 818 360 862 et
393 824 583 878 aquam
612 823 730 860 cum
761 808 932 860 cinere
971 807 1155 868 mixto,
1178 816 1224 859 et
1255 806 1382 859 dicit
1407 807 1541 860 hanc
1571 822 1692 859 ora-

112 900 347 954 tionem:
373 897 534 962 Deus,
567 898 657 968 qui
699 897 764 951 ad
796 897 1023 951 salutem
1051 896 1270 951 humani
1301 895 1531 966 generis,
1571 910 1687 948 ma-

112 990 370 1059 ximaque
397 996 735 1043 sacramenta
771 988 822 1042 in
854 1002 1117 1056 aquarum
1157 985 1460 1041 substantia
1506 985 1691 1040 condi-

115 1082 268 1147 disti,
304 1090 409 1136 etc.
440 1081 565 1152 Ipsa
593 1080 794 1149 expleta
816 1081 993 1150 incipit
1021 1080 1221 1148 antipli.
1255 1078 1490 1133 Introier
1524 1077 1590 1130 ad
1616 1075 1694 1129 al-

118 1186 234 1229 tare
263 1175 390 1239 Dei;
421 1173 488 1228 ad
517 1174 682 1226 Deum
713 1172 801 1241 qni
831 1171 1065 1225 lmliﬁcat
1103 1170 1443 1240 iuventutem
1490 1182 1685 1222 meam.

116 1261 208 1317 Ps.
229 1263 419 1318 .Iudica
457 1278 543 1318 me
575 1263 730 1318 Deus.
788 1261 910 1331 Ipsa
941 1262 1174 1315 canendo
1211 1278 1326 1314 cum
1356 1263 1467 1329 ipso
1489 1259 1689 1330 psalmo

115 1355 258 1408 radit
291 1364 411 1408 ante
440 1353 637 1417 altare,
676 1362 724 1407 et
762 1353 965 1422 fundit,
1010 1353 1149 1423 quod
1187 1354 1436 1406 remansit
1472 1353 1536 1406 de
1577 1353 1689 1420 ipsa

115 1462 250 1514 aqua
279 1446 349 1499 ad
371 1447 543 1499 basem
583 1445 788 1509 altaris,
824 1457 871 1498 et
899 1446 1187 1515 extergitur
1210 1445 1378 1498 altare
1399 1445 1464 1499 de
1499 1444 1689 1508 linteo;

112 1548 292 1604 postea
329 1541 598 1592 incensum
631 1540 804 1607 offert,
825 1549 870 1591 et
894 1539 1047 1591 mittit
1073 1538 1242 1592 oleum
1267 1555 1421 1608 super
1440 1537 1608 1592 altare
1637 1538 1690 1592 in

112 1629 287 1682 medio
312 1645 516 1682 crucem
540 1629 759 1698 faciens,
782 1639 828 1682 et
849 1645 1003 1698 super
1023 1638 1246 1700 quatuor
1266 1627 1481 1700 angulos
1505 1628 1690 1681 altaris

1789 445 2046 515 pertinere
2073 448 2344 514 debentur,
2377 448 2628 529 benedicit
2656 447 2904 519 Pontifex
2928 451 3009 503 Itis
3039 450 3221 504 verbis.

2133 578 2412 620 νιυεητιο
2450 563 2596 634 (160)
2635 577 3024 619 manumanu.

1863 672 1976 730 Dne
2012 673 2153 730 Deus
2189 676 2551 746 omnipotens,
2595 675 2735 731 sicut
2777 676 2846 732 ab
2880 676 3033 731 initio
3063 674 3373 730 hominibus

1792 765 1944 820 utilia
1975 781 2029 820 et
2056 767 2362 822 necessaria
2395 768 2617 834 creasti,
2649 776 2706 822 et
2733 783 2853 838 qua:
2883 767 2950 821 ad
2977 766 3193 821 modum
3221 765 3369 835 (161)

1792 855 2119 911 vestimenta
2148 857 2498 926 pontiﬁcialia
2524 857 2896 913 sacerdotibus
2922 867 2978 911 et
2999 856 3177 910 levitis
3204 871 3370 910 orna-

1793 958 2083 1018 mentaque
2128 959 2182 1002 et
2215 948 2528 1004 linteamina
2577 948 2690 1002 ﬁeri
2723 947 2924 1001 larnulo
2953 957 3044 1001 tuo
3073 944 3240 1016 Moysi
3274 960 3370 1014 per

1793 1041 2145 1111 quadraginta
2175 1041 2291 1096 dies
2320 1039 2572 1104 docuisti,
2600 1040 2714 1095 sive
2741 1039 2903 1094 etiam
2933 1052 3019 1103 ea,
3050 1053 3170 1108 qua:
3201 1035 3366 1089 Maria

1792 1132 1927 1186 texit
1960 1141 2016 1186 et
2046 1131 2174 1187 fecit
2209 1133 2261 1186 in
2293 1147 2448 1187 usum
2501 1131 2787 1186 ministerii
2828 1128 3160 1185 tabernaculi
3203 1125 3372 1181 {tnde-

1791 1223 1890 1286 ris,
1921 1222 2264 1276 sanetiﬁcare
2305 1221 2452 1294 (l6?)
2498 1235 2928 1290 consecrarcqnc
2975 1218 3210 1290 digneris
3255 1218 3372 1271 haec

1794 1313 2102 1368 linteamina
2142 1314 2192 1367 in
2226 1329 2380 1367 usum
2424 1313 2610 1367 altaris
2642 1313 2736 1377 tui,
2763 1312 2828 1365 ad
2858 1310 3142 1381 tegendum
3193 1306 3367 1361 invol-

1791 1403 2131 1472 vendumqne
2176 1419 2374 1472 corpus
2415 1413 2468 1458 et
2497 1403 2810 1469 sanguinem
2846 1402 2936 1455 ﬁlii
2969 1402 3040 1455 tui
3073 1399 3171 1452 Dni
3202 1396 3370 1452 nostri

1790 1494 1918 1549 Jesu
1957 1495 2178 1557 Christi,
2211 1495 2302 1564 qui
2334 1494 2464 1548 vivit
2491 1504 2546 1549 et
2574 1504 2762 1562 regnat
2793 1495 2932 1548 Deus
2970 1493 3024 1546 in
3054 1489 3248 1546 saecula
3274 1503 3375 1543 sx-

1791 1584 2052 1640 culorum.
2083 1585 2274 1640 Amen.

113 1735 232 1772 cum
260 1720 546 1787 antipliona
577 1719 812 1773 canendo
852 1733 870 1770 :
902 1719 1089 1773 Erexit
1123 1719 1325 1775 Iacobo
1363 1721 1590 1790 lapidem
1638 1720 1690 1774 in
1727 1703 1771 1765 Β
1846 1736 1975 1776 ιτειι
2015 1736 2429 1776 naucntcrtonzs
2465 1736 2532 1775 AD
2571 1736 2735 1775 ouans
2775 1735 2826 1773 IN
2866 1732 3006 1774 usmt
3056 1729 3331 1770 sssrucm.

120 1809 361 1875 titulum,
391 1809 622 1866 inridens
664 1810 841 1864 oleum
865 1810 1115 1881 desuper.
1150 1809 1240 1864 Ps.
1272 1812 1443 1878 Quam
1472 1811 1688 1866 dilecta.

117 1910 320 1965 totum;
350 1911 398 1954 et
427 1911 618 1971 unguet
649 1918 765 1955 eum
794 1918 954 1955 manu
979 1919 1075 1955 sua
1110 1902 1283 1972 lapide
1318 1903 1450 1971 ipso,
1493 1918 1692 1970 semper

117 1991 388 2044 incensum
419 1993 472 2045 in
508 1992 729 2045 circuitu
759 1993 922 2063 ipsius
949 1993 1132 2046 altaris
1163 1993 1298 2047 alius
1331 1995 1575 2048 sacerdos
1610 1993 1691 2062 fa-

111 2082 377 2135 ciendum.
411 2079 537 2137 Post
567 2085 768 2153 expleto
793 2084 994 2155 psalmo
1016 2086 1173 2138 mittit
1199 2087 1384 2139 iterum
1415 2085 1583 2139 oleum
1619 2087 1692 2140 si-

108 2171 306 2226 militer
324 2176 459 2226 sicut
480 2175 628 2243 prius
652 2175 884 2229 canendo
915 2177 1119 2245 antiplt.
1149 2174 1521 2231 Sanctiﬁcavit
1545 2175 1690 2229 Dnus

111 2263 527 2319 tabernaculum
570 2283 725 2320 suum
756 2277 811 2321 et
846 2267 1081 2322 ﬁrmavit
1120 2284 1238 2323 eam
1285 2284 1448 2339 super
1478 2270 1690 2322 ﬁrmam

109 2365 341 2425 petram.
376 2354 466 2410 Ps.
496 2357 636 2413 Deus
667 2368 866 2413 noster.
904 2359 1028 2429 Ipso
1065 2361 1267 2430 psalmo
1298 2361 1496 2432 expleto
1536 2361 1692 2414 mittit

107 2445 355 2516 clirysma
399 2448 640 2502 similiter
682 2451 914 2504 canendo
956 2461 1068 2506 ant.
1101 2451 1240 2507 Et‘ce
1287 2455 1420 2508 olor
1461 2451 1551 2507 ﬁlii
1588 2453 1691 2508 mei

107 2539 250 2593 sicut
296 2541 434 2596 odor
479 2543 592 2612 agri
634 2543 798 2612 pleni,
847 2559 1006 2613 quem
1054 2545 1325 2601 benedixit
1353 2547 1498 2600 Dnus
1529 2547 1687 2602 Dens.

108 2627 205 2684 Ps.
249 2631 622 2688 Fundamenta
679 2633 814 2703 ejus.
867 2635 1066 2691 Deinde
1112 2638 1164 2691 in
1201 2639 1422 2691 circuitu
1461 2637 1692 2692 ecclesia:

104 2736 200 2789 per
232 2722 460 2790 parietes
480 2723 542 2777 de
564 2725 745 2779 dextro
781 2728 834 2779 in
858 2729 1073 2782 sinistro
1106 2729 1304 2799 faciens
1344 2747 1546 2785 crucem
1572 2749 1690 2785 cum

103 2811 297 2879 pollice
332 2812 397 2866 de
429 2815 670 2885 chrysma
699 2817 849 2885 ipsa;
876 2819 996 2873 inde
1021 2819 1220 2889 faciens
1247 2838 1454 2876 crucem
1494 2825 1691 2878 incensi

104 2921 269 2973 super
289 2905 491 2971 altare;
527 2908 646 2962 inde
669 2910 836 2964 dicit:
863 2910 1124 2979 Oremus;
1159 2923 1208 2967 et
1230 2914 1482 2968 diaconus
1513 2927 1567 2969 ut
1597 2933 1692 2970 su-

104 3012 202 3065 pra
245 2997 373 3050 dicit
415 2998 547 3052 hanc
588 3002 877 3056 orationent
927 3020 1083 3073 super
1137 3004 1343 3058 altare:
1387 3007 1478 3061 Dei
1509 3006 1690 3063 Patris

105 3089 501 3159 omnipotentis
521 3091 966 3158 misericordiam,
993 3093 1326 3150 dilectissimi
1351 3096 1567 3164 fratres,
1595 3099 1686 3154 des

106 3194 424 3254 precemur,
456 3191 514 3237 ut
541 3184 642 3238 hoc
669 3185 843 3239 altare
876 3187 1160 3242 sacriﬁciis
1209 3189 1468 3256 spiritalis
1503 3207 1692 3246 conse-

107 3273 378 3326 crandum
420 3275 568 3329 vocis
617 3285 817 3330 nostra:
864 3279 1172 3333 exorandus
1223 3279 1398 3334 olIieio
1440 3281 1690 3349 praesenti

107 3363 488 3419 benedictione
515 3367 814 3422 sanctiﬁcet
833 3409 848 3433 ,
890 3378 947 3422 ut
979 3369 1030 3422 in
1060 3385 1124 3424 eo
1152 3385 1365 3441 semper
1393 3371 1692 3427 oblationes

107 3453 438 3511 fanmlorum
471 3471 690 3512 suorum
731 3461 908 3514 studio
945 3477 1055 3515 suae
1087 3462 1389 3517 devotionis
1434 3463 1692 3531 inpositas

107 3548 438 3604 benedicere
463 3559 525 3605 et
551 3551 897 3607 sanctiﬁcare
924 3553 1197 3624 dignetur,
1225 3563 1278 3608 et
1307 3555 1549 3624 spiritale
1581 3554 1692 3624 pla-

107 3651 265 3694 catus
315 3640 593 3697 incensum
624 3643 770 3715 (157)
819 3644 1036 3700 familiae
1082 3656 1362 3717 promptus
1405 3648 1692 3701 exaudilor

109 3731 348 3793 existat,
403 3747 517 3802 per.
578 3731 779 3787 Iterum
827 3736 951 3789 dicit
1002 3735 1277 3792 Oremus:
1322 3735 1588 3790 Diaconns
1637 3746 1690 3789 ut

107 3839 288 3893 supra.

495 3957 756 4005 seounun
793 3957 1110 3997 neueotcno
1150 3943 1318 4014 (158).

174 4056 327 4110 Deus
381 4057 754 4124 omnipotens,
797 4056 851 4110 in
908 4055 1062 4124 cujus
1090 4057 1348 4111 honorem
1398 4055 1568 4111 altare
1597 4057 1695 4112 sub

110 4147 455 4202 invocatione
487 4147 632 4216 (l59)
672 4147 745 4200 tui
787 4162 1195 4210 consecramus,
1223 4147 1462 4202 clemens
1490 4157 1545 4202 et
1573 4162 1695 4216 pro-

109 4240 276 4307 pitius
309 4254 502 4308 preces
535 4250 733 4292 nostra:
759 4240 1078 4295 humilitatis
1112 4241 1329 4302 exaudi,
1375 4249 1430 4294 et
1475 4250 1692 4309 praesta,

110 4338 164 4380 ut
199 4329 255 4382 in
293 4330 438 4382 hanc
469 4344 707 4382 mensam
752 4329 860 4382 sint
898 4331 990 4383 tibi
1025 4329 1279 4383 libamina
1310 4339 1553 4398 accepta,
1586 4329 1696 4384 sint

1867 1854 2095 1924 Dignarc
2121 1855 2265 1910 Deus
2291 1856 2651 1925 omnipotens,
2679 1852 2792 1908 Rex
2827 1869 3010 1923 regum
3039 1861 3093 1905 et
3117 1849 3373 1904 Dominus

1794 1944 2214 2008 dominantium,
2256 1944 2524 2000 Sacerdos
2559 1945 2820 2009 omnium,
2852 1942 3098 1997 Pontifex
3152 1940 3373 1994 univer-

1795 2053 2003 2102 sorum,
2041 2053 2139 2108 per
2180 2053 2341 2108 quem
2385 2053 2618 2092 unacnm
2651 2036 2811 2090 Patre
2843 2042 3138 2103 sanctoque
3170 2030 3376 2100 Spiritu

1795 2125 1934 2180 facta
1962 2135 2086 2181 sunt
2114 2127 2386 2190 universa,
2415 2126 2632 2182 Christe
2656 2125 2779 2180 Jesn
2819 2123 3155 2189 benedicere,
3185 2135 3378 2176 conse-

1793 2233 1948 2272 crare
1983 2228 2038 2272 et
2065 2219 2406 2273 sanctiﬁcare
2435 2217 2672 2289 digneris
2703 2232 2825 2270 vasa
2867 2216 2979 2269 lucc
3009 2229 3128 2268 cum
3163 2213 3265 2265 hoc
3300 2208 3377 2263 al-

1796 2317 1933 2373 tare,
1983 2309 2413 2376 linteaminibus,
2461 2309 2778 2378 cit-terisque
2822 2307 2998 2371 vasis;
3036 2314 3090 2360 et
3116 2301 3376 2374 quemad—

1795 2403 2014 2458 modum
2063 2401 2411 2457 sanetiﬁcasti
2469 2402 2642 2458 oﬁicia
2695 2399 3028 2456 tabernaculi
3079 2395 3374 2452 testimonii

1794 2497 1924 2552 olim
1971 2512 2093 2551 cum
2121 2495 2284 2549 archa
2312 2494 2529 2550 oracula
2555 2493 2826 2549 Cherubin
2858 2491 3020 2547 alosis
3052 2488 3250 2562 (alatis)
3279 2502 3374 2541 ve-

1794 2587 1878 2648 lis,
1920 2587 2221 2649 columnas,
2255 2584 2602 2649 candelabra,
2634 2583 2808 2637 altare
2831 2581 3102 2653 argenteis
3128 2579 3370 2641 basihns,

1797 2680 1994 2734 tabulis
2044 2679 2339 2744 deauratis,
2377 2677 2728 2742 holocaustis,
2758 2675 2970 2739 hostiis,
3010 2688 3151 2728 ωνεο
3201 2670 3374 2724 altare

1797 2771 2098 2826 cumtcaeis
2124 2771 2285 2835 vasis,
2315 2770 2580 2833 tentoriis,
2611 2767 2848 2831 funibus,
2877 2767 3052 2822 oleum
3075 2763 3369 2825 unctionis.

1795 2872 1851 2918 et
1883 2864 2096 2918 caeteris
2132 2861 2252 2916 aliis
2285 2863 2336 2916 in
2361 2862 2586 2933 ﬁguram
2637 2861 2828 2926 nostri,
2861 2874 2957 2928 per
3005 2871 3196 2910 manus
3241 2871 3370 2909 san-

1797 2965 2006 3011 ctorum
2057 2955 2408 3011 sanctiﬁcasti
2437 2954 2830 3019 Sacerdotum;
2874 2952 2945 3006 ita
2975 2964 3120 3004 nunc
3149 2964 3375 3002 manens

1719 3065 1766 3128 c
1797 3048 1849 3102 in
1878 3057 2140 3102 aeternum
2173 3063 2382 3103 summe
2409 3046 2673 3102 Sacerdos
2709 3043 3050 3099 sacerdotum
3075 3038 3375 3096 sccundmu

1793 3139 2039 3194 ordinem
2081 3138 2494 3202 Melchisedech,
2525 3145 2584 3191 ut
2623 3135 2878 3200 diximus,
2926 3141 3180 3204 patenum
3209 3130 3374 3192 hanc,

1791 3242 1846 3286 et
1873 3229 2092 3284 calicem
2122 3230 2286 3293 hunc,
2313 3239 2368 3282 et
2397 3228 2576 3282 omnia
2608 3227 2966 3281 instrumenta
2997 3222 3184 3277 altaris
3213 3221 3373 3290 hujus

1793 3321 2049 3375 Ecclesia:
2098 3336 2192 3375 seu
2242 3319 2499 3384 basilicae,
2545 3334 2665 3389 qua:
2717 3318 2858 3370 inter
2905 3323 3119 3369 nostras
3168 3311 3376 3382 palmas

1795 3412 2085 3477 habentur,
2130 3411 2291 3466 corde
2320 3424 2628 3481 precamur,
2661 3417 2718 3461 ut
2748 3406 3057 3470 benedicas,
3097 3403 3374 3474 puriﬁces.

1793 3517 2106 3563 consecres,
2135 3513 2191 3556 et
2217 3515 2582 3563 consummes,
2626 3499 2819 3568 quibus
2843 3499 2982 3550 inter
3010 3511 3109 3550 nos
3137 3504 3192 3549 et
3219 3503 3377 3548 aeter-

1793 3607 1918 3646 nam
1968 3591 2231 3644 unitatem
2273 3591 2326 3644 in
2353 3604 2606 3658 supremo
2637 3596 2815 3641 meatu
2846 3587 2963 3640 sine
2994 3583 3099 3638 ﬁne
3125 3591 3377 3638 constare

1794 3682 2086 3744 credimus,
2109 3697 2224 3752 per.

1866 3791 2066 3845 Deinde
2090 3791 2285 3844 vadunt
2307 3789 2376 3843 ad
2397 3788 2592 3853 locum,
2617 3789 2671 3841 in
2696 3803 2799 3857 quo
2840 3785 3073 3855 reliquiw
3113 3785 3376 3853 prazterita

1799 3892 1947 3936 nocte
1968 3897 2086 3933 cum
2111 3878 2296 3949 vigiliis
2320 3878 2564 3947 fuerunt,
2591 3887 2637 3932 et
2661 3876 2917 3931 elevantes
2939 3891 3026 3928 eas
3047 3889 3163 3926 cum
3187 3873 3378 3941 feretro

1797 3988 1914 4025 cum
1937 3972 2136 4024 honore
2159 3978 2206 4022 et
2229 3969 2413 4022 laudes
2435 3967 2789 4032 decantando,
2814 3983 2931 4020 cum
2960 3963 3200 4018 crucibus
3223 3972 3268 4016 et
3295 3973 3378 4015 tu-

1799 4061 1978 4114 ribulis
2015 4071 2062 4115 et
2094 4060 2377 4113 luminibus
2418 4057 2619 4122 multis,
2643 4057 2898 4110 venientes
2938 4065 3059 4108 ante
3091 4053 3256 4106 altare
3291 4069 3384 4105 ex-

1799 4161 1942 4206 tenso
1964 4151 2073 4205 velo
2096 4151 2231 4205 inter
2252 4167 2338 4205 eos
2363 4160 2409 4204 et
2429 4148 2713 4220 papulnm;
2751 4147 2982 4201 recondit
3007 4147 3117 4214 ipse
3145 4143 3381 4215 pontifex

1800 4259 1958 4296 manu
1991 4260 2090 4296 sua
2126 4244 2265 4312 ipsas
2300 4241 2549 4310 reliquias
2585 4241 2640 4294 in
2674 4237 2847 4292 locum
2871 4237 3088 4302 altaris,
3106 4245 3381 4306 canentes:

1801 4333 2134 4386 Exultabunt
2163 4331 2347 4388 Sancti
2371 4332 2424 4385 in
2456 4331 2648 4402 gloria,
2677 4329 3002 4384 laetabuntur
3036 4327 3089 4380 in
3117 4326 3385 4381 cubilibus

110 4429 284 4488 grata,
341 4419 453 4472 sint
499 4419 735 4488 pinguia,
766 4430 824 4473 ut
851 4420 1086 4490 Spiritus
1138 4421 1309 4476 sancti
1360 4421 1434 4474 tui
1481 4434 1692 4488 semper
1721 4422 1767 4482 Ι)
1795 4427 1928 4482 suis.
1964 4441 2081 4479 cum
2117 4424 2318 4494 psalmo
2341 4441 2359 4478 :
2382 4424 2606 4478 Cantate
2630 4423 2767 4487 Dno,
2791 4421 2929 4475 laus.
2965 4419 3101 4474 Inde
3136 4435 3254 4473 vero
3299 4433 3384 4472 re-

111 4525 227 4565 rore
258 4509 517 4581 perfusa;
556 4521 614 4566 ut
643 4513 789 4567 omni
824 4520 1066 4581 tempore
1111 4515 1165 4568 in
1199 4514 1299 4568 hoc
1330 4513 1446 4568 loco
1489 4513 1695 4582 suppli-

111 4605 286 4657 cantis
322 4603 418 4657 tibi
450 4603 664 4658 familiae
693 4614 796 4658 tum
825 4605 1128 4659 anxietates
1160 4605 1390 4668 releves,
1421 4602 1696 4674 aegritudi-

114 4707 206 4746 nes
234 4709 426 4756 cures,
456 4709 644 4762 preces
671 4694 953 4759 exaudias,
980 4703 1102 4748 vola
1127 4694 1412 4763 suscipias,
1433 4692 1696 4748 desideria

113 4787 424 4850 conﬁrmes,
449 4787 712 4856 postulata
745 4788 1033 4852 concedas,
1064 4803 1158 4856 per
1189 4789 1346 4843 Dnm.
1377 4787 1574 4842 Deinde
1611 4787 1688 4840 di-

117 4878 176 4927 cit
201 4877 884 4946 antiphonam:Conﬁrma
935 4880 1035 4934 hoc
1063 4879 1202 4933 Deus
1247 4880 1389 4949 quod
1440 4887 1695 4947 Operatns

121 4983 175 5020 es
212 4969 268 5022 in
303 4969 463 5022 nobis
491 4986 518 5022 a
550 4970 747 5040 templo
776 4981 966 5024 sancto
995 4980 1104 5034 tuo,
1136 4971 1279 5038 quod
1309 4979 1393 5025 est
1422 4970 1473 5023 in
1506 4967 1695 5023 llieru-

120 5057 307 5112 salem.
337 5075 456 5111 cum
478 5059 663 5129 gloria.
694 5058 893 5112 Deinde
935 5070 1162 5113 tenentes
1202 5058 1455 5114 Snbdiac.
1491 5057 1567 5110 vel
1589 5059 1690 5109 Ac-

122 5146 256 5202 coliti
289 5148 624 5217 linteamina,
660 5148 736 5204 vel
769 5151 946 5202 omnia
980 5160 1284 5204 ornamenta
1320 5147 1571 5211 ecclesia’,
1604 5163 1695 5199 seu

189 5305 332 5334 (με-Π
377 5304 430 5334 l..
474 5304 576 5334 ἢκ..
639 5306 703 5334 Iv
773 5305 910 5334 ...νυνι
951 5307 1153 5334 ιι....ι....
1207 5305 1220 5334 1
1277 5321 1302 5334 Α
1353 5321 1384 5334 ,ς
1439 5302 1532 5334 em
1589 5303 1671 5334 l.....

1803 4517 2019 4572 vertitur
2043 4517 2279 4585 pontifex
2309 4516 2364 4568 in
2396 4515 2634 4568 sacrario
2672 4528 2790 4566 cum
2827 4510 3098 4564 ordinibus
3125 4510 3313 4574 sacris,
3337 4518 3389 4574 et-

1801 4611 2115 4670 inrlnnntse
2151 4608 2464 4662 vestimentis
2499 4605 2620 4659 aliis
2659 4604 3049 4672 sollempnibus,
3089 4611 3136 4656 et
3178 4601 3394 4664 interim

1800 4703 2086 4757 vestiuntur
2105 4699 2274 4755 altare
2292 4704 2367 4754 vel
2386 4697 2627 4765 ecclesia,
2642 4708 2688 4751 et
2707 4697 3062 4751 accenduntur
3076 4694 3389 4764 luminaria.

1801 4791 1928 4846 Post
1955 4793 2066 4846 liazc
2098 4791 2276 4846 omnia
2301 4799 2424 4844 tunc
2459 4789 2713 4858 incipiunt
2755 4786 2958 4855 antipli.
2982 4785 3051 4838 ad
3077 4785 3396 4845 lntroitum,

1798 4892 1906 4936 ant.
1954 4881 2234 4936 Terribilis
2276 4889 2361 4936 est
2399 4878 2552 4934 locus
2597 4877 2728 4943 iste;
2775 4875 2863 4930 hic
2888 4875 3081 4928 domus
3101 4873 3197 4926 Dei
3227 4883 3309 4927 est
3336 4879 3392 4923 et

1797 4982 1952 5044 porta
1998 4973 2142 5035 coeli,
2185 4983 2239 5028 et
2287 4972 2570 5028 vocabitur
2617 4969 2741 5023 aula
2773 4967 2891 5022 Dei.
2941 4980 3060 5018 cum
3083 4964 3296 5032 psalmo
3343 4969 3390 5012 et

1805 5063 2018 5126 Gloria.
2043 5061 2253 5118 Interea
2275 5063 2508 5135 procedit
2538 5059 2774 5128 pontifex
2795 5059 2859 5111 de
2893 5051 3126 5109 sacrario
3151 5069 3271 5105 cum
3308 5063 3394 5103 or-

1805 5156 2016 5211 dinibus
2035 5157 2146 5211 suis
2169 5158 2302 5210 sicut
2326 5150 2651 5209 consuetudo
2674 5162 2772 5206 est.

1907 5327 2006 5334 __.....
