3962 6326
563 361 700 419 1013

1079 489 1281 528 ORATIO
1311 489 1377 527 AD
1403 488 1615 527 IISSAI.

633 567 777 622 Deus
805 565 893 635 qui
945 566 1327 621 sacrandorum
1374 565 1467 619 tibi
1495 573 1685 619 auctor
1727 578 1786 616 es
1829 575 2135 625 munerum,

487 726 491 729 π
563 655 777 713 effunde
817 670 977 724 super
1003 655 1141 709 hanc
1160 653 1424 710 orationis
1453 654 1669 708 domum
1710 650 2137 707 benedictionem

566 759 732 811 tuam,
763 755 819 800 ut
843 747 910 801 ab
953 744 1206 800 omnibus
1232 744 1606 799 invocantibus
1637 758 1832 798 nomen
1863 751 2009 795 tuum
2043 740 2136 795 de-

563 835 824 890 fensionis
885 833 1144 888 auxilium
1207 833 1495 898 sentiatur,
1539 847 1638 902 per
1687 831 1844 885 Dum.
1897 829 2142 900 Sequitur

563 925 734 979 lectio.
796 922 960 977 Crad.
1011 923 1185 978 Locus
1228 922 1330 978 iste
1374 938 1404 976 a
1451 923 1561 978 Deo
1603 920 1779 976 factus
1817 928 1919 976 est.
1951 921 2004 989 in
2032 919 2135 973 All.

561 1013 814 1068 Adorabo
873 1014 941 1068 ad
1010 1011 1266 1082 templum
1329 1020 1576 1066 sanctum
1653 1018 1823 1064 tuum.
1895 1006 2141 1078 Sequitur

565 1101 764 1172 Evang.
789 1103 1096 1157 secundum.
1143 1101 1332 1172 Oﬂ'ert.
1362 1103 1478 1157 Dnc
1522 1101 1660 1156 Deus
1689 1101 1741 1156 in
1771 1097 2137 1170 simplicitate.

561 1194 615 1262 Ῡ.
641 1192 814 1264 Super
841 1194 1099 1248 oblatam.

632 1283 987 1355 Omnipotens
1019 1285 1346 1356 sempiterne
1366 1285 1530 1350 Deus,
1572 1283 1785 1339 cﬂ'undc
1815 1296 1976 1352 super
1995 1281 2140 1335 hunc

560 1373 736 1431 locum
767 1376 996 1447 gratiam
1027 1383 1195 1442 tuam,
1237 1383 1288 1430 et
1321 1374 1388 1430 ab
1411 1375 1662 1430 omnibus
1690 1382 1741 1428 te
1765 1370 2140 1428 invocantibus

558 1467 745 1534 aatxilii
791 1468 867 1524 tui
896 1484 1092 1524 munus
1134 1468 1360 1524 ostende
1383 1507 1396 1531 ,
1428 1475 1486 1521 ut
1519 1467 1712 1521 borum
1758 1459 2138 1520 Sacramento-

560 1574 680 1613 rum
711 1559 884 1628 virtus
909 1559 1151 1615 omnium
1180 1559 1415 1614 ﬁdelium
1448 1559 1608 1614 corda
1639 1558 1943 1613 conﬁrmet.

631 1647 910 1718 Praefatio.
950 1650 1060 1705 Ἦ).
1101 1649 1205 1704 Per
1248 1648 1526 1705 Christum
1574 1649 1708 1704 Dum
1746 1658 2010 1712 nostrum,
2043 1662 2140 1717 per

559 1755 720 1810 quem
744 1750 796 1800 te
821 1741 1088 1812 supplices
1117 1742 1494 1813 deprecamur.
1527 1750 1586 1796 ut
1613 1741 1783 1797 altare
1809 1741 1913 1796 boc
1938 1740 2138 1796 sanctis

560 1834 746 1889 usibus
790 1843 1150 1904 prseparatum
1199 1834 1405 1890 caelesti
1434 1834 1772 1891 dedicatione
1810 1835 2136 1903 sanctiﬁces,

559 1932 614 1980 et
659 1924 801 1981 sicut
844 1924 1237 1981 Melchisedech
1282 1926 1580 1982 sacerdotis
1618 1926 1886 1997 prtecipue
1910 1927 2141 1983 oblatio-

558 2031 682 2072 nem
710 2017 1021 2090 dignatione
1047 2017 1278 2073 mirabili
1307 2019 1614 2089 suscepisti,
1638 2019 1710 2074 ita
1738 2019 1968 2090 inposita
2000 2035 2138 2074 nova

561 2107 689 2164 huic
717 2109 876 2164 altari
912 2125 1138 2165 munera
1167 2125 1328 2180 super
1361 2120 1580 2181 accepta
1614 2109 1756 2165 ferre
1783 2111 2051 2182 digneris;
2083 2120 2140 2166 ut

559 2199 788 2270 populus
812 2209 936 2257 tuus
980 2202 1032 2256 in
1061 2201 1165 2257 hac
1188 2201 1433 2257 ecclesia:
1458 2210 1560 2256 tute
1599 2200 1760 2257 domo
1791 2212 1974 2258 sancta
2005 2218 2138 2258 con-

556 2298 774 2347 vertens
817 2307 914 2362 per
940 2291 1056 2348 ltzec
1099 2309 1232 2363 pura
1275 2292 1531 2348 libamina
1581 2293 1788 2349 caelesti
1831 2293 2138 2349 sanctiﬁca-

560 2382 704 2437 tione
745 2383 1009 2450 salvatus,
1059 2384 1362 2440 animarum
1400 2398 1615 2454 quoque
1653 2399 1873 2438 suarum
1911 2383 2138 2440 salutem

557 2478 878 2542 perpetuam
904 2471 1134 2544 gratiam
1164 2481 1584 2543 consequantur.
1615 2471 1722 2528 Per
1751 2489 1929 2545 quem.

1099 2580 1258 2622 INI‘RA
1302 2580 1573 2620 ACTIONEI
1584 2605 1598 2620 .

632 2653 783 2708 Hanc
806 2653 971 2725 igitur
997 2654 1325 2711 oblationem
1354 2654 1541 2710 famuli
1569 2654 1654 2710 vel
1683 2654 1899 2712 famula:
1928 2665 2033 2712 tute
2062 2657 2138 2711 ill.

558 2743 644 2800 vel
671 2743 835 2810 illius,
883 2759 1047 2814 quam
1092 2744 1186 2800 tibi
1229 2744 1282 2800 in
1313 2743 1472 2814 hujus
1504 2745 1684 2816 templi
1716 2746 2142 2802 sanctiﬁcatione

559 2832 795 2889 offerunt
833 2833 1240 2899 immolandam,
1291 2849 1602 2903 quaesumus
1656 2834 1792 2899 Due,
1859 2834 2143 2905 dignanter

560 2924 800 2991 intende,
854 2932 914 2979 ut
959 2923 1162 2990 aulam,
1211 2939 1373 2995 quam
1422 2925 1563 2980 beati
1605 2926 1861 2997 martyris
1893 2927 1967 2981 tui
2000 2925 2143 2982 illius

559 3013 772 3068 meritis
798 3013 1135 3084 aequiparare
1159 3027 1264 3068 non
1288 3013 1482 3083 potuit,
1516 3022 1622 3068 tua:
1651 3014 1932 3071 charitatis
1961 3014 2142 3070 vultus

561 3105 836 3172 inlustret,
866 3105 1070 3177 ﬁatque
1117 3114 1206 3160 tua
1229 3104 1613 3175 propitiatione
1665 3105 1772 3161 tuis
1812 3105 1982 3160 sacris
2016 3120 2141 3160 san-

561 3197 773 3267 ctisque
795 3198 956 3268 digna
1004 3197 1308 3269 mysteriis;
1341 3196 1413 3251 sit
1441 3204 1657 3252 aetenue
1686 3195 1823 3250 lucis
1861 3196 2136 3251 habitacu-

560 3289 671 3344 lum
702 3287 1020 3358 temporale,
1063 3287 1199 3343 nihil
1238 3288 1329 3343 hic
1356 3285 1642 3341 mundana:
1683 3285 1871 3341 sordes
1900 3285 2147 3341 obscuri-

560 3389 813 3449 ratesque
838 3379 1173 3449 possideant,
1194 3386 1256 3432 ut
1279 3377 1502 3432 veniens
1526 3377 1615 3432 hic
1641 3376 1868 3446 populus
1891 3385 2012 3432 tuus
2039 3391 2147 3430 suzc

562 3481 930 3542 consequatur
974 3471 1242 3526 orationis
1284 3469 1558 3533 effectum,
1591 3470 1921 3542 dignumque
1970 3470 2147 3525 locum

563 3562 710 3616 hunc
736 3569 840 3616 tuae
860 3563 1061 3617 sentiat
1083 3561 1376 3632 majestati,
1393 3561 1519 3616 dum
1541 3570 1667 3616 ante
1693 3561 1962 3631 postulata
1987 3561 2152 3616 fuerit

565 3664 892 3710 consecutus
915 3697 930 3719 ,
982 3655 1161 3724 sitque
1199 3653 1588 3708 :ediﬁcantibus
1619 3654 1904 3722 imperatio
1929 3653 2150 3708 delicto-

566 3759 708 3810 rum,
759 3743 883 3798 dum
929 3757 959 3796 a
1003 3752 1053 3796 te
1099 3759 1204 3798 non
1239 3757 1337 3812 pro
1368 3742 1450 3796 sui
1480 3742 1662 3812 operis
1701 3744 2021 3812 quantitate,
2056 3743 2149 3798 scd

566 3848 666 3904 pro
691 3831 1012 3889 oﬁ'erentum
1063 3833 1225 3888 fuerit
1268 3831 1559 3888 devotione
1603 3842 1872 3904 suscepta.
1920 3833 2149 3902 Diesque

564 3933 805 3981 “OSU‘OS.

1122 4031 1187 4069 Αι)
1234 4029 1608 4071 εοδιινιιίκυυω.

632 4105 863 4178 Copiosa
931 4103 1226 4170 beneﬁcia,
1272 4121 1582 4175 quarsumus
1635 4103 1785 4171 Due,
1827 4105 2151 4162 cbristianus

565 4201 797 4273 populus
845 4202 1196 4269 adsequatur,
1247 4209 1307 4252 ut
1356 4200 1448 4269 qui
1493 4200 1547 4253 in
1595 4199 1801 4253 honore
1840 4209 2149 4253 sanctorum

566 4292 850 4348 sacrandis
889 4290 987 4344 tibi
1028 4289 1306 4344 liminibus
1355 4290 1582 4344 devotus
1625 4289 1894 4352 occurrit,
1934 4299 1989 4343 et
2026 4291 2152 4345 vitae

567 4382 805 4436 subsidia
840 4381 1122 4450 prtesentis
1167 4380 1429 4450 accipiat,
1466 4391 1522 4435 et
1551 4380 1781 4452 gratiam
1809 4381 2150 4451 sempiternae

569 4470 956 4542 redemptionis
985 4470 1246 4534 inveniat,
1275 4486 1392 4540 per.

1122 4561 1590 4618 DENUNTIATIO

567 4671 674 4712 CUI
705 4671 968 4721 RELIQUIE
1005 4669 1322 4710 SANCTORUI
1365 4669 1658 4709 υΑιιτγιιυΜ
1699 4667 1952 4708 ΡΟΝΕΝῺΕ
1992 4666 2148 4706 ευμτ.

641 4744 986 4801 Dilectissimi
1035 4744 1264 4800 fratres!
1316 4744 1462 4800 Inter
1502 4751 1700 4800 caetera
1748 4743 2009 4796 virtutum
2045 4740 2153 4795 sol-

568 4835 825 4904 lcmpnia,
887 4850 1008 4905 qua:
1062 4835 1132 4890 ad
1179 4834 1408 4904 gloriam
1451 4833 1724 4904 pertinent
1797 4829 2000 4886 Christi
2046 4829 2148 4884 Dni

571 4925 775 4990 nostri,
808 4925 911 4979 hoc
947 4939 1162 4994 quoque
1210 4925 1324 4980 suis
1370 4923 1622 4994 prtestitit
1667 4920 2027 4992 Martyribus,
2058 4920 2150 4989 qui

571 5029 670 5085 pro
699 5014 932 5068 nominis
978 5014 1094 5082 ejus
1140 5013 1486 5069 confessione
1535 5020 1708 5067 morte
1750 5019 1998 5080 suscepta
2045 5023 2153 5064 cte-

573 5103 728 5160 lcstia
763 5103 986 5174 praemia
1027 5113 1376 5169 meruerunt,
1421 5113 1484 5158 ut
1530 5103 1764 5159 ﬁdelium
1796 5103 1936 5157 votis
1963 5117 2151 5156 eorum

573 5195 850 5265 prreclaris
895 5195 1139 5266 reliquiis
1164 5180 1460 5250 conlocatis
1498 5194 1783 5265 integritas
1816 5193 1989 5249 sancti
2035 5207 2156 5248 cor-

573 5286 724 5354 poris
747 5299 868 5340 csse
907 5287 1189 5350 credatur;
1224 5294 1280 5340 et
1319 5284 1438 5339 ideo
1491 5298 1774 5338 monemus
1811 5283 2153 5338 dilectionem

575 5387 833 5442 vestram,
857 5379 1112 5446 quoniam
1143 5377 1229 5431 illa
1253 5376 1411 5442 feria,
1445 5376 1533 5430 illo
1571 5375 1687 5430 loco
1714 5375 1954 5445 reliquiae
1982 5374 2154 5430 sancti

577 5470 720 5526 illius
747 5472 997 5544 martyris
1040 5472 1389 5529 conlocanda:
1431 5480 1578 5536 sunt,
1607 5487 1934 5540 quaesumus,
1967 5479 2025 5524 ut
2063 5485 2154 5526 ve-

580 5577 746 5620 stram
773 5569 1113 5636 prmscntiam
1149 5570 1303 5624 nobis
1328 5567 1671 5623 monentibus
1695 5583 1800 5622 non
1832 5567 2055 5637 negetis.

1402 361 1690 418 APPEND.
1730 362 1821 416 AD
1861 359 2037 415 SEC.
2075 357 2143 413 Χ.
2181 387 2249 399 --
2277 353 2702 414 ΜΟΝΗΜΕΝΤΑ
2751 353 3021 410 ιιτιτῐιε.

2167 451 2215 510 Α

3686 355 3803 409 “'20

2780 443 3022 499 INCIPIT
3051 425 3236 499 on’I'Io

2311 553 2557 603 QUOIODO
2591 552 2643 592 IN
2684 551 2887 591 SANC'I‘A
2933 551 3142 590 ROIANA
3185 550 3433 591 ECCLESIA
3478 549 3743 597 ιειῖοιιι

2855 621 3192 662 εοευυκτυκ.

2313 721 2550 776 Primum
2573 722 2713 776 vadit
2737 720 3023 791 Episcopus
3052 721 3109 774 in
3134 718 3429 783 ecclesiam,
3471 718 3560 771 ubi
3590 716 3810 786 reliquie

2239 823 2358 869 sunt
2387 813 2592 883 positw,
2620 821 2667 865 et
2686 812 2812 880 facit
2843 810 3112 874 letaniam,
3138 818 3185 863 et
3206 809 3296 862 dat
3323 808 3623 862 orationem
3646 807 3808 859 hanc:

2309 903 2477 957 Aufer
2517 917 2545 956 a
2600 901 2754 956 nobis
2806 900 2923 956 Dne
2969 900 3279 970 iniquitates
3323 906 3544 953 nostras
3571 936 3589 959 ,
3636 905 3698 949 ut
3755 897 3812 948 ad

2241 993 2440 1048 Sancta
2492 999 2801 1048 sanctorum
2850 991 3000 1062 puris
3048 1003 3353 1046 mereamur
3408 985 3700 1042 mentibus
3739 985 3812 1039 in-

2241 1086 2426 1142 troire.
2495 1083 2616 1140 Per.
2665 1081 2857 1138 Postea
2892 1083 3036 1153 ponit
3080 1083 3329 1153 reliquias
3376 1081 3429 1134 in
3492 1089 3735 1150 patena,
3774 1089 3816 1130 et

2237 1177 2454 1246 porrigit
2499 1192 2588 1230 eas
2641 1173 2940 1244 presbytero
2983 1174 3037 1227 in
3087 1172 3244 1226 ulnas
3281 1188 3406 1226 suas
3452 1186 3622 1230 super
3659 1168 3816 1222 sindo-

2240 1281 2376 1329 nem,
2407 1281 2562 1336 quam
2604 1263 2756 1317 habet
2792 1263 2847 1317 in
2872 1261 3004 1316 collo
3035 1263 3275 1332 ligatam,
3305 1271 3354 1314 et
3395 1259 3640 1329 cooperit
3661 1258 3814 1325 ipsus,

2237 1366 2284 1410 et
2308 1365 2493 1410 exeunt
2516 1354 2786 1426 psallendo
2809 1354 2985 1423 antiph
3011 1369 3028 1408 :
3051 1354 3186 1408 Cum
3211 1351 3558 1422 jocunditate
3586 1349 3812 1404 exibitis.

2240 1445 2305 1500 Et
2336 1448 2498 1516 pergit
2522 1445 2808 1516 Episcopus
2838 1447 2891 1499 in
2917 1445 3136 1500 ecclesia
3176 1461 3307 1498 nova
3344 1443 3433 1497 ubi
3479 1439 3691 1496 recludi
3731 1441 3810 1491 de-

2240 1537 2355 1590 bent
2383 1537 2636 1607 reliquiw,
2667 1547 2715 1590 et
2741 1537 2942 1590 intrant
2992 1535 3044 1590 in
3089 1534 3360 1589 ecclesiam
3399 1549 3524 1588 cum
3560 1548 3625 1586 eo
3671 1532 3809 1583 mint-

2239 1627 2335 1680 stri
2371 1627 2476 1680 duo
2503 1625 2582 1680 vel
2607 1636 2725 1688 tres,
2753 1635 2801 1680 et
2829 1625 3034 1680 claudet
3075 1625 3302 1678 hostium
3329 1621 3594 1686 ecclesias,
3628 1630 3676 1672 et
3698 1620 3810 1686 facit

2242 1735 2431 1790 aquam
2462 1720 2838 1784 exorcisatam,
2861 1727 2907 1772 et
2939 1718 3066 1771 dicit
3093 1716 3380 1771 orationem
3400 1714 3541 1766 lianc
3567 1726 3586 1762 :

2919 1806 3163 1863 Oremus.

2313 1905 2456 1961 Deus
2502 1904 2594 1974 qui
2643 1902 2711 1958 ad
2760 1899 2989 1956 salutem
3039 1898 3259 1954 humani
3309 1894 3527 1967 generis
3593 1889 3813 1943 maxims

2239 2008 2467 2066 quaeque
2503 1992 2855 2049 Sacramenta
2904 1990 2959 2044 in
2989 2001 3250 2057 aquarum
3297 1980 3609 2040 substantia
3643 1976 3819 2033 condio

2242 2085 2390 2150 disti,
2420 2095 2528 2139 etc.
2552 2082 2621 2137 Et
2651 2081 2809 2136 mittit
2840 2081 2895 2135 in
2926 2096 2988 2134 ea
3024 2078 3278 2141 chrisma,
3317 2084 3362 2130 et
3395 2072 3581 2128 condit
3611 2086 3676 2124 ex
3715 2071 3820 2137 ipss

2242 2194 2378 2249 aqua
2401 2177 2563 2242 calce,
2607 2183 2657 2230 et
2697 2173 2825 2245 facit
2865 2171 3121 2236 maldam,
3164 2167 3300 2222 unde
3328 2163 3638 2220 reclaudere
3681 2159 3823 2212 debet

2241 2269 2381 2338 ipsas
2431 2266 2719 2337 reliquias;
2779 2273 2829 2318 et
2882 2262 3112 2332 baptizat
3161 2260 3334 2328 ipsum
3378 2253 3556 2308 altare
3598 2252 3665 2304 de
3715 2251 3824 2317 ipsa

2243 2375 2381 2430 aqua
2428 2374 2548 2412 cum
2587 2357 2804 2427 spongia
2845 2370 2952 2408 una
2989 2351 3128 2415 vice;
3161 2345 3348 2402 deinde
3375 2344 3503 2397 dicit
3529 2340 3680 2396 scola
3704 2338 3826 2393 leta—

2241 2451 2420 2514 niam;
2441 2449 2555 2519 ipsa
2580 2445 2835 2516 completa
2873 2441 3137 2514 egreditur
3183 2437 3494 2508 Episcopus,
3517 2442 3568 2487 et
3594 2430 3688 2485 dat
3712 2444 3831 2481 ors-

2236 2541 2436 2595 tionem
2465 2546 2588 2592 ante
2613 2537 2865 2592 hostium.

2313 2631 2455 2686 Deus
2480 2629 2572 2700 qui
2598 2629 2651 2684 in
2673 2627 2820 2683 omni
2843 2626 2960 2682 loco
2987 2633 3092 2678 tua:
3116 2618 3501 2678 dominationis
3547 2613 3832 2670 dedicator

2243 2723 2490 2788 adsistis;
2524 2721 2718 2778 exaudi
2748 2735 2847 2775 nos
2875 2729 3212 2788 quaesumus,
3234 2721 3297 2767 ut
3316 2707 3649 2766 inviolabilis
3679 2701 3835 2772 hujus

2243 2823 2559 2888 permaneat
2605 2811 2977 2873 consecratio,
3039 2816 3099 2861 ut
3131 2801 3406 2859 beneﬁcia
3459 2799 3534 2854 tui
3590 2792 3838 2888 muneris

2244 2886 2590 2970 universitas,
2620 2917 2741 2973 qua:
2768 2899 3066 2971 subplicat,
3100 2901 3372 2950 mereatur
3394 2903 3536 2961 ;.per
3566 2886 3748 2956 (165).

2314 2997 2441 3067 Ipsa
2497 2995 2646 3066 ﬁnita
2688 2993 2905 3063 suscipit
2941 2992 3084 3060 ipsas
3137 2984 3386 3058 reliquias
3430 2999 3464 3035 a
3507 2978 3834 3067 presbytero,

2248 3099 2295 3142 et
2321 3066 2494 3160 portat
2531 3104 2622 3142 eas
2649 3102 2768 3140 cum
2807 3082 3003 3138 letania
3032 3079 3102 3134 ad
3132 3076 3301 3132 altare
3320 3075 3462 3130 intus
3495 3066 3835 3160 inecclesia.

2173 3148 2218 3209 ϐ
2251 3187 2299 3232 et
2320 3148 2465 3248 ponit
2487 3192 2644 3247 super
2670 3174 2841 3228 altare
2863 3187 3030 3235 novo;
3055 3178 3103 3224 et
3147 3179 3426 3248 antequam
3465 3158 3833 3217 recludantur,

2246 3245 2395 3338 ponit
2426 3245 2670 3336 cltrysma
2714 3265 2854 3317 intus
2881 3262 2938 3315 in
2983 3257 3306 3327 confessione
3332 3245 3423 3324 per
3451 3248 3681 3321 angulos
3708 3263 3837 3317 qua.-

2245 3367 2368 3411 tuor
2401 3357 2457 3410 in
2505 3371 2661 3409 cruce
2700 3354 2844 3408 intra
2891 3350 3152 3405 dicendo:
3196 3347 3253 3401 III
3303 3344 3523 3400 nomine
3561 3339 3752 3394 Patris
3788 3347 3840 3389 et

2246 3445 2370 3502 Filii
2397 3454 2453 3500 et
2500 3445 2738 3515 Spiritus
2767 3441 2941 3498 sancti
2986 3454 3090 3512 pax
3126 3437 3243 3492 tibi.
3272 3437 3328 3504 ἡ.
3363 3433 3436 3513 Et
3470 3446 3592 3487 cum
3642 3428 3836 3500 spiritu

2249 3544 2364 3592 tuo.
2391 3535 2596 3590 Deinde
2617 3535 2763 3605 ponit
2797 3543 2900 3587 tres
2923 3530 3188 3601 portiones
3211 3524 3449 3595 corporis
3474 3521 3577 3575 Dni
3607 3521 3762 3573 intus
3789 3518 3838 3569 iu

2249 3627 2599 3696 confessione,
2630 3634 2677 3678 et
2715 3633 2817 3676 tres
2864 3624 2929 3674 de
2972 3620 3184 3674 incenso
3207 3658 3223 3682 ,
3263 3624 3312 3669 et
3343 3611 3696 3666 recluduntur
3726 3605 3840 3660 reli-

2249 3718 2388 3789 quid:
2432 3717 2572 3770 intus
2623 3716 2676 3769 in
2715 3712 3063 3780 confessione,
3091 3719 3140 3764 et
3181 3708 3306 3762 dum
3356 3702 3733 3762 recluduntur,
3760 3714 3838 3750 ea-

2251 3816 2380 3860 nunt
2419 3805 2639 3874 antiph:
2684 3802 2796 3857 Sub
2845 3800 3018 3855 altare
3056 3796 3267 3853 Domini
3319 3793 3470 3850 sedes
3515 3789 3840 3858 accepistis:

2253 3894 2576 3952 intercedite
2597 3909 2694 3965 pro
2725 3891 2902 3954 nobis,
2941 3904 3038 3961 per
3067 3903 3226 3958 quem
3259 3881 3550 3940 meruistis.
3583 3878 3667 3932 Et
3701 3879 3839 3949 ponit

2255 3987 2515 4054 tabulam,
2544 3997 2590 4041 et
2619 3987 2710 4039 dat
2741 3985 3030 4040 orationem
3071 3983 3208 4035 hanc
3231 3996 3250 4034 :

2323 4082 2574 4140 Oremus.
2595 4082 2739 4136 Deus
2761 4078 2853 4148 qui
2877 4093 2944 4132 cx
2966 4074 3113 4130 omni
3147 4070 3487 4143 coaptationc
3508 4067 3845 4121 Sanctorum

2252 4184 2515 4232 aeternum
2546 4171 2639 4227 tibi
2669 4170 2856 4226 condis
2905 4165 3296 4230 habitaculum,
3334 4163 3400 4217 da
3446 4158 3842 4215 aediﬁcatiouis

2255 4275 2361 4322 tua:
2404 4265 2742 4320 incrementa
2768 4259 3052 4323 cmlestia,
3103 4265 3161 4310 ut
3188 4269 3418 4325 quorum
3443 4251 3530 4305 hic
3574 4249 3847 4318 reliquias

2253 4359 2344 4429 pio
2385 4371 2572 4412 amore
2625 4351 3076 4425 complectimur,
3123 4362 3311 4404 eorum
3355 4357 3565 4412 semper
3636 4339 3844 4394 meritis

2256 4449 2591 4518 adjuvemur,
2615 4461 2730 4516 per.

2181 4510 2235 4570 Β
2319 4510 2533 4596 ⁷ιοιεὶηάε
2581 4510 2703 4592 Ili-nit
2749 4553 2865 4592 eam
2915 4535 3079 4599 calce,
3128 4547 3246 4603 qua:
3301 4537 3454 4582 antea
3501 4523 3690 4591 fuerat
3719 4536 3844 4590 prb

2260 4642 2484 4704 parata;
2527 4641 2575 4686 et
2603 4639 2875 4701 postquam
2901 4627 3061 4698 fuerit
3091 4623 3261 4686 linita,
3299 4620 3422 4690 facit
3450 4616 3690 4684 desuper
3734 4628 3842 4667 eum

2259 4726 2500 4794 chrysma
2525 4721 2744 4776 dicendo
2767 4728 2821 4774 ut
2849 4733 3033 4788 supra,
3083 4726 3131 4770 et
3179 4713 3308 4784 facit
3352 4723 3558 4764 crucem
3604 4704 3844 4759 similiter

2256 4835 2375 4874 cum
2405 4816 2670 4886 chrysma,
2701 4821 2750 4868 et
2789 4827 2882 4881 per
2918 4819 3150 4882 quatuor
3187 4804 3410 4876 angulos
3453 4799 3653 4854 altaris
3697 4799 3841 4850 dess-

2257 4929 2349 4983 per
2376 4909 2597 4965 dicendo
2643 4915 2701 4961 ut
2736 4920 2932 4976 supra;
2981 4913 3028 4957 et
3063 4911 3187 4955 tunc
3230 4896 3367 4953 velat
3407 4892 3596 4954 altare,
3649 4900 3703 4942 et
3759 4887 3840 4939 du

2257 5005 2550 5061 orationem
2579 5002 2713 5056 hanc
2739 5017 2757 5055 :

2933 5087 3177 5143 Oremus.

2329 5187 2651 5254 Descendat,
2701 5195 3013 5255 qumsumus
3057 5180 3166 5234 Dne
3197 5177 3339 5232 Deus
3367 5178 3577 5233 noster,
3610 5164 3840 5234 Spiritus

2260 5291 2482 5339 sanctus
2506 5290 2628 5334 tuus
2654 5293 2818 5347 super
2844 5277 2947 5330 hoc
2979 5272 3174 5337 altare,
3197 5269 3289 5340 qui
3314 5276 3368 5323 et
3389 5261 3567 5336 p0puli
3601 5260 3680 5313 tui
3706 5258 3838 5311 dona

2261 5375 2580 5438 sanctiﬁcet,
2610 5381 2666 5426 et
2712 5368 3041 5425 sumentium
3089 5365 3250 5419 corda
3287 5358 3562 5414 cmundet.
3595 5352 3725 5407 Per.
3779 5347 3836 5401 ει

2261 5481 2382 5524 tunc
2413 5461 2708 5533 conspargit
2741 5475 2933 5532 aquam
2978 5472 3097 5511 cum
3119 5456 3314 5524 hysopo
3359 5464 3451 5520 per
3484 5455 3651 5500 totam
3682 5438 3834 5496 eccle-

2263 5563 2431 5624 siam;
2465 5557 2631 5626 ipsam
2657 5567 2879 5622 namque
2912 5548 3166 5615 tabulam,
3196 5559 3349 5615 quam
3406 5555 3560 5610 super
3602 5534 3832 5604 reliquias

651 5743 797 5817 (163)
851 5745 1148 5816 Sequentcs
1207 5745 1480 5804 orationes
1528 5747 1692 5804 etiam
1745 5749 1798 5804 in
1845 5745 2146 5804 Pontiﬁcali
2191 5745 2342 5804 Rom.
2383 5744 2656 5816 leguntur.
