3962 6326
218 402 356 457 11121

1237 401 1422 458 011ῡο
1461 403 1547 458 DE
1588 399 2040 459 DEDICATIONE
2078 397 2452 458 ECCLESHS.

3343 401 3480 454 109.2

215 522 391 591 ponit,
422 517 569 572 debet
609 525 762 571 antea
794 516 1107 586 conﬁrmare
1139 534 1257 572 eum
1304 519 1546 589 chrysma
1585 519 1805 590 faciens,
1838 518 1883 576 A
1911 520 2089 574 crucis
2116 517 2272 573 nobis
2301 517 2631 572 redimendis
2659 516 2851 575 obtulit
2877 515 3296 582 immolandum;
3329 519 3483 587 cujus

217 624 429 663 crucem
475 607 695 661 dicendo
742 618 797 662 ut
841 625 1023 678 supra.
1069 607 1182 662 Hoc
1231 620 1438 682 peracto
1486 611 1622 663 cauit
1662 608 1805 663 scola

218 699 430 768 amipli.
488 698 558 751 ad
609 697 917 764 Introilum,
965 709 1011 754 et
1060 709 1172 770 post
1224 699 1386 770 Kyrie
1415 699 1566 754 eleis.
1615 698 1809 753 dicitur

219 790 410 846 Gloria
467 789 521 843 in
553 789 785 845 excelsis
833 791 963 855 Deo,
1002 801 1051 844 et
1099 789 1370 860 conpletur
1417 789 1583 843 Missa
1626 790 1808 844 ordine

223 898 351 943 suo.
401 891 448 936 et
485 891 663 950 postea
703 880 992 935 ebdomada
1053 879 1219 934 Missa
1258 879 1465 950 publica
1498 880 1554 934 in
1585 881 1698 950 ipsa
1725 897 1809 935 ec-

221 971 388 1027 clesia
433 971 724 1026 celebretur
765 970 1054 1040 usquedum
1102 981 1216 1024 octo
1247 969 1357 1024 dies
1395 969 1633 1040 completi
1665 979 1805 1024 sunt.

619 1077 687 1114 AD
711 1076 955 1115 ΡΛΤΕΝΑΜ
981 1075 1391 1115 οοδδεοιιηωὶι

301 1153 698 1207 Consecramus
728 1159 782 1206 et
832 1150 1236 1206 sanctiﬁeamns
1279 1152 1418 1206 hanc
1453 1158 1702 1220 patenam
1742 1151 1809 1205 ad

195 1241 622 1297 conﬁciendum
675 1239 726 1294 in
771 1254 832 1294 ea
877 1238 1084 1309 Corpus
1128 1240 1229 1294 Dni
1279 1239 1362 1294 nri
1415 1237 1540 1294 Jesu
1579 1239 1806 1305 Christi,

224 1334 492 1388 facientes
522 1346 738 1386 crucem
768 1345 866 1401 pro
895 1330 1069 1386 salute
1099 1339 1402 1386 nostrorum
1431 1330 1694 1395 omnium,
1717 1329 1808 1400 qui

224 1439 354 1478 cum
401 1422 562 1477 Patre
605 1429 660 1475 et
709 1420 911 1492 Spiritu
959 1430 1150 1476 sancto
1195 1421 1325 1476 vivit
1352 1429 1407 1476 et
1455 1428 1641 1493 regnat
1673 1421 1812 1476 Deus

223 1530 330 1585 per
377 1523 570 1568 cuncta
597 1513 791 1569 saecula
827 1513 1170 1580 szeculorum,
1200 1529 1377 1570 amen.
1430 1514 1629 1570 Deinde
1674 1514 1808 1585 facis

223 1605 434 1675 signum
463 1603 632 1659 crucis
662 1603 726 1658 de
749 1604 862 1658 oleo
885 1620 1032 1673 super
1069 1603 1235 1673 ipsam
1275 1613 1518 1674 patenum
1542 1620 1560 1656 :

299 1695 635 1750 Consecrare
661 1704 716 1750 et
769 1693 1112 1749 sanctiﬁcare
1142 1696 1378 1766 digneris
1421 1696 1532 1750 Dne
1559 1706 1809 1766 patenam

220 1802 325 1856 per
369 1785 524 1840 istam
562 1786 868 1840 unctionem
893 1827 908 1851 ,
943 1794 996 1840 et
1027 1795 1266 1841 nostram
1298 1787 1724 1842 benedictionem
1755 1789 1807 1843 in

1910 606 2270 678 prteﬁguratio
2299 605 2447 676 (168)
2481 606 2787 676 patriarcha
2822 605 2988 661 Jacob
3035 605 3266 676 lapidem
3312 606 3487 661 erexit

1908 699 1961 753 in
1992 699 2224 763 titulum,
2275 714 2382 768 quo
2438 698 2589 754 ﬁeret
2636 699 2998 764 sacriﬁcium,
3043 708 3095 752 et
3145 707 3313 768 porta:
3361 699 3484 752 ςαξιί

1911 790 2142 860 desuper
2185 791 2489 859 aperiretur
2535 789 2848 855 oraculum;
2897 789 3210 859 suppliciter
3245 790 3336 844 tibi
3369 788 3486 844 Due

1908 897 2100 952 preces
2153 880 2450 946 fundimus,
2499 889 2559 934 ut
2599 880 2832 936 metallis
2869 879 3028 950 hujus
3065 879 3335 949 expoliata
3373 895 3486 933 ma-

1912 974 2045 1028 teria
2079 973 2327 1042 supernis
2357 971 2642 1028 sacriﬁciis
2673 970 2984 1036 imbuenda,
3031 971 3144 1040 ipse
3169 986 3279 1025 sua:
3299 971 3488 1025 dotare

1910 1061 2354 1116 sanctiﬁcationis
2378 1063 2624 1116 ubertate
2648 1061 2952 1131 praecipiat,
2987 1060 3078 1131 qui
3115 1061 3385 1130 quondam
3411 1059 3488 1113 la—

1908 1153 2094 1222 pideas
2123 1151 2292 1222 legem
2322 1153 2537 1222 scripsit
2566 1153 2619 1206 in
2659 1152 2868 1207 tabulas
2898 1151 3044 1221 (169)
3076 1167 3173 1222 per
3196 1153 3354 1206 Dum.

1980 1242 2120 1296 Alia.
2155 1243 2296 1298 Deus
2340 1244 2701 1312 omnipotens,
2739 1243 3113 1297 universarum
3165 1257 3343 1296 rerum
3396 1257 3484 1296 ra-

1913 1332 2184 1388 tionabilis
2213 1333 2430 1399 artifex,
2461 1342 2742 1388 creaturas
2766 1332 2993 1387 formam
3026 1332 3248 1400 lapideae
3287 1331 3489 1386 metalli

1911 1426 1979 1480 ad
2007 1425 2325 1499 obsequium
2379 1425 2455 1479 tui
2504 1423 2756 1480 sacrificii
2805 1423 3113 1485 condidisti,
3151 1432 3210 1477 ut
3246 1422 3381 1494 legis
3417 1422 3486 1476 li-

1911 1517 2086 1572 baturi
2122 1525 2213 1573 tuo
2256 1526 2542 1586 pareretur
2573 1515 2728 1570 altari
2759 1516 2938 1587 (170),
2981 1530 3160 1569 annue
3207 1515 3493 1584 dignanter

1913 1606 2069 1676 hujus
2095 1608 2372 1663 institutor
2394 1608 2635 1679 mysterii
2665 1616 2721 1661 ut
2751 1615 3014 1676 quotquot
3043 1606 3188 1677 (171)
3221 1605 3308 1660 hic
3339 1605 3492 1660 obla-

1914 1711 2024 1754 tum
2057 1716 2270 1756 sacrum
2300 1699 2447 1769 (172)
2483 1698 2675 1762 fuerit,
2710 1697 2914 1752 nomini
2953 1706 3043 1751 tuo
3082 1697 3373 1766 adsurgat,
3408 1706 3492 1750 re-

1912 1791 2111 1864 ligione
2137 1792 2405 1864 proﬁciat,
2443 1790 2557 1861 spei
2589 1790 2757 1846 initur
2783 1787 2926 1858 _ﬁdei
2973 1789 3043 1844 sit
3076 1788 3282 1843 honore
3304 1786 3450 1858 (173)
3473 1827 3488 1851 ,

221 1875 446 1931 Christo
473 1874 600 1931 Jesu
633 1875 748 1931 Dno
795 1892 914 1943 ιιι-ο,
943 1876 1033 1946 qui
1063 1876 1194 1931 vivit
1215 1884 1270 1932 et
1309 1886 1496 1950 regnat
1533 1878 1583 1931 in
1615 1878 1806 1933 saecula
1844 1876 1884 1936 Β
1914 1899 2029 1956 per.

220 1966 568 2034 szcculorum,
594 1982 772 2023 amen.

622 2075 689 2114 AD
722 2074 950 2114 ῦΑιιεεκ
996 2074 1419 2115 εειηεωεεκυυκ.

301 2152 533 2208 Oremus
571 2151 907 2207 dilectissimi
933 2150 1162 2219 fratres,
1195 2160 1254 2206 ut
1284 2151 1431 2207 Dnus
1458 2152 1598 2207 Deus
1628 2161 1810 2208 noster

219 2242 451 2298 calicem
486 2258 642 2299 suum
671 2244 724 2298 in
775 2242 1078 2298 ministerio
1103 2243 1536 2298 consecrandum
1568 2243 1810 2300 ccelestis

219 2337 419 2407 gratiae
436 2335 788 2406 inspiratione
801 2334 1124 2402 sanctiﬁcet,
1141 2344 1201 2391 ut
1214 2337 1280 2391 ad
1293 2336 1580 2391 humanam
1594 2336 1810 2392 benedi-

221 2430 463 2484 clionem
481 2428 871 2498 plenitudinem
887 2429 1051 2485 divini
1069 2429 1272 2486 favoris
1287 2430 1673 2496 accommodet,
1689 2446 1806 2501 per.

299 2520 444 2574 Alia.
537 2519 773 2589 Dignare
830 2521 945 2576 Due
1011 2521 1235 2576 calicem
1293 2521 1454 2576 istum
1521 2523 1576 2576 in
1652 2537 1809 2578 usum

225 2611 471 2682 mysterii
499 2610 648 2681 (161)
679 2610 778 2675 tui,
822 2610 910 2678 pia
961 2608 1149 2664 famuli
1187 2609 1262 2665 tui
1287 2610 1572 2665 devotione
1608 2610 1810 2667 forma-

227 2713 380 2764 tum,
409 2717 472 2756 ea
513 2700 942 2757 sanctiﬁcatione
989 2700 1337 2771 perfundere,
1389 2717 1494 2771 qua
1528 2700 1809 2758 Melchise-

224 2795 367 2849 dech
412 2794 596 2849 famuli
641 2794 716 2849 tui
757 2803 1160 2849 sacramentum
1191 2792 1338 2863 (165)
1375 2793 1594 2850 calicem
1624 2794 1808 2864 perfn-

226 2886 389 2951 disti;
419 2895 473 2939 et
501 2886 643 2957 quod
671 2895 788 2940 arte
811 2885 892 2940 vel
928 2884 1149 2940 metallo
1174 2883 1333 2940 ollicii
1365 2882 1546 2957 (elﬁci)
1578 2901 1683 2942 non
1714 2902 1810 2956 ρο-

227 2989 369 3045 test,
423 2980 686 3034 altaribus
730 2980 836 3035 tuis
887 2979 1108 3052 dignum
1155 2979 1248 3034 ﬁat
1291 2987 1382 3034 tua
1433 2978 1810 3037 benedictione

227 3071 527 3141 pretiosum
559 3071 602 3126 ll
615 3069 726 3141 C6).

587 3178 867 3217 ριυεητιο
905 3177 1232 3218 cnnvsuus
1282 3161 1454 3233 (167).

303 3253 536 3309 Oremus
561 3253 898 3308 dilectissimi
934 3252 1159 3308 fratres!
1204 3263 1262 3308 ut
1295 3253 1435 3309 Deus
1463 3254 1809 3324 omnipotens

228 3348 335 3400 hoc
391 3344 752 3398 ministerium
801 3343 1058 3412 Corporis
1122 3344 1242 3398 Filii
1298 3345 1372 3399 tui
1431 3345 1641 3400 Duinri
1681 3345 1810 3402 Jesu

225 3435 431 3491 Christi
511 3435 797 3506 gerulum,
871 3433 1304 3501 benedictionis,
1369 3435 1811 3494 sanctiﬁcationis

177 3557 180 3560 η
225 3526 514 3592 tutamine,
551 3525 884 3581 defensionis
931 3525 1244 3582 donationis
1290 3526 1516 3597 implere
1561 3527 1811 3598 dignetur

225 3617 514 3671 orantibus
560 3617 736 3682 nobis,
771 3632 888 3687 per.

304 3708 443 3762 Alia.
473 3709 829 3779 Omnipotens
873 3709 1202 3779 sempiterne
1247 3711 1410 3776 Deus,
1452 3710 1696 3767 Trinitas
1728 3713 1810 3768 in-

226 3801 568 3870 separabilis,
599 3802 848 3857 manibus
891 3802 1092 3857 nostris
1123 3818 1279 3873 opem
1329 3812 1433 3858 tuae
1473 3804 1806 3862 benedictio-

225 3891 315 3966 nis
363 3890 619 3955 iufnnde,
669 3900 726 3945 ut
773 3906 872 3960 per
921 3902 1166 3948 nostram
1227 3893 1658 3951 benedictionem
1709 3899 1810 3955 hoc

225 3981 518 4036 vasculum
556 3981 955 4049 sanctiﬁcetur,
1006 3993 1062 4039 et
1102 3985 1346 4056 corporis
1380 3985 1580 4042 Christi
1613 4003 1807 4043 novum

223 4072 574 4142 sepulchrum
623 4072 857 4142 Spiritus
885 4073 1060 4130 sancti
1092 4075 1266 4146 gratia
1312 4076 1661 4145 perﬁciatur,
1691 4093 1805 4149 per.

617 4181 683 4218 AD
724 4181 960 4220 TABULAS
997 4181 1421 4222 BENEDICENDUM.
1529 4179 1548 4225 Ι

298 4257 585 4328 Singulare
616 4257 745 4312 illud
771 4258 1448 4328 repropitiatorium,quod
1471 4274 1528 4315 se
1559 4261 1610 4314 in
1639 4260 1810 4316 altare

297 4386 451 4454 (164)
491 4386 649 4442 Mart.
681 4387 715 4441 Ι.
742 4405 792 4444 c.
825 4388 1132 4443 ministerii.

295 4456 449 4526 (165)
483 4458 581 4519 11)..
619 4467 890 4513 sacratum
917 4459 1021 4513 cal.

295 4525 448 4598 (166)
479 4527 540 4582 Ρ.
574 4528 642 4581 Β.
672 4529 1090 4583 sanctiﬁcatum.
1123 4527 1387 4582 Caeterum
1419 4529 1616 4583 calices
1638 4531 1799 4584 etiam

221 4597 434 4668 vitreos
459 4599 687 4654 usitatos
716 4597 884 4668 fuisse
913 4599 1204 4668 ostendunt
1233 4598 1506 4668 Aringhus
1527 4611 1583 4654 et
1611 4601 1802 4656 Bosius

229 4667 401 4722 Roma
447 4669 682 4724 subterr.
713 4667 804 4723 lib.
835 4683 908 4733 IV,
937 4683 987 4723 c.
1020 4667 1119 4731 28;
1167 4667 1488 4722 Bonarotius
1531 4669 1582 4723 in
1616 4671 1804 4725 obser-

219 4739 535 4809 vationibus
564 4740 632 4793 ad
661 4753 784 4793 vasa
814 4739 982 4792 vitrea
1009 4756 1059 4809 p.
1087 4737 1186 4809 57,;
1220 4738 1529 4809 Anonymus
1556 4741 1620 4794 de
1652 4752 1804 4794 vetu-
1861 4739 1866 4744 ’

220 4817 369 4880 s_tate
407 4817 464 4862 et
507 4808 676 4880 form_a
723 4807 1204 4880 monogrammatis
1259 4807 1358 4864 SS.
1378 4807 1635 4865 Nominis
1673 4811 1800 4866 Jesu

221 4876 415 4931 Roma:
441 4879 598 4932 1717.
631 4878 845 4933 Prazfat.
873 4876 925 4947 ιῐ.
959 4879 1046 4932 12.
1627 4905 1631 4910 ο

298 4947 452 5020 (167)
475 4948 530 5003 In
561 4949 709 5020 0rd.
731 4949 817 5020 lll,
864 4947 1198 5020 apudLMart.
1224 4947 1262 5002 l.
1291 4966 1342 5005 c.
1386 4963 1440 5018 p.
1471 4951 1594 5006 705.
1632 4951 1802 5007 Bene-

220 5016 396 5073 dictio
424 5016 818 5074 eucharistialis
843 5016 1063 5073 vasculi.
1096 5018 1346 5082 Oremus,
1376 5016 1710 5076 dilectissimi
1747 5029 1801 5076 et

221 5088 429 5161 fratres
464 5089 800 5161 charissimi,
833 5098 907 5161 ut
931 5088 1071 5161 Deus
1100 5089 1570 5161 omnipotens‘hoc
1599 5100 1801 5161 myste-

223 5157 378 5229 riale
421 5159 663 5229 corporis
705 5159 799 5213 lilii
827 5158 910 5213 sui
963 5158 1172 5229 Domini
1220 5157 1390 5213 nostri
1433 5158 1556 5215 Jesu
1600 5157 1800 5216 Christi

263 5227 476 5284 erulum
505 5227 883 5284 benedictione
906 5227 1373 5293 sanctiﬁcationis,
1410 5230 1670 5286 tutamine
1708 5232 1804 5285 de-

248 5298 510 5361 ‘ensionis,
536 5306 593 5354 et
614 5299 978 5354 dominatione
1001 5299 1086 5368 (l.,
1109 5367 1113 5369 Α
1133 5298 1435 5369 donatione)
1463 5300 1655 5356 salutis
1701 5301 1801 5355 im-

225 5369 381 5438 plere
408 5370 660 5439 dignetur
685 5369 966 5424 orantibus
993 5367 1168 5423 nobis.
1195 5367 1316 5423 Per.

221 5472 229 5478 -
302 5439 453 5509 (168)
490 5439 547 5494 In
564 5439 708 5510 70rd.
743 5439 834 5503 IX,
865 5439 1018 5510 Mart.
1050 5439 1084 5510 Ι.
1109 5452 1172 5510 ο.
1207 5455 1260 5508 p.
1308 5439 1410 5510 754
1441 5458 1452 5492 :
1490 5439 1644 5505 Quod
1668 5458 1804 5510 prte-

224 5508 508 5578 ﬁgurante.
553 5509 657 5565 Sed
687 5509 876 5564 melius
899 5510 952 5564 in
981 5509 1110 5564 0rd.
1135 5508 1198 5573 ll,
1222 5525 1272 5578 p.
1305 5509 1407 5564 694
1438 5528 1449 5561 :
1480 5511 1644 5578 Cujus
1667 5508 1805 5578 pra:—

223 5580 596 5650 ﬁguratione..
621 5619 632 5631 .
663 5589 711 5633 et
749 5591 911 5649 porta:
938 5578 1050 5632 cazli
1098 5578 1317 5649 desuper
1355 5581 1645 5650 aperiretur
1687 5597 1808 5634 ora-

225 5648 426 5712 culum,
457 5658 560 5704 etc.

303 5721 454 5788 (169)
484 5720 613 5776 0rd.
647 5729 706 5774 ut
748 5721 950 5774 metalli
983 5721 1140 5789 hujus
1177 5719 1467 5790 expolitam
1517 5719 1801 5774 materiam

227 5792 483 5857 supernis
529 5791 812 5846 sacriﬁciis
864 5791 1208 5846 imbuendam
1262 5791 1373 5858 ipse
1422 5805 1531 5844 sure
1572 5790 1805 5844 sanctiﬁ-

231 5859 467 5918 cationis
505 5861 749 5919 ubertate
799 5862 1079 5934 percipiat,
1125 5861 1214 5932 qui
1268 5863 1536 5932 quondam
1580 5860 1805 5933 lapideis

1980 1972 2114 2027 Item
2164 1971 2290 2026 alia.
2325 1971 2438 2027 Due
2473 1973 2659 2027 sancte
2705 1969 2868 2025 Pater
2914 1969 3255 2038 omnipotens
3290 1977 3493 2021 :eterne

1909 2063 2069 2128 Deus,
2103 2061 2340 2117 clemens
2365 2071 2418 2117 et
2438 2050 2706 2133 propitius
2733 2075 2922 2130 preces
2947 2069 3145 2114 nostrae
3174 2057 3492 2113 humilitatis

1908 2155 2124 2222 exaudi,
2158 2165 2210 2211 et
2241 2154 2453 2224 respice
2498 2154 2567 2208 ad
2599 2153 2704 2208 hoc
2735 2151 2926 2209 altaris
2970 2151 3044 2205 tui
3093 2148 3491 2211 holocaustum,

1908 2249 2052 2320 quod
2099 2248 2245 2320 (171)
2281 2257 2387 2302 tam
2420 2247 2543 2318 igne
2571 2246 2852 2318 probatur,
2904 2245 2998 2301 sed
3033 2242 3268 2299 infusam
3317 2244 3492 2297 sancti

1910 2342 2144 2409 Spiritus
2173 2340 2247 2394 tui
2286 2339 2516 2411 gratiam
2549 2339 2600 2392 in
2635 2338 2895 2392 honorem
2930 2345 3033 2390 tute
3069 2333 3356 2389 suavitatis
3403 2349 3490 2388 ac-

1909 2433 2103 2490 cendat
2125 2431 2269 2504 (175)
2295 2473 2309 2496 ,
2338 2441 2397 2485 ut
2421 2429 2814 2500 accipientibus
2855 2441 2921 2483 ac
2967 2425 3307 2482 sumentibus
3335 2425 3494 2479 nobis

1909 2525 2204 2597 legitimum
2234 2529 2574 2594 permaneat,
2605 2519 3048 2587 eucharistiaque
3069 2517 3241 2588 erigat
3267 2514 3414 2589 (176)
3439 2515 3492 2570 in

1906 2615 2210 2674 visceribus
2236 2614 2370 2680 nris,
2402 2621 2457 2669 et
2484 2611 2651 2667 vitam
2681 2609 2947 2666 concedat
2975 2616 3257 2663 :ctcrnam.

2539 2716 2840 2756 PREFATIO.

1981 2798 2092 2854 Ἥ).
2130 2796 2244 2852 Dne
2284 2803 2472 2851 sancte
2498 2793 2664 2848 Pater
2705 2792 3050 2862 omnipotens
3087 2797 3288 2844 :eterne
3327 2789 3490 2854 Deus,

1911 2893 2005 2964 qui
2047 2898 2171 2960 post
2214 2885 2592 2945 oﬁendiculam
2624 2885 2807 2955 lapsus
2850 2882 3010 2954 primi
3056 2878 3292 2937 hominis
3334 2880 3496 2934 insti-

1909 2982 2057 3038 tuisti
2105 2980 2200 3036 tibi
2247 2977 2612 3050 propitiatorii
2649 2975 3034 3031 deliniamenla
3079 2971 3384 3037 libaminis,
3435 2980 3497 3024 ut

1908 3075 2084 3145 culpa,
2127 3087 2248 3144 qua:
2292 3078 2665 3143 prascesserat,
2704 3067 2903 3123 luturis
2934 3065 3271 3136 temporibus
3301 3064 3493 3135 expia-

1910 3176 2059 3222 retur
2083 3180 2180 3237 pro
2225 3178 2474 3228 munere,
2502 3161 2697 3232 quibus
2721 3167 3050 3215 ornarentur
3071 3156 3288 3222 altaria,
3318 3155 3492 3210 hono-

1913 3256 2155 3312 riﬁcatur
2197 3262 2252 3311 et
2294 3253 2574 3324 templum,
2604 3252 2746 3323 quod
2774 3246 2870 3306 tibi
2898 3251 3108 3319 primus
3135 3246 3249 3302 Noe
3284 3261 3493 3318 przepa-

1912 3345 2050 3401 ravit
2071 3343 2267 3410 ollicio,
2291 3358 2482 3398 rursus
2524 3341 2781 3396 instruxit
2808 3338 3078 3394 llabraam
3110 3337 3492 3392 immolaturus

1909 3437 2112 3501 ﬁlium;
2142 3435 2338 3491 dehinc
2366 3433 2570 3490 electus
2612 3431 2780 3487 Jacob
2810 3429 2986 3486 erexit
3026 3436 3081 3484 et
3115 3428 3267 3483 unxit
3322 3427 3374 3480 in
3427 3427 3494 3479 ti-

1910 3528 2052 3593 tulo;
2077 3527 2216 3583 adsit
2239 3523 2598 3596 redemptoris
2619 3521 2806 3578 mundi
2839 3520 3011 3590 pietas
3031 3528 3084 3574 et
3105 3518 3317 3589 expiata
3345 3517 3492 3588 (l77)

1909 3619 2200 3688 utlapides
2244 3615 2620 3672 sanctiﬁcandi
2663 3612 3004 3684 mysterium,
3046 3609 3138 3679 qui
3185 3609 3493 3678 penetrabi-

1909 3707 1975 3761 lis
2007 3706 2153 3779 (178)
2185 3715 2241 3761 et
2267 3705 2407 3775 lapis
2447 3701 2724 3774 angularis
2770 3709 2872 3763 est,
2899 3712 3222 3754 consecrare
3252 3696 3492 3765 digneris

1907 3795 2300 3851 benedictionis
2323 3792 2590 3862 inlapsum
2613 3790 2760 3862 (179)
2783 3798 2839 3843 et
2858 3789 2947 3844 hic
2977 3788 3030 3842 in
3051 3802 3240 3842 aereas
3262 3785 3490 3857 placitus

1906 3885 2162 3953 majestas
2197 3882 2482 3940 aaternales
2502 3882 2690 3938 obtulo
2720 3878 2891 3949 (180),
2917 3886 2972 3933 et
2993 3877 3247 3947 quicquid
3272 3891 3488 3931 sacrum

1908 3979 2014 4033 ritu
2037 3991 2199 4046 super
2219 3976 2322 4030 hoc
2345 3973 2655 4028 immolatur
2677 3972 2818 4027 sicut
2838 3967 3228 4025 Melchisedech
3248 3967 3487 4024 oblatum

1906 4069 2116 4139 placeat
2145 4067 2242 4122 tibi
2269 4067 2372 4121 hoc
2412 4064 2819 4127 holocaustum,
2866 4070 2921 4116 et
2962 4068 3204 4130 reportet
3248 4075 3344 4129 per
3385 4059 3488 4114 hoc

1908 4161 2190 4232 prtemium
2241 4157 2497 4230 quicquid
2563 4153 2804 4210 intulerit
2862 4161 3085 4232 votum,
3139 4149 3486 4215 sacriﬁcare,

1908 4249 2257 4315 benedicere,
2280 4259 2710 4315 consecrareque
2753 4242 3023 4314 digneris,
3055 4251 3111 4296 tu
3155 4250 3209 4296 et
3238 4256 3335 4320 pro
3355 4255 3484 4318 ma-

1908 4384 2078 4453 legem
2109 4383 2328 4454 scripsit
2356 4383 2407 4436 in
2437 4383 2651 4437 tabulis.
2675 4380 2800 4454 Per.
2831 4379 2898 4434 At
2930 4379 2980 4433 in
3011 4378 3138 4454 0rd.
3186 4377 3226 4431 ll
3245 4419 3258 4440 ,
3288 4387 3487 4454 arme-

1908 4448 2019 4508 talli
2075 4448 2236 4522 hujus
2278 4453 2524 4521 exposita
2586 4449 2841 4522 materies
2896 4448 3488 4522 supernissacriﬁciis

1908 4517 2198 4579 imbuendo
2220 4565 2234 4586 ,
2275 4517 2388 4591 ipse
2425 4532 2527 4576 tua:
2556 4521 2730 4591 dotari
2755 4517 3209 4591 sanctiﬁcationis
3224 4518 3487 4591 ubertate

1833 4565 1879 4625 υ
1904 4565 3485 4663 δίπἕὲίῖἱὲξᾷειίῗῖἆιιῖιῖῖὶὲιὶῖῑεὶρἷἑίἑῖέξὲιῆ⁷ἑὸὶῑρἑίξιῖἷιῖ

1908 4663 2124 4802 manli?)
2163 4732 2264 4796 lb.,
2312 4729 2686 4802 A_rtifex,iqui
2733 4727 2877 4802 inter
2923 4723 3481 4802 creatitra‘suformam

1910 4794 2173 4873 lapidis'et
2193 4794 2404 4873 Ainetalli
2435 4802 2502 4873 ad
2532 4794 2851 4868 obsequium
2883 4796 2956 4850 tui
3003 4794 3256 4873 sacriﬁcii
3287 4796 3478 4873 condi:

1907 4864 2056 4936 di'sti,
2087 4881 2144 4926 ut
2191 4870 2484 4939 legislatori
2515 4878 2662 4924 tuum
2682 4864 2993 4940 pararetur
3036 4865 3229 4921 altare.
3250 4904 3264 4919 .
3285 4904 3299 4920 .
3335 4864 3478 4920 conf.

1909 4943 1970 4998 P.
2004 4942 2066 4997 Β.
2097 4941 2188 4997 ubi
2219 4941 2439 4996 clarius.

1981 5012 2258 5085 (171)1ι).,
2291 5011 2433 5082 quod
2463 5011 2550 5065 hic
2592 5009 2829 5085 oblatum
2869 5006 3051 5085 fuerit.
3161 5075 3172 5085 .
3275 5074 3287 5085 .
3364 5073 3374 5085 '

2159 5081 2196 5134 1.
2231 5073 2556 5136 sacratumve
2590 5080 2769 5150 fuerit,
2796 5087 2856 5133 ut
2883 5079 3113 5133 habetur
3159 5075 3214 5128 in
3239 5073 3482 5144 pluribus

1909 5169 1972 5208 or
2013 5154 2190 5208 tntbus
2231 5152 2370 5208 apud
2402 5151 2559 5205 Mart.

2013 5154 2190 5224 imbus
2231 5151 2604 5224 ξρυιξΜξιτιο-
2987 5217 3000 5224 .
3055 5216 3068 5224 .
3229 5213 3240 5224 .

2009 5223 2129 5291 175)
2159 5221 2220 5276 Ρ.
2246 5216 2324 5291 R.
2343 5221 2467 5291 Spei
2497 5221 2780 5291 innitatur,
2805 5217 2929 5272 ﬁdei
2958 5217 3026 5271 sit
3045 5216 3263 5291 honori.

2009 5284 2130 5360 174)
2157 5291 2285 5348 0rd.
2315 5290 2356 5356 Ι,
2383 5284 2547 5345 Mart;
2577 5289 2730 5357 Quod
2754 5304 2858 5344 non
2892 5295 2999 5360 tam
3043 5286 3165 5354 igne
3194 5284 3472 5352 probatur.

1982 5356 2130 5429 (175)
2160 5364 2196 5417 1.
2239 5362 2332 5417 sed
2357 5361 2556 5428 infusa,
2583 5356 2688 5416 etc.
2711 5395 2725 5415 .
2743 5397 2757 5412 .
2777 5399 2791 5423 ,
2827 5356 3026 5428 gratia,
3052 5370 3158 5409 etc.

1983 5433 2128 5506 (1⁷6)
2221 5446 2274 5506 c:
2299 5433 2545 5506 binim“;
3044 5505 3048 5506 ν
3088 5494 3100 5506 .
3179 5494 3190 5506 .
3214 5494 3246 5506 ..

1984 5494 2130 5573 (177)
2154 5505 2210 5559 1η
2240 5500 2366 5573 0rd.
2400 5502 2443 5567 l,
2488 5501 2668 5573 Pietas
2714 5507 2952 5563 exorata,
2998 5505 3053 5550 ut
3088 5494 3314 5564 lapidis,
3365 5503 3470 5549 etc.

1984 5571 2129 5641 (178)
2159 5575 2194 5629 1.
2232 5571 2656 5641 Quipcnetralis.
2685 5609 2699 5622 .
2726 5609 2740 5622 .
2796 5584 2858 5623 es

1985 5645 2196 5717 (179)1.
2228 5643 2452 5717 llla_psu._
2707 5709 2721 5717 _
2797 5709 2808 5717 _
3021 5707 3031 5717 .
3107 5715 3115 5717 Α
3263 5713 3271 5717 Α
3413 5705 3443 5717 μ

1983 5705 2129 5785 (180)
2159 5715 2193 5769 1.
2226 5730 2274 5770 c.
2298 5705 2362 5785 Et
2383 5713 2646 5785 inhaerens
2671 5709 2901 5785 placitus
2932 5707 3185 5785 majestas
3211 5705 3475 5785 a:}crn:dis

1911 5776 2276 5912 ob|tutu.'l)fort.
2319 5783 2589 5856 legendum
2761 5780 2960 5850 placito
2998 5776 3297 5847 majestatis
3322 5788 3472 5829 ιυιυικ

1913 5871 1977 5910 nu
2003 5872 2046 5912 ts
2079 5871 2109 5911 0
2154 5865 2288 5910 tutu.

1913 5865 2046 5914 nalis
2079 5865 2288 5912 obtutu.
