3902 5334
527 352 666 408 1023

1282 344 1573 403 APPEND.
1613 342 1703 399 AD
1743 340 1915 398 ΞίΕΟ.
1958 339 2025 395 Χ.
2066 370 2133 380 --
2171 337 2599 395 MONUMENTA
2638 337 2913 395 LITURG.

3640 338 3750 399 1028

524 465 686 521 nibus
715 463 916 519 nostris
947 463 1093 535 (l8-l)
1121 476 1279 534 opem
1311 470 1413 517 tum
1438 460 1828 517 benedictionis
1853 456 2092 521 infunde,
2125 439 2170 498 Α
2204 452 2254 504 in
2287 460 2465 507 mente
2510 451 2628 506 ﬁdei
2660 459 2983 507 exerceatur
3033 449 3332 523 integritas.
3360 449 3467 508 Per
3506 447 3755 509 Christum

525 556 618 625 qui
661 566 713 611 te
764 556 1077 627 angularem
1125 554 1355 624 lapidem
1385 564 1440 609 et
1478 569 1667 610 saxum
1695 552 1812 608 sine
1857 551 2102 605 manibus

529 646 776 702 excisum
804 646 1086 701 nominare
1116 645 1231 715 ipse
1255 644 1506 711 voluisti;
1536 652 1588 698 tu
1620 643 1826 714 lapides
1856 642 1993 697 istos
2023 639 2104 696 di-

526 738 668 794 vinis
705 736 937 793 cultibus
965 746 1256 809 apparatos
1286 737 1511 792 benedic
1534 745 1695 805 atque
1719 734 2024 799 sanctiﬁca,
2049 741 2105 788 et

529 828 668 884 sacri
722 826 881 897 hujus
944 829 1188 900 mysterii
1235 828 1379 884 sicut
1436 828 1746 894 institutor,
1809 826 1885 882 ita
1938 826 2103 882 etiam

526 919 890 976 sanctiﬁcator
911 935 1133 992 appare,
1162 937 1257 993 per
1279 920 1436 976 Dum.
1816 912 1819 915 ’

1016 1028 1335 1069 BENEDICTIO
1395 1028 1602 1068 CRUCIS.

599 1103 889 1161 Sanctiﬁca
921 1103 1035 1160 Dne
1077 1104 1411 1175 signaculum
1466 1102 1734 1175 passionis
1787 1111 1890 1156 tum
1940 1101 2102 1164 istud,

527 1205 587 1250 ut
617 1197 688 1251 sit
730 1196 964 1252 inimicis
994 1196 1099 1251 tuis
1127 1195 1489 1262 obstaculuni,
1529 1205 1585 1253 et
1609 1195 1952 1250 credentibus
1979 1194 2030 1248 in
2058 1198 2109 1248 te

528 1288 795 1344 eﬁiciatur
822 1288 1098 1353 vexillum,
1129 1303 1254 1358 per.

602 1381 875 1452 Rogamus
915 1388 967 1436 te
998 1380 1112 1435 Dne
1139 1389 1326 1436 sancte
1354 1379 1519 1435 Pater
1537 1378 1881 1449 omnipotens
1909 1385 2110 1432 aeterne

531 1472 696 1537 Deus,
721 1480 779 1527 ut
806 1473 1044 1543 digneris
1064 1472 1384 1528 benedicere
1412 1473 1515 1527 hoc
1543 1470 1748 1541 lignum
1776 1469 1954 1525 crucis
1985 1476 2107 1533 tum,

496 1626 503 1633 '
531 1569 603 1615 ut
626 1562 699 1618 sit
720 1562 1017 1617 remedium
1040 1561 1280 1617 salutare
1312 1561 1498 1632 generi
1526 1563 1785 1625 humano,
1817 1559 1890 1615 sit
1920 1558 2106 1615 solidi-

530 1661 617 1708 tas
654 1651 813 1719 ﬁdei,
861 1651 1201 1723 profectuum
1248 1652 1544 1722 (profectus
1588 1651 1648 1706 P.
1702 1649 1794 1722 R.)
1845 1649 2110 1704 bonorum

529 1760 776 1815 operum,
804 1744 1102 1815 redemptio
1151 1745 1454 1799 animarum
1479 1785 1495 1811 ,
1541 1744 1811 1814 protectio
1846 1758 1908 1798 ac
1946 1741 2109 1797 tutela

531 1843 717 1890 contra
750 1850 889 1890 saeva
919 1832 1099 1905 jaeula
1134 1836 1496 1901 inimicorum,
1536 1851 1657 1906 per.

603 1925 962 1996 Omnipotens
1011 1926 1345 1996 sempiterne
1382 1926 1544 1991 Deus,
1573 1923 1728 1994 cujus
1771 1932 2019 1980 sanctum
2060 1931 2116 1978 et

532 2017 775 2072 terribile
821 2031 1018 2073 nomen
1068 2017 1215 2073 inter
1259 2027 1488 2072 caeteras
1536 2016 1777 2071 visibiles
1833 2024 2117 2071 creaturas

533 2107 677 2178 ligna
711 2123 929 2179 quoque
970 2107 1253 2162 fructifera
1300 2107 1523 2162 laudare
1561 2122 1625 2163 ac
1656 2107 1978 2163 benedicere
2008 2120 2114 2160 non

538 2208 792 2263 cessant,
842 2200 934 2272 qui
980 2201 1035 2255 in
1084 2200 1312 2271 ﬁguram
1365 2200 1628 2270 unigeniti
1684 2199 1963 2269 sapientia:
2015 2207 2117 2255 tua:

534 2293 679 2364 ligno
709 2294 834 2350 vitm
854 2311 884 2349 a
913 2294 1179 2365 principio
1208 2293 1519 2365 paradisum
1547 2292 1840 2362 voluptatis
1882 2293 2113 2358 ornasti,

535 2398 597 2444 ut
618 2386 858 2458 ejusdem
882 2387 1062 2444 fructu
1081 2397 1432 2444 sacrosancto
1459 2386 1723 2459 mysterio
1746 2386 2117 2456 protoplausto

501 2480 778 2557 lparentis
831 2479 1001 2536 nostri
1052 2480 1267 2553 generis
1321 2488 1551 2535 mortem
1603 2495 1817 2547 cavere,
1848 2487 1904 2535 et
1950 2479 2116 2534 vitam

536 2573 869 2630 ammoneris
911 2575 1183 2630 custodire
1230 2584 1584 2646 perpetuam;
1634 2573 1726 2644 qui
1778 2589 1875 2629 nos
1935 2572 2120 2629 vetita:

536 2668 750 2725 arboris
795 2668 1014 2723 adtactu
1043 2669 1168 2723 vitae
1197 2675 1430 2725 mortem
1480 2667 1692 2732 aditus,
1739 2664 1981 2735 ejusdem
2029 2680 2121 2720 co-

536 2770 753 2817 :eternze
779 2762 877 2817 tibi
905 2762 1183 2833 sapientiae
1224 2771 1328 2817 tua:
1354 2761 1446 2817 Dei
1476 2768 1531 2816 et
1560 2759 1659 2815 Dni
1691 2759 1775 2815 nri
1801 2757 1929 2814 Jesu
1960 2757 2121 2814 Chri-

537 2851 609 2908 sti
654 2851 873 2906 innos‘ia
905 2859 1134 2906 mortem
1178 2850 1243 2906 ad
1289 2851 1458 2905 vitam
1508 2849 1934 2925 misericorditer
1961 2862 2118 2903 revo-

540 2956 668 2996 care
699 2941 952 3014 dignatus
978 2954 1058 3005 es,
1107 2948 1162 2996 te
1210 2940 1482 3011 supplices
1516 2939 1895 3011 deprecamur,
1927 2945 1982 2994 ut
2020 2939 2121 2995 hoc

538 3029 815 3102 singulare
858 3029 1093 3100 signum,
1123 3030 1270 3101 quod
1303 3030 1369 3084 ad
1412 3029 1721 3100 exemplum
1770 3029 1933 3101 primi
1977 3028 2121 3085 illius

2206 542 2489 598 Dominum
2521 552 2791 598 nostrum.

2715 656 2798 711 Ad
2839 654 3052 726 pedale:
3102 654 3282 710 bened.

2273 768 2508 827 Benedic
2556 769 2670 824 Dne
2708 766 2836 825 Jesu
2868 766 3085 824 Christe
3133 768 3236 823 hec
3287 765 3646 822 calciamenta
3688 764 3763 833 ju-

2207 861 2377 925 stitie,
2406 847 2511 930 quc
2533 858 2768 916 Johanes
2794 859 2930 915 vidit
2953 858 3183 915 vestitus
3212 857 3433 929 podere,
3466 866 3529 911 ut
3558 856 3766 927 quicun-

2206 967 2312 1024 que
2336 967 2402 1007 ex
2428 951 2534 1007 hiis
2556 950 2785 1007 vestitus
2825 949 3009 1015 fuerit,
3040 949 3222 1005 valeat
3258 949 3380 1005 aliis
3415 948 3656 1020 prmbere
3691 948 3767 1003 ho-

2208 1059 2336 1099 nuin
2372 1041 2702 1110 exemplum,
2735 1049 2791 1097 et
2823 1041 2918 1096 tibi
2948 1040 3094 1096 omni
3128 1048 3377 1120 tempore
3420 1052 3548 1093 cum
3596 1037 3769 1094 timore

2209 1133 2437 1189 servire.
2469 1130 2570 1199 Qui
2620 1132 2776 1187 vivis.

2757 1242 2839 1296 Ad
2885 1243 3208 1314 cyratliecas.

2280 1359 2603 1414 Immensum
2647 1357 3000 1415 clemenciam
3038 1366 3187 1413 tuam
3213 1357 3559 1430 omnipotens
3585 1364 3640 1412 et
3660 1356 3775 1426 piis.

2210 1448 2345 1505 sime
2373 1449 2516 1504 Deus
2544 1447 2823 1503 humiliter
2866 1462 3173 1519 r0gamus:
3219 1456 3280 1502 ut
3325 1461 3522 1501 manus
3568 1444 3779 1501 famulo-

2211 1556 2330 1595 rum
2390 1547 2602 1595 tuorum
2663 1538 2805 1594 sicut
2865 1539 3106 1594 exterius
3165 1538 3516 1596 abducuntur
3571 1539 3780 1592 manicis

2212 1629 2368 1684 istis!
2426 1628 2506 1683 sic
2558 1627 2787 1685 interius
2840 1637 3196 1700 aSpergantur
3241 1643 3368 1684 rore
3424 1639 3515 1682 tue
3564 1622 3781 1682 Benedi-

2212 1720 2442 1785 ctionis,
2496 1728 2557 1774 ut
2608 1735 2929 1790 quecunque
2983 1736 3083 1791 per
3126 1736 3223 1777 eas
3262 1719 3374 1775 sint
3426 1718 3785 1791 benediceuda

2144 1795 2191 1855 Β
2220 1812 2303 1867 vel
2358 1785 2724 1868 consecranda
2749 1852 2764 1876 ,
2807 1785 2905 1882 per
2948 1785 3001 1866 te
3047 1812 3482 1883 bene-j-dicantur
3507 1852 3522 1875 ,
3573 1818 3629 1866 et
3667 1785 3787 1865 cou-

2218 1906 2560 1976 se-j-crentur.
2587 1903 2690 1959 Per
2712 1905 2945 1960 eundem
2990 1903 3128 1960 Dnm
3154 1920 3273 1959 nrtn
3298 1902 3486 1960 Jesum
3520 1901 3786 1958 Christum

2220 1995 2387 2051 ﬁlium
2420 2003 2591 2060 tuum,
2617 2001 2720 2050 etc.

2594 2107 2677 2161 Ad
2727 2106 2984 2163 annulum
3020 2106 3328 2162 benedictio.
3349 2147 3364 2161 .
3383 2146 3398 2160 .

2292 2217 2432 2274 Deus
2465 2217 2631 2273 totius
2677 2223 2927 2273 creature
2974 2217 3297 2288 principium
3336 2224 3392 2273 et
3434 2216 3560 2272 ﬁnis
3598 2216 3653 2271 in
3692 2231 3788 2286 quo

2220 2308 2399 2364 clausa
2451 2316 2580 2364 sunt
2626 2307 2809 2363 omnia
2840 2307 2985 2363 hunc
3014 2305 3285 2363 Annulum
3332 2305 3657 2363 benedicere
3680 2308 3719 2376 1-
3741 2316 3791 2361 et

2220 2396 2603 2470 sanctiﬁ‘j'care
2641 2397 2882 2468 dignere,
2912 2408 2973 2453 ut
3020 2398 3111 2469 qui
3160 2413 3259 2470 per
3304 2413 3432 2454 eum
3482 2399 3683 2454 famulo
3709 2409 3789 2453 tuo

2222 2487 2447 2555 honoris
2512 2486 2750 2559 insignia
2808 2489 3107 2553 concedis,
3176 2490 3433 2545 virtutem
3484 2498 3544 2544 et
3600 2492 3789 2559 premia

2222 2576 2499 2648 largiaris!
2549 2576 2746 2646 quibus
2791 2585 2848 2631 et
2894 2577 3237 2637 discretionis
3285 2579 3539 2635 habitum
3591 2593 3791 2648 semper

2223 2668 2487 2735 retineat,
2533 2674 2590 2723 et
2634 2682 2766 2724 vere
2805 2667 2930 2724 ﬁdei
2978 2667 3190 2741 fulgore
3231 2668 3578 2740 prefulgeat,
3622 2680 3789 2725 sancte

2186 2758 2511 2816 .Trinitatis
2570 2773 2786 2829 quoque
2855 2767 3099 2815 armatus
3154 2759 3456 2815 munimine
3502 2756 3689 2822 miles,
3740 2758 3785 2812 in

2184 2903 2191 2908 .
2224 2850 2637 2921 expugnabilem
2667 2851 2839 2908 aciem
2870 2850 3082 2923 dyaholi
3109 2859 3428 2908 constanter
3452 2849 3785 2906 evincat.Per

2186 2994 2187 2997 η
2223 2943 2499 3000 Christum
2527 2942 2663 2997 Dum
2690 2960 2832 3015 nrm.

2720 3010 2811 3087 Adv
2837 3030 3116 3086 Baculum.
3145 3070 3159 3083 .
3180 3069 3195 3085 .
3215 3069 3228 3084 .
3247 3069 3263 3085 .

538 3092 893 3175 sacratissimi
918 3119 1095 3175 vexilli
1119 3121 1357 3190 pretioso
1379 3120 1503 3175 Filii
1536 3122 1612 3176 tui
1638 3092 2118 3191 sanguine'trium-
2150 3154 2195 3216 Ο
2296 3123 2652 3196 Omnipotens
2679 3132 2735 3180 et
2771 3124 3085 3180 misericors
3112 3122 3402 3194 Dominus:
3444 3123 3540 3192 qui
3580 3123 3634 3178 iu
3678 3120 3785 3176 θαι.

540 3214 720 3285 phalis
764 3213 997 3269 famulus
1027 3222 1151 3269 tuus
1182 3214 1257 3269 ill.
1289 3215 1515 3270 devotus
1561 3214 1755 3279 erexit,
1785 3213 2009 3269 caeleste
2035 3212 2123 3268 hic

543 3311 635 3359 tua
657 3303 1028 3359 benedictione
1073 3304 1417 3360 sanctiﬁcare
1445 3304 1719 3376 digneris;
1774 3313 1834 3358 ut
1874 3304 2125 3358 omnibus

542 3393 636 3450 hic
677 3394 1201 3464 genuﬂectentibus,
1256 3410 1321 3451 ac
1376 3382 1490 3450 ιιιςιςΔ
1532 3394 1960 3465 supplicantibus
2013 3393 2126 3450 Mi-

536 3485 747 3557 jestati,
771 3486 975 3558 largior
1015 3496 1071 3542 et
1102 3487 1281 3544 cordis
1303 3487 1680 3556 eompunctio,
1711 3494 1765 3541 et
1796 3485 2123 3556 indulgentia

543 3576 880 3633 concedatur
929 3577 1328 3645 admissorum;
1388 3588 1553 3650 atque
1601 3577 1969 3634 intercedente
2010 3577 2125 3648 ipsa

503 3722 511 3733 ,
542 3665 983 3723 victoriosissima
1003 3667 1123 3722 Filii
1153 3667 1228 3723 tui
1250 3668 1499 3739 passione
1519 3675 1574 3723 et
1596 3668 1693 3723 tibi
1719 3666 1915 3737 placita
1936 3675 2124 3738 postu-

544 3755 679 3827 lare,
704 3765 759 3809 et
777 3755 939 3812 citius
977 3757 1198 3813 valeant
1224 3756 1497 3828 postulata
1526 3755 1825 3827 percipere.
1864 3756 1941 3811 Da
1981 3771 2126 3826 qua:-

547 3862 734 3903 sumus
766 3848 1187 3905 clementissime
1238 3848 1423 3915 Pater,
1463 3849 1517 3903 in
1560 3862 1668 3919 quo
1706 3847 1958 3912 vivimus,
2006 3861 2126 3903 mo-

542 3955 736 3996 vemur
763 3950 819 3996 et
866 3957 1087 4009 sumus,
1137 3951 1197 3997 ut
1245 3943 1495 4014 quotiens
1549 3941 1881 4011 triumphum
1933 3939 2128 3995 divinae

545 4033 891 4100 humilitatis,
939 4051 1060 4105 qua:
1114 4035 1425 4105 superbiam
1474 4035 1647 4091 hostis
1695 4035 1864 4089 nostri
1909 4034 2125 4105 dcjecit,

546 4126 721 4181 oculis
749 4126 1042 4195 intuemur,
1073 4128 1327 4196 quotiens
1357 4135 1537 4193 mente
1581 4125 1894 4190 recolitnus,
1920 4134 1974 4180 et
1999 4139 2132 4179 con-

548 4221 631 4268 tra
660 4213 873 4282 hostem
914 4214 1088 4285 ipsum
1121 4213 1373 4268 ﬁduciam
1401 4212 1760 4278 fortitudinis,
1787 4221 1842 4267 et
1872 4209 2128 4280 majorem

549 4302 645 4358 tibi
674 4303 882 4358 devota:
921 4302 1248 4358 humilitatis
1290 4304 1520 4375 gratiam
1553 4318 1970 4374 consequamur,
1998 4320 2130 4375 qua-

550 4401 709 4451 tenus
734 4393 788 4446 in
817 4392 907 4449 illo
947 4394 1242 4465 tremendae
1270 4402 1374 4448 une
1407 4392 1706 4464 Majcstatis
1731 4393 1983 4450 examine
2005 4407 2129 4449 eum

2227 3217 2319 3274 bili
2347 3217 2592 3275 bonitate
2623 3218 2763 3274 votis
2792 3216 3216 3289 supplieancium
3245 3216 3497 3273 assistis?
3516 3215 3711 3286 quique
3732 3228 3787 3269 et

2228 3318 2318 3365 tue
2366 3309 2584 3381 pietatis
2614 3309 2991 3375 habundancia
3022 3306 3275 3364 aﬁ’ectum
3321 3306 3547 3378 petendi
3582 3305 3790 3362 tribuis?

2227 3400 2358 3457 huic
2413 3400 2608 3457 baculo
2637 3440 2653 3467 ,
2714 3415 2876 3472 quem
2925 3402 2994 3456 ad
3040 3399 3331 3470 pastoralis
3370 3397 3539 3453 ollicii
3601 3398 3790 3467 signmn

2226 3495 2281 3550 in
2315 3502 2407 3550 tuo
2454 3493 2673 3550 nomine
2719 3493 3065 3559 dedieamus,
3120 3500 3207 3547 tue
3257 3489 3659 3563 benedictionis
3699 3487 3794 3542 vim

2227 3588 2443 3659 copiose
2474 3587 2718 3651 infunde,
2754 3595 2814 3643 ut
2838 3601 2905 3643 eo
2927 3595 3114 3659 pastor
3139 3583 3433 3656 insignitus
3473 3583 3557 3639 sic
3588 3582 3794 3638 sollicite

2228 3678 2516 3746 custodiat,
2559 3688 2829 3749 quatenus
2858 3679 2927 3734 ab
2954 3678 3167 3733 unitate
3209 3674 3460 3730 ecclesia:
3504 3672 3796 3728 nullatenus

2228 3770 2444 3827 deviare
2496 3769 2815 3841 permittat,
2875 3768 2970 3825 sed
3029 3765 3368 3823 confractum
3435 3763 3795 3834 redintegret,

2227 3872 2542 3935 quassatum
2591 3863 2929 3931 consolidet,
2980 3875 3146 3932 seque
3189 3875 3296 3917 una
3347 3873 3473 3915 eum
3514 3873 3676 3930 grege
3712 3871 3795 3910 suo

2229 3956 2497 4028 integrum
2543 3956 2641 4013 tibi
2688 3963 2851 4026 atque
2888 3953 3297 4015 immaculatum
3343 3960 3792 4018 eonscrvet,nta

2229 4057 2282 4104 te
2304 4063 2577 4120 nunquam
2615 4055 2901 4119 separetur
2929 4046 3202 4117 indignus.
3233 4042 3339 4100 Per
3365 4043 3646 4103 Christum
3674 4041 3795 4097 Dum

2229 4122 2372 4193 nrm.

2653 4227 2736 4282 Ad
2774 4227 2983 4283 mitram
3021 4224 3324 4303 benedictio.
3344 4264 3358 4278 .
3378 4263 3393 4278 .

2300 4315 2652 4388 Omnipotens
2702 4316 3032 4386 sempiterne
3065 4315 3227 4378 Deus,
3257 4314 3351 4383 qui
3399 4321 3647 4366 veterum
3678 4308 3785 4380 tigri.

2232 4426 2414 4465 rarum
2442 4409 2643 4466 veritas
2671 4424 2732 4464 es
2754 4417 2810 4464 et
2842 4408 2989 4474 ﬁnis,
3019 4405 3249 4463 benedic
3273 4405 3375 4461 hoc
3417 4404 3656 4476 typicum
3703 4400 3793 4471 pri-

548 4487 874 4557 paventibus
911 4487 1214 4554 elementis,
1246 4490 1617 4560 cmlorumque
1642 4490 1930 4546 commotis
1955 4489 2127 4545 virtu-
2159 4500 2208 4560 ι)
2233 4514 2445 4556 scarum
2478 4514 2596 4570 ριιηι
2642 4497 2874 4568 insigne.
2905 4511 3004 4568 per
3030 4510 3234 4552 cornua
3277 4493 3491 4565 Moyses
3524 4491 3703 4547 famuli
3730 4489 3791 4542 tui

550 4583 716 4649 tibus,
741 4581 957 4654 signum
990 4582 1122 4641 illud
1164 4582 1465 4655 gloriﬁcum
1496 4585 1884 4655 redemptionis
1926 4594 2125 4640 nostrae

548 4675 789 4746 paruerit
823 4675 876 4731 in
905 4675 1067 4747 caelo,
1094 4677 1195 4746 ipsi
1220 4677 1288 4733 de
1326 4686 1501 4735 morte
1545 4678 1614 4737 ad
1652 4678 1815 4733 vitam
1871 4679 2124 4744 transire,

549 4781 612 4821 ac
637 4774 896 4836 perpetua
933 4768 1106 4835 beatae
1136 4769 1555 4829 resurrectionis
1577 4769 1771 4841 gaudia
1801 4769 1985 4826 videre
2015 4785 2127 4829 nte-

546 4871 787 4923 rcamur,
818 4872 936 4927 per.
1650 4931 1657 4938 '

684 4966 753 5005 AD
790 4966 1193 5009 BENEDICENDUI
1232 4970 1552 5010 ORNAHE‘NTA
1608 4970 1999 5011 PONTIFICALIA.

906 5043 1008 5114 (Ex
1050 5060 1153 5101 ms.
1192 5044 1474 5116 Rhenaug.
1511 5060 1635 5102 smc.
1669 5046 1782 5115 χι.)

1118 5138 1200 5191 Ad
1257 5136 1567 5209 Cambagos.

621 5224 810 5291 Totius
861 5226 1166 5282 honestatis
1215 5236 1404 5281 auctor
1447 5227 1790 5298 omnipotens
1846 5227 2014 5284 Deus!
2060 5228 2129 5282 ad

2235 4600 2527 4660 utrumque
2583 4596 2966 4644 testamentum
3017 4586 3299 4659 ﬁgurative
3356 4583 3659 4640 declarans.
3708 4578 3793 4633 Per

2234 4679 2510 4735 Christum
2541 4679 2677 4733 Dum
2708 4691 2852 4733 nrm.

2233 4812 2287 4841 ,η
2349 4782 2857 4842 ΔΒᾚΕΝΕΒΙΟΕΝΒΒΙΙ
2899 4780 3221 4823 ORNANENTA
3259 4778 3695 4819 PRRSPITERALIL.

2359 4857 2642 4923 Casulam,
2697 4856 3042 4912 dalmaticam
3078 4865 3127 4910 et
3159 4854 3366 4910 subtile.
3389 4893 3404 4908 .
3425 4892 3440 4907 .
3481 4853 3649 4924 (18%).

2306 4947 2657 5021 Omnipotens
2677 4948 3007 5019 sempiterne
3031 4947 3200 5013 Deus,
3227 4946 3318 5017 qui
3360 4960 3460 5017 per
3485 4944 3696 5015 Moysen
3723 4941 3790 4996 fa-

2237 5042 2440 5098 mulum
2479 5048 2627 5095 tuum
2669 5037 3034 5109 pontiﬁcalia,
3075 5046 3181 5093 etc.

2629 5130 2712 5189 Ad
2757 5144 2974 5200 mappas
3033 5129 3337 5185 benedictio.
3358 5168 3373 5182 .
3393 5167 3408 5183 .

2306 5224 2422 5278 Dne
2449 5222 2590 5277 Deus
2615 5221 2977 5291 omnipotens,
3007 5220 3100 5291 qui
3130 5222 3198 5277 ab
3228 5221 3412 5286 inicio,
3437 5229 3546 5276 etc.
