3962 6326
123 370 150 425 1
162 369 268 425 025

643 479 775 534 Item
820 477 947 532 alibi
988 475 1058 532 ad
1105 475 1183 533 id.

196 575 311 629 Due
355 572 495 627 Deus
545 567 706 625 Pater
742 568 1085 639 omnipotens
1131 564 1249 621 Rex
1296 573 1350 620 et
1387 564 1706 635 magniﬁcus

117 648 514 736 triumphator,
557 660 648 732 qui
695 674 793 731 per
845 666 1063 715 sanctos
1107 666 1291 727 patres
1344 665 1581 720 nostros,
1612 655 1704 725 qui

119 755 223 809 tibi
248 755 303 809 in
331 750 651 808 sacerdotali
681 749 873 807 ordine
896 748 1242 821 placuerunt,
1268 746 1466 802 diversi
1490 745 1706 818 generis

114 854 445 902 ornamenta
492 852 548 900 et
588 841 909 899 vestimenta
960 838 1315 897 sacerdotalia
1364 838 1513 905 ﬁeri,
1547 848 1601 894 et
1652 839 1702 893 in

114 938 212 994 his
241 936 551 993 sacerdotes
581 933 675 990 tibi
706 933 1008 989 servientes
1042 944 1239 987 ornare
1260 927 1490 998 iussisti,
1512 928 1704 984 exaudi

110 1028 399 1100 propicius
425 1026 723 1083 orationem
752 1032 1015 1088 nostram,
1050 1031 1111 1079 ut
1161 1023 1303 1078 banc
1332 1021 1535 1088 albam,
1565 1020 1706 1075 bane

108 1110 387 1187 casulam,
415 1110 628 1185 stolam,
654 1115 926 1189 planetam
960 1104 1066 1173 seu
1097 1116 1374 1188 poderem,
1404 1130 1469 1171 ac
1512 1115 1705 1188 cingu-

110 1217 264 1282 lum,
319 1212 636 1283 orariosque
670 1211 863 1267 dextra
917 1218 1009 1265 tua
1063 1216 1250 1265 sancta
1299 1207 1702 1279 bene-idicem,

110 1303 487 1375 cense-ferare
539 1300 923 1372 sanetil-ﬁcare
953 1309 1010 1355 et
1056 1299 1394 1371 puri-l-ﬁeare
1445 1299 1702 1370 digneris,

109 1404 390 1467 quatenus
441 1394 545 1449 hoc
600 1391 979 1447 vestimentum
1048 1389 1317 1445 ministris
1372 1389 1479 1445 tuis
1528 1388 1705 1445 levitis

108 1495 286 1557 atque
312 1484 684 1542 sacerdotibus
728 1482 798 1538 ad
851 1482 1093 1538 divinum
1151 1481 1355 1537 cultum
1400 1482 1705 1538 ornandum

108 1579 555 1650 capiendumque
580 1575 889 1648 proﬁciant,
933 1574 1247 1646 sanctisque
1291 1573 1556 1629 altaribus
1601 1576 1707 1630 tuis

108 1671 321 1727 munde
347 1678 401 1726 et
446 1677 641 1726 ornate
679 1669 733 1725 in
779 1669 884 1724 hac
926 1682 1083 1725 sacra
1133 1675 1286 1724 veste
1337 1667 1702 1723 ministraturi

108 1760 597 1832 irreprebensibile
646 1760 700 1816 in
747 1769 870 1816 actu
905 1769 961 1817 et
992 1760 1103 1817 vita
1154 1760 1388 1817 interius
1433 1762 1703 1821 exterius-

107 1830 561 1926 que—appareant,
588 1852 793 1922 tibique
820 1852 919 1909 soli
952 1853 1059 1909 Deo
1080 1867 1216 1924 puro
1236 1853 1400 1909 corde
1425 1862 1480 1908 et
1501 1852 1702 1909 mundo
1735 1830 1778 1889 Β

102 1960 349 2017 corpore
376 1944 632 2016 placere,
668 1944 920 2000 omnibus
958 1944 1149 2000 diebus
1178 1943 1287 1999 vite
1325 1958 1423 1999 sue
1469 1943 1703 2013 irrepre-

104 2037 464 2094 hensibiliter
512 2045 829 2093 sanctorum
860 2043 1077 2108 patrum
1124 2034 1371 2106 exempla
1415 2045 1702 2106 sequentes

104 2130 327 2185 s‘ervire
351 2129 588 2197 valeant,
621 2130 815 2202 bisque
842 2130 1013 2186 sacris
1043 2130 1363 2186 ministeriis
1405 2131 1700 2187 secundum

104 2229 267 2274 tuam
318 2220 685 2286 voluntatem,
737 2236 809 2291 qn
855 2220 954 2276 tibi
985 2221 1277 2291 placuerit,
1328 2222 1559 2294 expletis
1585 2237 1701 2278 cm-

102 2312 270 2367 lestis
317 2312 464 2384 regni
497 2312 722 2384 gloriam
773 2327 897 2368 cum
939 2312 1192 2369 omnibus
1240 2313 1346 2369 sibi
1396 2314 1701 2369 commissis

101 2401 400 2471 percipere
430 2410 760 2457 mereantur.
803 2401 907 2456 Per
956 2401 1093 2456 Dum
1144 2417 1267 2457 nrm
1307 2401 1495 2458 Jesum
1544 2402 1700 2459 Chri-

101 2504 287 2560 stum,
328 2502 433 2549 etc.

711 2584 793 2640 Ad
839 2585 1102 2640 casulam.

189 2679 333 2735 Deus
360 2677 481 2735 fons
513 2679 732 2750 pietatis
780 2688 836 2736 et
869 2680 1118 2750 justicie,
1153 2678 1244 2750 qui
1276 2677 1352 2733 tui
1383 2677 1566 2750 operis
1593 2677 1695 2733 mi-

103 2773 318 2827 nistros
343 2772 410 2827 ad
440 2781 742 2828 extremum
787 2772 1118 2829 vestimento
1163 2771 1369 2838 casule,
1400 2770 1554 2841 cujus
1579 2787 1698 2827 mu-

105 2861 322 2928 nimine
347 2860 524 2917 omnia
579 2869 891 2931 tegerentur
926 2862 1114 2917 vestiri
1143 2862 1412 2927 sanxisti;
1460 2860 1696 2917 concede

106 2951 479 3022 peticionibus
531 2952 753 3019 nostris,
786 2961 845 3006 nt
897 2968 1088 3009 onmes
1115 2953 1220 3009 hac
1241 2953 1457 3024 plaueta
1487 2952 1696 3019 induti,

106 3042 452 3098 enumeratis
478 3042 625 3098 intus
652 3044 893 3098 omnium
919 3044 1178 3100 virtutum
1203 3045 1543 3099 ornamentis
1580 3044 1696 3099 vin-

107 3135 297 3191 culum
327 3133 554 3207 paciﬁcc
596 3130 842 3191 caritatis
871 3150 1036 3206 super
1063 3135 1247 3190 omnia
1274 3136 1532 3197 habeant,
1587 3151 1694 3206 quo

105 3228 399 3299 perﬁcere,
427 3243 531 3300 que
556 3228 888 3296 desiderant,
924 3239 975 3287 te
996 3240 1294 3301 prestante,
1321 3230 1550 3288 valeant.

107 3321 215 3376 Per
242 3320 520 3377 Christum
556 3322 714 3377 Dum.

669 3415 752 3470 Ad
818 3417 1136 3487 corporalia.

175 3506 623 3562 Clementissime
670 3507 786 3564 Dne
812 3550 827 3575 ,
880 3509 1036 3580 cujus
1078 3509 1458 3581 inenarrabilis
1498 3510 1695 3576 virtus,

108 3597 272 3669 cujus
326 3596 569 3651 misteria
628 3598 883 3653 archanis
936 3598 1275 3654 mirabilibus
1311 3599 1692 3665 celebrantur;

108 3688 295 3741 tribue
341 3702 657 3759 quesumus,
703 3696 763 3743 nt
812 3688 1172 3744 lintheamina
1202 3697 1290 3744 tne
1337 3689 1694 3759 propiciacio-

111 3780 200 3833 nis
252 3779 631 3834 benedictione
686 3779 1140 3855 sancti-l-ﬁcentur
1166 3781 1232 3834 ad
1265 3779 1696 3835 consecrandum

113 3882 281 3939 super
308 3868 396 3923 illa
439 3867 646 3941 Corpus
671 3868 771 3924 Dui
801 3868 928 3926 Jesu
957 3870 1181 3937 Christi,
1224 3870 1316 3941 qui
1365 3879 1540 3927 tecum
1566 3871 1697 3926 vivit

109 3968 163 4014 et
194 3970 410 4030 regnat,
435 3969 542 4016 etc.

435 4052 569 4107 Item
622 4055 731 4129 alia
780 4054 1065 4110 benedictio
1116 4057 1186 4110 ad
1226 4056 1385 4113 idem.

181 4142 540 4213 Omnipotens
566 4145 891 4215 sempiterne
931 4146 1093 4214 Deus,
1138 4148 1368 4203 benedie
1394 4148 1698 4205 lintheaini-

109 4249 177 4288 na
232 4235 339 4290 ista
388 4234 455 4289 ad
510 4236 794 4308 tegendum
853 4238 1341 4308 involvendumque
1387 4254 1585 4310 corpus
1645 4247 1700 4296 et

109 4326 437 4396 sanguinem
480 4327 580 4382 Dni
608 4328 691 4384 nri
717 4327 845 4385 Iesu
871 4329 1098 4395 Christi,
1132 4330 1226 4401 qui
1256 4339 1454 4398 tecum,
1482 4340 1589 4387 etc.

108 4432 421 4496 Benedictio
477 4450 663 4511 patene
704 4482 720 4506 ,
762 4440 965 4511 rcalicis
1024 4452 1075 4497 et
1161 4443 1387 4498 aliorum
1453 4460 1694 4499 vasorum

664 4510 913 4567 ecclesire.
947 4550 962 4567 .
992 4548 1010 4568 .
1040 4511 1211 4586 (185.)

144 4650 153 4658 .
177 4601 621 4670 (Zonsecra-l-mus
648 4602 763 4657 Dne
791 4611 848 4658 et
874 4602 1326 4674 sanetifﬁcamus
1372 4590 1519 4662 hanc
1545 4616 1696 4678 pate-

110 4709 242 4749 nam
272 4692 342 4747 ad
368 4692 778 4763 confrigendum
818 4696 869 4750 in
903 4711 967 4750 ea
1010 4711 1209 4767 corpus
1241 4698 1340 4752 Dui
1368 4700 1537 4755 nostri
1566 4699 1719 4756 Iesu.

108 4783 321 4838 Christi
369 4783 634 4853 pacientis
685 4799 899 4842 crucem
938 4800 1039 4857 pro
1066 4787 1240 4842 salute
1286 4788 1528 4845 omnium
1551 4807 1692 4859 nrm,

109 4873 207 4944 qui
233 4888 356 4928 cum
385 4871 545 4930 Patre
567 4883 624 4930 et
656 4873 861 4944 Spiritu
897 4885 1108 4942 sancto,
1135 4885 1240 4935 etc.

636 4965 772 5021 Item
793 4966 901 5022 alia
927 4968 995 5022 ad
1021 4968 1181 5023 idem.

181 5055 545 5126 Omnipotens
593 5057 922 5126 sempiterne
944 5058 1103 5123 Deus,
1136 5059 1225 5130 qui
1264 5060 1516 5133 legalium
1543 5064 1698 5120 insti-

114 5155 270 5201 tutor
307 5160 366 5200 es
388 5145 708 5212 hostiarum,
738 5147 939 5218 quique
967 5147 1109 5203 inter
1131 5163 1225 5204 cas
1250 5164 1594 5221 conspersam
1623 5153 1698 5209 si-
1762 5164 1774 5173 “

113 5239 430 5310 milaginem
461 5239 661 5294 deferri
703 5241 757 5295 in
781 5240 993 5309 patenis
1029 5242 1211 5297 aureis
1231 5251 1286 5297 et
1313 5244 1587 5313 argenteis
1609 5234 1697 5299 ad

114 5333 293 5386 altare
324 5340 474 5386 tuum
523 5330 758 5400 jussisti,
814 5332 1178 5403 benefdicere
1208 5341 1265 5388 et
1309 5335 1699 5408 saneti-lﬁcare

115 5424 364 5495 digneris
390 5424 529 5479 hanc
573 5432 827 5495 patenam
858 5423 912 5479 in
951 5424 1504 5484 amministracionem
1533 5425 1697 5482 euka-

191 5578 344 5651 (187;)
379 5577 508 5651 Quae
534 5588 836 5651 sequuntur
863 5580 916 5637 in
946 5579 1008 5636 P.
1035 5580 1102 5636 Β.
1122 5582 1355 5638 variant.

154 5708 157 5711 λ
195 5648 346 5720 (ist)
378 5650 434 5703 In
463 5649 595 5705 om.
617 5648 759 5718 vui,
787 5649 945 5709 Mart.
974 5668 1027 5725 p.
1056 5653 1178 5711 745.
1210 5653 1280 5712 Et
1317 5652 1462 5713 utin
1506 5655 1695 5715 huma-

120 5734 271 5782 nam,
296 5730 400 5774 ειο.

196 5788 342 5861 (185)
370 5790 402 5844 1’.
435 5788 774 5861 perfundere.
798 5808 805 5815 '

1114 363 1302 422 ORDO
1336 362 1425 419 DE
1458 358 1910 417 DEDICATIONE
1949 359 2324 416 ECCLE-SIA'I.

3252 368 3385 422 H126

1735 472 1780 530 Α
1812 470 1961 523 ristic
1999 469 2124 524 Jesn
2168 470 2371 526 Christi
2419 472 2511 526 ﬁlii
2546 472 2618 527 tui
2651 472 2750 528 Dni
2778 474 2881 540 uri,
2916 475 3006 545 qui
3057 490 3157 546 pro
3200 487 3384 534 nostra

1808 563 2160 633 omniumque
2191 564 2363 619 salute
2406 565 2498 620 tibi
2531 566 2641 621 Deo
2670 568 2807 637 patri
2841 569 2894 623 in
2943 570 3182 640 patibulo
3208 574 3387 627 crucis

1807 652 1967 724 elegit
2005 654 2293 721 immolari,
2320 656 2412 725 qui
2444 665 2620 713 tecum
2661 658 2795 713 vivit
2822 669 2879 715 et
2911 669 3122 732 regnat,
3146 672 3254 718 ete.
3281 662 3383 718 Hic

1806 744 1970 815 faciat
2018 762 2224 801 crucem
2268 763 2386 802 cum
2431 750 2672 804 crismate
2712 766 2869 819 super
2893 761 3135 821 patenam
3174 754 3387 809 trahens

1803 836 2042 906 pollicem
2067 854 2131 893 ea:
2158 839 2375 894 adverso
2420 842 2476 895 in
2505 840 2718 912 longum
2757 853 2805 897 et
2834 844 2886 898 in
2923 843 3085 898 latum
3108 854 3155 900 et
3186 846 3328 901 dicat
3363 860 3383 899 :

1804 927 2185 1000 Cnnsecra-l-re
2203 969 2218 996 ,
2242 939 2298 985 ct
2321 932 2710 1007 saneti-l-ﬁcarei
2727 934 2965 1005 digneris
2991 935 3105 991 Dne
3131 946 3385 1007 patenam

1809 1021 1949 1077 hanc
1989 1037 2088 1093 per
2114 1023 2275 1078 istam
2326 1026 2637 1080 unctionem
2665 1006 2722 1081 et
2753 1041 2851 1097 per
2876 1042 3031 1083 nram
3061 1006 3388 1085 benedictio-

1804 1127 1927 1168 nem
1960 1114 2013 1168 in
2037 1114 2256 1171 Christo
2284 1114 2410 1171 Jesu
2440 1116 2558 1173 Dno
2592 1125 2802 1184 nostro,
2826 1118 2917 1190 qui
2948 1128 3148 1174 tecum.

2426 1206 2508 1260 Ad
2533 1206 2770 1263 calicem.

1873 1294 1985 1351 Pax
2019 1305 2218 1353 tecum.
2251 1296 2463 1352 Etcum
2494 1297 2687 1368 spiritu
2721 1307 2854 1353 tuo.
2881 1298 3113 1353 Oremus
3140 1297 3385 1353 dilectis-

1805 1387 1925 1443 simi
1956 1386 2189 1444 fratres?
2236 1396 2296 1443 ut
2318 1387 2462 1443 Deus
2487 1397 2541 1442 et
2568 1387 2716 1443 Dnus
2745 1396 2929 1444 noster
2955 1388 3113 1444 Jesus
3133 1388 3387 1444 Christus

1804 1480 2029 1537 calicem
2052 1481 2198 1537 hunc
2226 1480 2280 1536 in
2306 1495 2463 1536 usum
2506 1480 2590 1535 sui
2622 1479 2910 1536 ministerii
2951 1479 3382 1535 consecrandum

1805 1569 2020 1626 celestis
2047 1571 2223 1643 gratie
2260 1571 2624 1642 inspiracione
2651 1569 2999 1641 saneti-l-ﬁcet
3026 1569 3175 1640 (184)
3198 1577 3259 1624 ιιι
3278 1570 3383 1623 hu-

1804 1677 2021 1718 manam
2067 1662 2500 1719 benedictionem
2532 1662 2929 1734 plenitudinem
2975 1661 3144 1719 divini
3168 1659 3379 1716 favoris

1805 1754 2143 1823 accomodet,
2171 1755 2263 1826 qui
2293 1755 2447 1810 vivit.

2293 1845 2429 1901 Item
2456 1845 2566 1900 alia
2593 1844 2899 1901 benedictio.

1877 1938 2114 2009 Dignare
2164 1937 2387 1992 Domine
2422 1935 2661 1990 Calicem
2707 1935 2869 1990 istum
2912 1934 3270 2005 lienedifcere
3322 1933 3378 1991 in

1805 2044 1960 2084 usum
1992 2027 2277 2083 ministerii
2309 2027 2383 2082 tui
2407 2036 2464 2082 et
2491 2027 2578 2096 pia
2615 2025 2910 2081 famulatus
2934 2024 3228 2081 devocione
3266 2020 3382 2078 for-

1803 2126 2007 2172 matum
2027 2132 2089 2172 ea
2125 2115 2609 2187 sanetiﬁi-cacione
2646 2115 2907 2187 perfunde
2936 2116 3084 2189 (185)
3114 2130 3220 2187 qua
3254 2116 3379 2173 Mel-

1803 2206 2091 2262 chisedech
2124 2205 2313 2260 famuli
2347 2206 2421 2260 tui
2471 2215 2748 2261 sacratum
2778 2204 3004 2261 calicem
3045 2204 3328 2276 perfudisti
3360 2208 3384 2261 ?

1802 2308 1859 2355 et
1884 2300 2027 2371 quod
2051 2308 2171 2355 arte
2197 2298 2281 2354 vel
2306 2298 2507 2354 metalli
2536 2298 2714 2354 oﬁicio
2738 2308 2825 2354 est
2843 2300 3197 2368 compositum
3229 2300 3380 2371 (l86)

1802 2392 2065 2449 altaribus
2102 2391 2207 2447 tuis
2235 2392 2456 2463 dignum
2502 2391 2597 2446 ﬁat
2620 2400 2707 2445 tua
2734 2391 3108 2446 benedictione
3133 2390 3378 2446 sanctiﬁ-

1802 2496 1982 2546 catum
2007 2502 2104 2558 per
2130 2485 2406 2541 Christum
2436 2484 2573 2539 Dnm
2600 2492 2868 2540 nostrum.
2901 2482 3004 2539 Hic
3049 2483 3210 2552 faciat
3260 2499 3381 2535 cru-

1800 2595 1910 2636 cem
1952 2584 2071 2632 cum
2105 2578 2349 2631 crismate
2382 2575 2522 2645 infra
2559 2591 2842 2630 concavum
2886 2576 3097 2630 trahens
3142 2574 3378 2643 pollicem

1800 2686 1867 2725 ex
1895 2668 2113 2724 adverso
2133 2667 2186 2737 in
2213 2667 2426 2738 longum
2449 2676 2495 2721 et
2532 2665 2697 2720 latum
2716 2676 2765 2721 et
2793 2666 2930 2720 dicat
2954 2681 2974 2720 :
3002 2665 3379 2735 Conse-l-crare

1800 2768 1857 2814 et
1917 2758 2309 2827 saneti-l-ticare.
2366 2756 2604 2827 digneris
2653 2755 2765 2811 Due
2826 2741 3053 2811 calicem
3102 2755 3245 2811 hunc
3282 2769 3381 2825 per

1801 2849 1959 2905 istam
1990 2849 2300 2904 unctionem
2321 2857 2377 2903 et
2403 2856 2644 2903 nostram
2672 2847 3104 2903 benedictionem
3142 2847 3196 2902 in
3222 2846 3383 2903 Chri-

1801 2950 1886 2998 sto
1913 2939 2042 2996 Iesu
2076 2941 2192 2995 Dno
2219 2947 2431 3005 nostro,
2459 2939 2550 3011 qui
2578 2948 2778 2994 tecum.

1942 3031 2244 3087 Benedictio
2281 3047 2437 3103 super
2465 3030 2678 3086 calicem
2697 3031 2814 3101 jam
2859 3043 3237 3088 consecratum.

1872 3122 2225 3194 Omnipotens
2296 3122 2627 3192 sempiterne
2665 3120 2826 3188 Deus,
2883 3123 3134 3179 manibus
3181 3124 3382 3178 nostris

1797 3228 2104 3283 quaesumus
2152 3227 2312 3283 opem
2343 3221 2432 3267 tne
2461 3211 2855 3268 benedictionis
2877 3212 3131 3279 infunde;
3177 3223 3238 3270 ut
3284 3230 3405 3283 per.

1799 3312 2043 3359 nostram
2072 3303 2504 3360 benedictionem
2543 3304 2647 3358 hoc
2672 3304 2951 3359 vasculum
2985 3304 3380 3369 sanctiﬁcetur,

1797 3404 1852 3452 et
1875 3395 2122 3466 corporis
2145 3403 2202 3451 et
2230 3395 2511 3466 sanguinis
2548 3394 2650 3449 Dni
2679 3395 2764 3450 nri
2792 3394 2920 3452 Jesu
2947 3396 3148 3452 Christi
3181 3412 3378 3452 novum

1798 3489 2146 3559 sepulchrum
2197 3487 2439 3559 Spiritus
2476 3490 2648 3545 sancti
2696 3490 2869 3561 gratia
2907 3490 3245 3561 perﬁciatur.
3277 3490 3381 3546 Per

1797 3580 2071 3635 Christum
2094 3580 2251 3634 Dum.
2283 3581 2350 3635 Et
2383 3589 2507 3634 tunc
2535 3591 2776 3651 aspergat
2802 3591 3044 3647 patenum
3075 3591 3123 3636 et
3165 3581 3381 3636 calicem

1798 3688 1916 3725 cum
1945 3688 2082 3742 aqua
2119 3671 2385 3726 benedicta
2417 3712 2434 3738 ,
2485 3681 2533 3726 et
2556 3672 2697 3727 dicat
2728 3692 2747 3730 :
2793 3671 2849 3726 In
2882 3673 3097 3728 nomine
3133 3671 3381 3743 Pa-l'tris,

1799 3772 1855 3819 et
1878 3763 2067 3834 Fi-l-lii,
2101 3774 2155 3820 et
2185 3763 2635 3837 Spiritus-{sancti
2665 3766 2980 3821 benedictus
2995 3766 3082 3820 sit.

2223 3878 2305 3933 Ad
2338 3879 2605 3934 vasculum
2633 3876 2951 3935 Eukaristic.

1867 3969 2097 4026 Oremus
2116 3969 2391 4026 karissimi
2418 3969 2636 4035 fratres,
2663 3980 2721 4026 ut
2742 3971 2882 4027 Deus
2904 3972 3246 4042 omnipotens
3275 3972 3379 4028 hnc

1797 4060 2073 4116 vasculum
2106 4061 2350 4132 corporis
2396 4060 2518 4116 Filii
2549 4062 2631 4117 sui
2663 4063 2761 4117 Dui
2804 4063 2975 4118 nostri
3013 4062 3140 4118 Jesu
3177 4063 3379 4119 Christi

1800 4152 2045 4224 gerulum
2076 4168 2170 4208 sue
2199 4153 2595 4210 benedictionis
2625 4156 2887 4209 tutamine
2912 4155 3141 4224 Filiique
3171 4156 3252 4210 sui
3280 4155 3380 4209 Dni

1800 4244 1970 4299 nostri
2019 4260 2242 4300 munere
2296 4260 2362 4301 ac
2405 4242 2640 4315 Spiritus
2689 4228 2864 4301 sancti
2905 4247 3104 4301 virtute
3156 4245 3380 4316 implere

1798 4336 2050 4407 dignetur
2092 4352 2191 4406 per
2213 4337 2487 4394 Christum
2518 4336 2650 4392 Dmn
2697 4349 2961 4393 nostrum.
3003 4335 3121 4391 Hac
3143 4338 3380 4392 oratione
3410 4400 3417 4409 ι

1799 4428 1942 4483 dicta
1994 4438 2302 4500 aspergatur
2347 4427 2615 4484 vasculum
2668 4447 2808 4501 aqua
2849 4427 3208 4495 benedicta,et
3237 4427 3381 4481 dica-

1729 4547 1776 4605 ο
1801 4529 1890 4572 tur
1919 4532 1936 4569 :
1965 4518 2023 4572 ln
2064 4519 2281 4574 nomine
2304 4517 2482 4575 Patris
2508 4528 2564 4573 et
2590 4518 2692 4572 Fil.
2724 4528 2780 4572 ut
2801 4533 2982 4586 supra.

2050 4610 2350 4665 Benedictio
2385 4609 2689 4665 vexillorum
2729 4619 2776 4663 et
2807 4610 3129 4679 ymaginnm.

1871 4705 2227 4775 Omnipotens
2279 4705 2609 4774 sempiterne
2644 4704 2808 4771 Deus,
2836 4702 2944 4774 .qui
2974 4717 3037 4759 es
3060 4711 3380 4758 cunctorum

1802 4797 2127 4869 benedictio,
2176 4805 2232 4852 et
2269 4796 2742 4868 tryumphancium
2823 4794 3101 4862 fortitudo,
3172 4795 3383 4866 respice

1805 4888 2080 4960 propicius
2130 4888 2200 4943 ad
2252 4902 2441 4958 preces
2498 4886 2820 4941 humilitatis
2890 4896 3095 4953 nostre,
3152 4894 3208 4941 et
3275 4887 3381 4941 hoc

1807 4981 2079 5045 vexillum,
2118 4980 2262 5051 quod
2291 4980 2485 5035 bellico
2511 4978 2629 5034 usui
2659 4989 3020 5050 praeparatum
3064 4986 3170 5040 est,
3197 4977 3382 5032 celesti

1805 5071 2180 5127 benedictione
2233 5070 2581 5142 sanctifﬁca,
2637 5080 2698 5125 ut
2742 5079 2932 5126 contra
2956 5067 3299 5124 adversarias
3328 5075 3384 5119 et

1807 5161 2037 5217 rebelles
2060 5161 2316 5217 naciones
2342 5160 2686 5227 sitvalidum,
2718 5171 2916 5230 tuoque
2946 5157 3251 5222 munimine
3281 5155 3383 5211 cir-

1806 5263 2164 5325 cumseptum.
2197 5252 2389 5324 Sitque
2433 5254 2668 5310 inimicis
2696 5253 2982 5311 christiani
3012 5250 3193 5323 populi
3225 5249 3384 5304 terri-

1766 5345 1936 5412 ‘bile,
1989 5354 2151 5416 atque
2190 5346 2243 5400 in
2294 5355 2348 5402 te
2395 5344 2791 5402 conlidentibus
2833 5342 3270 5404 solidamentum,
3328 5342 3384 5392 et

1804 5440 2031 5496 victoris
2061 5448 2208 5496 certa
2239 5436 2453 5496 ﬁducia.
2480 5438 2559 5493 Tu
2585 5454 2645 5494 es
2669 5437 2813 5493 enim
2838 5429 2999 5501 Deus,
3023 5433 3113 5504 qui
3145 5429 3385 5521 conteris

1873 5574 2020 5664 (186)
2050 5592 2106 5647 In
2135 5592 2268 5649 0rd.
2291 5592 2381 5664 ιγ,
2409 5607 2464 5663 p.
2498 5590 2623 5646 715.
2644 5588 2885 5664 _Et»quod
2914 5597 3034 5664 arte
3056 5585 3142 5641 vel
3165 5583 3385 5664 metallo

1958 5656 2267 5746 nonpotest
2293 5656 2554 5746 altaribus
2583 5662 2702 5746 tuis”
2709 5656 2953 5746 dignum,
2947 5657 3072 5746 “ﬁat
3101 5668 3191 5712 tua
3221 5656 3405 5711 bene»

1805 5733 2039 5791 dictione
2060 5728 2278 5806 dignum
2309 5742 2472 5803 atque
2492 5728 2912 5788 sanctiﬁcatum.
2945 5728 3071 5786 Per.
