  <div class='ocr_page' id='page_1' title='image "/cluster/home/n/w/nwhite01/storage/ocr_20150623/138/hvd.32044015471774/519.png"; bbox 0 0 3902 5334; ppageno 0'>
   <div class='ocr_carea' id='block_1_1' title="bbox 580 300 708 358">
    <p class='ocr_par' dir='ltr' id='par_1_1' title="bbox 580 300 708 358">
     <span class='ocr_line' id='line_1_1' title="bbox 580 300 708 358; baseline 0 -2"><span class='ocrx_word' id='word_1_1' title='bbox 580 300 708 358; x_wconf 71' lang='grc'>1027</span> 
     </span>
    </p>
   </div>
   <div class='ocr_carea' id='block_1_2' title="bbox 1426 300 3026 363">
    <p class='ocr_par' dir='ltr' id='par_1_2' title="bbox 1426 300 3026 363">
     <span class='ocr_line' id='line_1_2' title="bbox 1426 300 3026 363; baseline 0.004 -9"><span class='ocrx_word' id='word_1_2' title='bbox 1426 301 1709 356; x_wconf 72' lang='lat' dir='ltr'><strong>AI‘PEND.</strong></span> <span class='ocrx_word' id='word_1_3' title='bbox 1754 300 1842 355; x_wconf 85' lang='lat' dir='ltr'><strong>AD</strong></span> <span class='ocrx_word' id='word_1_4' title='bbox 1883 301 2056 357; x_wconf 56' lang='lat' dir='ltr'><strong>SEC.</strong></span> <span class='ocrx_word' id='word_1_5' title='bbox 2085 300 2149 357; x_wconf 82' lang='lat' dir='ltr'><strong>X.</strong></span> <span class='ocrx_word' id='word_1_6' title='bbox 2188 333 2257 342; x_wconf 89' lang='lat'><strong>-—-</strong></span> <span class='ocrx_word' id='word_1_7' title='bbox 2285 301 2713 360; x_wconf 74' lang='lat' dir='ltr'><strong>MONUMENTA</strong></span> <span class='ocrx_word' id='word_1_8' title='bbox 2751 305 3026 363; x_wconf 73' lang='lat' dir='ltr'><strong>LITURG.</strong></span> 
     </span>
    </p>
   </div>
   <div class='ocr_carea' id='block_1_3' title="bbox 3670 319 3770 376">
    <p class='ocr_par' dir='ltr' id='par_1_3' title="bbox 3670 319 3770 376">
     <span class='ocr_line' id='line_1_3' title="bbox 3670 319 3770 376; baseline 0.02 -2"><span class='ocrx_word' id='word_1_9' title='bbox 3670 319 3770 376; x_wconf 68' lang='grc' dir='ltr'><strong>ωιι</strong></span> 
     </span>
    </p>
   </div>
   <div class='ocr_carea' id='block_1_4' title="bbox 578 411 3769 495">
    <p class='ocr_par' dir='ltr' id='par_1_4' title="bbox 578 411 3769 495">
     <span class='ocr_line' id='line_1_4' title="bbox 578 411 3769 495; baseline 0.002 -25"><span class='ocrx_word' id='word_1_10' title='bbox 578 416 739 478; x_wconf 72' lang='lat' dir='ltr'><strong>bella,</strong></span> <span class='ocrx_word' id='word_1_11' title='bbox 764 423 820 470; x_wconf 90' lang='lat' dir='ltr'><strong>et</strong></span> <span class='ocrx_word' id='word_1_12' title='bbox 857 413 1054 469; x_wconf 88' lang='lat' dir='ltr'><strong>celeste</strong></span> <span class='ocrx_word' id='word_1_13' title='bbox 1088 411 1382 483; x_wconf 85' lang='lat' dir='ltr'><strong>presidium</strong></span> <span class='ocrx_word' id='word_1_14' title='bbox 1413 413 1464 465; x_wconf 92' lang='lat' dir='ltr'><strong>in</strong></span> <span class='ocrx_word' id='word_1_15' title='bbox 1501 419 1555 466; x_wconf 90' lang='lat' dir='ltr'><strong>te</strong></span> <span class='ocrx_word' id='word_1_16' title='bbox 1581 411 1927 481; x_wconf 85' lang='lat' dir='ltr'><strong>sperantibus</strong></span> <span class='ocrx_word' id='word_1_17' title='bbox 1948 425 2159 480; x_wconf 83' lang='lat' dir='ltr'><strong>semper</strong></span> <span class='ocrx_word' id='word_1_18' title='bbox 2188 418 2232 474; x_wconf 86' lang='grc' dir='ltr'><strong>Λ</strong></span> <span class='ocrx_word' id='word_1_19' title='bbox 2265 412 2440 466; x_wconf 90' lang='lat' dir='ltr'><strong>minus</strong></span> <span class='ocrx_word' id='word_1_20' title='bbox 2500 415 2893 469; x_wconf 77' lang='lat' dir='ltr'><strong>dominantium</strong></span> <span class='ocrx_word' id='word_1_21' title='bbox 2920 457 2935 481; x_wconf 94' lang='lat'><strong>,</strong></span> <span class='ocrx_word' id='word_1_22' title='bbox 2989 417 3242 480; x_wconf 82' lang='lat' dir='ltr'><strong>sacerdos</strong></span> <span class='ocrx_word' id='word_1_23' title='bbox 3291 421 3527 476; x_wconf 87' lang='lat' dir='ltr'><strong>omnium</strong></span> <span class='ocrx_word' id='word_1_24' title='bbox 3578 429 3769 495; x_wconf 63' lang='lat' dir='ltr'><strong>pontifex</strong></span> 
     </span>
    </p>
   </div>
   <div class='ocr_carea' id='block_1_5' title="bbox 493 501 1842 574">
    <p class='ocr_par' dir='ltr' id='par_1_5' title="bbox 493 501 1842 574">
     <span class='ocr_line' id='line_1_5' title="bbox 493 501 1842 574; baseline -0.002 -15"><span class='ocrx_word' id='word_1_25' title='bbox 493 503 502 511; x_wconf 86' lang='grc'><em>’</em></span> <span class='ocrx_word' id='word_1_26' title='bbox 581 506 735 560; x_wconf 83' lang='lat' dir='ltr'><strong>addis</strong></span> <span class='ocrx_word' id='word_1_27' title='bbox 757 520 1004 560; x_wconf 88' lang='lat' dir='ltr'><strong>securum</strong></span> <span class='ocrx_word' id='word_1_28' title='bbox 1029 513 1083 558; x_wconf 89' lang='lat' dir='ltr'><strong>et</strong></span> <span class='ocrx_word' id='word_1_29' title='bbox 1110 510 1374 574; x_wconf 87' lang='lat' dir='ltr'><strong>optatum.</strong></span> <span class='ocrx_word' id='word_1_30' title='bbox 1411 501 1515 555; x_wconf 84' lang='lat' dir='ltr'><strong>Per</strong></span> <span class='ocrx_word' id='word_1_31' title='bbox 1538 501 1672 554; x_wconf 88' lang='lat' dir='ltr'><strong>Dmn</strong></span> <span class='ocrx_word' id='word_1_32' title='bbox 1703 517 1842 556; x_wconf 90' lang='lat' dir='ltr'><strong>nrm.</strong></span> 
     </span>
    </p>
   </div>
   <div class='ocr_carea' id='block_1_6' title="bbox 988 593 1744 665">
    <p class='ocr_par' dir='ltr' id='par_1_6' title="bbox 988 593 1744 665">
     <span class='ocr_line' id='line_1_6' title="bbox 988 593 1744 665; baseline -0.003 -16"><span class='ocrx_word' id='word_1_33' title='bbox 988 596 1069 649; x_wconf 72' lang='lat' dir='ltr'><strong>Ad</strong></span> <span class='ocrx_word' id='word_1_34' title='bbox 1115 595 1382 665; x_wconf 83' lang='lat' dir='ltr'><strong>ymagines</strong></span> <span class='ocrx_word' id='word_1_35' title='bbox 1437 593 1744 647; x_wconf 78' lang='lat' dir='ltr'><strong>benedictio.</strong></span> 
     </span>
    </p>
   </div>
   <div class='ocr_carea' id='block_1_7' title="bbox 639 681 2158 758">
    <p class='ocr_par' dir='ltr' id='par_1_7' title="bbox 639 681 2158 758">
     <span class='ocr_line' id='line_1_7' title="bbox 639 681 2158 758; baseline -0.007 -13"><span class='ocrx_word' id='word_1_36' title='bbox 639 691 944 758; x_wconf 86' lang='lat' dir='ltr'><strong>Quesumus</strong></span> <span class='ocrx_word' id='word_1_37' title='bbox 970 687 1314 756; x_wconf 88' lang='lat' dir='ltr'><strong>omnipotens</strong></span> <span class='ocrx_word' id='word_1_38' title='bbox 1342 685 1482 738; x_wconf 86' lang='lat' dir='ltr'><strong>Deus</strong></span> <span class='ocrx_word' id='word_1_39' title='bbox 1514 682 1894 738; x_wconf 15' lang='lat' dir='ltr'><strong>indcel&#39;ectivam</strong></span> <span class='ocrx_word' id='word_1_40' title='bbox 1925 681 2158 738; x_wconf 89' lang='lat' dir='ltr'><strong>clemen-</strong></span> 
     </span>
    </p>
   </div>
   <div class='ocr_carea' id='block_1_8' title="bbox 580 773 2158 844">
    <p class='ocr_par' dir='ltr' id='par_1_8' title="bbox 580 773 2158 844">
     <span class='ocr_line' id='line_1_8' title="bbox 580 773 2158 844; baseline -0.008 -8"><span class='ocrx_word' id='word_1_41' title='bbox 580 784 719 836; x_wconf 90' lang='lat' dir='ltr'><strong>ciam</strong></span> <span class='ocrx_word' id='word_1_42' title='bbox 755 791 927 844; x_wconf 89' lang='lat' dir='ltr'><strong>tuam,</strong></span> <span class='ocrx_word' id='word_1_43' title='bbox 972 785 1034 832; x_wconf 93' lang='lat' dir='ltr'><strong>ut</strong></span> <span class='ocrx_word' id='word_1_44' title='bbox 1075 777 1180 832; x_wconf 92' lang='lat' dir='ltr'><strong>hoc</strong></span> <span class='ocrx_word' id='word_1_45' title='bbox 1211 775 1628 830; x_wconf 88' lang='lat' dir='ltr'><strong>instrumentum</strong></span> <span class='ocrx_word' id='word_1_46' title='bbox 1679 773 2003 829; x_wconf 89' lang='lat' dir='ltr'><strong>Sanctorum</strong></span> <span class='ocrx_word' id='word_1_47' title='bbox 2040 781 2158 826; x_wconf 88' lang='lat' dir='ltr'><strong>tuo-</strong></span> 
     </span>
    </p>
   </div>
   <div class='ocr_carea' id='block_1_9' title="bbox 582 865 2160 938">
    <p class='ocr_par' dir='ltr' id='par_1_9' title="bbox 582 865 2160 938">
     <span class='ocr_line' id='line_1_9' title="bbox 582 865 2160 938; baseline -0.008 -10"><span class='ocrx_word' id='word_1_48' title='bbox 582 891 698 928; x_wconf 89' lang='lat' dir='ltr'><strong>rum</strong></span> <span class='ocrx_word' id='word_1_49' title='bbox 743 871 1100 928; x_wconf 75' lang='lat' dir='ltr'><strong>honoriﬁcum</strong></span> <span class='ocrx_word' id='word_1_50' title='bbox 1151 869 1338 924; x_wconf 83' lang='lat' dir='ltr'><strong>dextra</strong></span> <span class='ocrx_word' id='word_1_51' title='bbox 1382 866 1682 938; x_wconf 68' lang='lat' dir='ltr'><strong>Maiestatis</strong></span> <span class='ocrx_word' id='word_1_52' title='bbox 1731 875 1820 919; x_wconf 88' lang='lat' dir='ltr'><strong>tne</strong></span> <span class='ocrx_word' id='word_1_53' title='bbox 1874 865 2160 938; x_wconf 86' lang='lat' dir='ltr'><strong>dignanter</strong></span> 
     </span>
    </p>
   </div>
   <div class='ocr_carea' id='block_1_10' title="bbox 577 947 2158 1027">
    <p class='ocr_par' dir='ltr' id='par_1_10' title="bbox 577 947 2158 1027">
     <span class='ocr_line' id='line_1_10' title="bbox 577 947 2158 1027; baseline -0.007 -11"><span class='ocrx_word' id='word_1_54' title='bbox 577 973 824 1027; x_wconf 78' lang='lat' dir='ltr'><strong>extensa,</strong></span> <span class='ocrx_word' id='word_1_55' title='bbox 855 953 1165 1016; x_wconf 74' lang='lat' dir='ltr'><strong>misericors</strong></span> <span class='ocrx_word' id='word_1_56' title='bbox 1193 967 1247 1014; x_wconf 89' lang='lat' dir='ltr'><strong>et</strong></span> <span class='ocrx_word' id='word_1_57' title='bbox 1285 947 1529 1027; x_wconf 68' lang='lat' dir='ltr'><strong>placidus</strong></span> <span class='ocrx_word' id='word_1_58' title='bbox 1554 949 1921 1026; x_wconf 57' lang='lat' dir='ltr'><strong>benef-dicas,</strong></span> <span class='ocrx_word' id='word_1_59' title='bbox 1955 965 2014 1008; x_wconf 85' lang='lat' dir='ltr'><strong>ut</strong></span> <span class='ocrx_word' id='word_1_60' title='bbox 2039 953 2158 1022; x_wconf 90' lang='lat' dir='ltr'><strong>qui-</strong></span> 
     </span>
    </p>
   </div>
   <div class='ocr_carea' id='block_1_11' title="bbox 577 1045 2156 1121">
    <p class='ocr_par' dir='ltr' id='par_1_11' title="bbox 577 1045 2156 1121">
     <span class='ocr_line' id='line_1_11' title="bbox 577 1045 2156 1121; baseline -0.007 -15"><span class='ocrx_word' id='word_1_61' title='bbox 577 1067 790 1121; x_wconf 80' lang='lat' dir='ltr'><strong>cunque</strong></span> <span class='ocrx_word' id='word_1_62' title='bbox 817 1050 1028 1105; x_wconf 92' lang='lat' dir='ltr'><strong>illorum</strong></span> <span class='ocrx_word' id='word_1_63' title='bbox 1056 1047 1377 1118; x_wconf 89' lang='lat' dir='ltr'><strong>patrocinia,</strong></span> <span class='ocrx_word' id='word_1_64' title='bbox 1418 1045 1501 1102; x_wconf 88' lang='lat' dir='ltr'><strong>vel</strong></span> <span class='ocrx_word' id='word_1_65' title='bbox 1525 1060 1632 1115; x_wconf 90' lang='lat' dir='ltr'><strong>quo</strong></span> <span class='ocrx_word' id='word_1_66' title='bbox 1662 1045 1841 1099; x_wconf 92' lang='lat' dir='ltr'><strong>minus</strong></span> <span class='ocrx_word' id='word_1_67' title='bbox 1867 1054 2156 1114; x_wconf 83' lang='lat' dir='ltr'><strong>expecten-</strong></span> 
     </span>
    </p>
   </div>
   <div class='ocr_carea' id='block_1_12' title="bbox 576 1136 2156 1209">
    <p class='ocr_par' dir='ltr' id='par_1_12' title="bbox 576 1136 2156 1209">
     <span class='ocr_line' id='line_1_12' title="bbox 576 1136 2156 1209; baseline -0.006 -12"><span class='ocrx_word' id='word_1_68' title='bbox 576 1155 681 1208; x_wconf 84' lang='lat' dir='ltr'><strong>tes,</strong></span> <span class='ocrx_word' id='word_1_69' title='bbox 725 1143 805 1197; x_wconf 90' lang='lat' dir='ltr'><strong>vel</strong></span> <span class='ocrx_word' id='word_1_70' title='bbox 841 1142 1054 1198; x_wconf 86' lang='lat' dir='ltr'><strong>eminus</strong></span> <span class='ocrx_word' id='word_1_71' title='bbox 1091 1140 1413 1204; x_wconf 79' lang='lat' dir='ltr'><strong>recolentes,</strong></span> <span class='ocrx_word' id='word_1_72' title='bbox 1466 1137 1650 1209; x_wconf 84' lang='lat' dir='ltr'><strong>pietati</strong></span> <span class='ocrx_word' id='word_1_73' title='bbox 1681 1145 1772 1191; x_wconf 91' lang='lat' dir='ltr'><strong>tue</strong></span> <span class='ocrx_word' id='word_1_74' title='bbox 1809 1136 1950 1191; x_wconf 87' lang='lat' dir='ltr'><strong>lldeli</strong></span> <span class='ocrx_word' id='word_1_75' title='bbox 1997 1137 2156 1190; x_wconf 83' lang='lat' dir='ltr'><strong>devo-</strong></span> 
     </span>
    </p>
   </div>
   <div class='ocr_carea' id='block_1_13' title="bbox 575 1227 2154 1300">
    <p class='ocr_par' dir='ltr' id='par_1_13' title="bbox 575 1227 2154 1300">
     <span class='ocr_line' id='line_1_13' title="bbox 575 1227 2154 1300; baseline -0.004 -14"><span class='ocrx_word' id='word_1_76' title='bbox 575 1234 731 1287; x_wconf 84' lang='lat' dir='ltr'><strong>cione</strong></span> <span class='ocrx_word' id='word_1_77' title='bbox 799 1232 864 1286; x_wconf 91' lang='lat' dir='ltr'><strong>de</strong></span> <span class='ocrx_word' id='word_1_78' title='bbox 913 1243 1238 1300; x_wconf 90' lang='lat' dir='ltr'><strong>quacunque</strong></span> <span class='ocrx_word' id='word_1_79' title='bbox 1285 1229 1614 1284; x_wconf 80' lang='lat' dir='ltr'><strong>necessitate</strong></span> <span class='ocrx_word' id='word_1_80' title='bbox 1687 1227 2110 1298; x_wconf 87' lang='lat' dir='ltr'><strong>supplicaverint</strong></span> <span class='ocrx_word' id='word_1_81' title='bbox 2139 1267 2154 1292; x_wconf 95' lang='lat'><strong>,</strong></span> 
     </span>
    </p>
   </div>
   <div class='ocr_carea' id='block_1_14' title="bbox 573 1319 2156 1396">
    <p class='ocr_par' dir='ltr' id='par_1_14' title="bbox 573 1319 2156 1396">
     <span class='ocr_line' id='line_1_14' title="bbox 573 1319 2156 1396; baseline -0.004 -18"><span class='ocrx_word' id='word_1_82' title='bbox 573 1334 754 1396; x_wconf 88' lang='lat' dir='ltr'><strong>optata</strong></span> <span class='ocrx_word' id='word_1_83' title='bbox 805 1323 1187 1379; x_wconf 88' lang='lat' dir='ltr'><strong>eonsolacione</strong></span> <span class='ocrx_word' id='word_1_84' title='bbox 1253 1336 1318 1377; x_wconf 91' lang='lat' dir='ltr'><strong>ac</strong></span> <span class='ocrx_word' id='word_1_85' title='bbox 1365 1319 1644 1391; x_wconf 89' lang='lat' dir='ltr'><strong>juvamine</strong></span> <span class='ocrx_word' id='word_1_86' title='bbox 1705 1319 2009 1390; x_wconf 89' lang='lat' dir='ltr'><strong>pociantur,</strong></span> <span class='ocrx_word' id='word_1_87' title='bbox 2061 1334 2156 1388; x_wconf 88' lang='lat' dir='ltr'><strong>per</strong></span> 
     </span>
    </p>
   </div>
   <div class='ocr_carea' id='block_1_15' title="bbox 575 1419 880 1471">
    <p class='ocr_par' dir='ltr' id='par_1_15' title="bbox 575 1419 880 1471">
     <span class='ocr_line' id='line_1_15' title="bbox 575 1419 880 1471; baseline -0.007 0"><span class='ocrx_word' id='word_1_88' title='bbox 575 1419 711 1471; x_wconf 90' lang='lat' dir='ltr'><strong>Dnm</strong></span> <span class='ocrx_word' id='word_1_89' title='bbox 741 1432 880 1470; x_wconf 91' lang='lat' dir='ltr'><strong>nrm.</strong></span> 
     </span>
    </p>
   </div>
   <div class='ocr_carea' id='block_1_16' title="bbox 574 1506 2152 1571">
    <p class='ocr_par' dir='ltr' id='par_1_16' title="bbox 574 1506 2152 1571">
     <span class='ocr_line' id='line_1_16' title="bbox 574 1506 2152 1571; baseline -0.004 -9"><span class='ocrx_word' id='word_1_90' title='bbox 574 1508 875 1563; x_wconf 82' lang='lat' dir='ltr'><strong>Benedictio</strong></span> <span class='ocrx_word' id='word_1_91' title='bbox 890 1507 1272 1571; x_wconf 84' lang='lat' dir='ltr'><strong>lin&#39;emninum,</strong></span> <span class='ocrx_word' id='word_1_92' title='bbox 1295 1506 1512 1560; x_wconf 81' lang='lat' dir='ltr'><strong>uestium</strong></span> <span class='ocrx_word' id='word_1_93' title='bbox 1539 1515 1585 1559; x_wconf 90' lang='lat' dir='ltr'><strong>et</strong></span> <span class='ocrx_word' id='word_1_94' title='bbox 1601 1520 1844 1559; x_wconf 83' lang='lat' dir='ltr'><strong>vasorum</strong></span> <span class='ocrx_word' id='word_1_95' title='bbox 1862 1519 2152 1558; x_wconf 77' lang='lat' dir='ltr'><strong>sacrorum.</strong></span> 
     </span>
    </p>
   </div>
   <div class='ocr_carea' id='block_1_17' title="bbox 915 1597 1803 1669">
    <p class='ocr_par' dir='ltr' id='par_1_17' title="bbox 915 1597 1803 1669">
     <span class='ocr_line' id='line_1_17' title="bbox 915 1597 1803 1669; baseline -0.001 -17"><span class='ocrx_word' id='word_1_96' title='bbox 915 1599 1014 1669; x_wconf 75' lang='lat' dir='ltr'><strong>(Ex</strong></span> <span class='ocrx_word' id='word_1_97' title='bbox 1049 1599 1168 1653; x_wconf 89' lang='lat' dir='ltr'><strong>cod.</strong></span> <span class='ocrx_word' id='word_1_98' title='bbox 1196 1597 1428 1653; x_wconf 82' lang='lat' dir='ltr'><strong>Vindob.</strong></span> <span class='ocrx_word' id='word_1_99' title='bbox 1459 1597 1624 1652; x_wconf 90' lang='lat' dir='ltr'><strong>theol.</strong></span> <span class='ocrx_word' id='word_1_100' title='bbox 1655 1597 1803 1668; x_wconf 76' lang='lat'><strong>559.)</strong></span> 
     </span>
    </p>
   </div>
   <div class='ocr_carea' id='block_1_18' title="bbox 648 1687 2153 1744">
    <p class='ocr_par' dir='ltr' id='par_1_18' title="bbox 648 1687 2153 1744">
     <span class='ocr_line' id='line_1_18' title="bbox 648 1687 2153 1744; baseline 0 -2"><span class='ocrx_word' id='word_1_101' title='bbox 648 1689 846 1743; x_wconf 82' lang='lat' dir='ltr'><strong>Deinde</strong></span> <span class='ocrx_word' id='word_1_102' title='bbox 893 1699 1063 1743; x_wconf 87' lang='lat' dir='ltr'><strong>tenent</strong></span> <span class='ocrx_word' id='word_1_103' title='bbox 1132 1687 1452 1744; x_wconf 85' lang='lat' dir='ltr'><strong>Subdiaconi</strong></span> <span class='ocrx_word' id='word_1_104' title='bbox 1515 1689 1590 1743; x_wconf 75' lang='lat' dir='ltr'><strong>vel</strong></span> <span class='ocrx_word' id='word_1_105' title='bbox 1662 1688 1848 1742; x_wconf 76' lang='lat' dir='ltr'><strong>Acoliti</strong></span> <span class='ocrx_word' id='word_1_106' title='bbox 1895 1687 2153 1742; x_wconf 82' lang='lat' dir='ltr'><strong>linteami—</strong></span> 
     </span>
    </p>
   </div>
   <div class='ocr_carea' id='block_1_19' title="bbox 2264 501 3772 587">
    <p class='ocr_par' dir='ltr' id='par_1_19' title="bbox 2264 501 3772 587">
     <span class='ocr_line' id='line_1_19' title="bbox 2264 501 3772 587; baseline 0.014 -34"><span class='ocrx_word' id='word_1_107' title='bbox 2264 501 2659 568; x_wconf 89' lang='lat' dir='ltr'><strong>uuivcrsorum,</strong></span> <span class='ocrx_word' id='word_1_108' title='bbox 2713 518 2810 572; x_wconf 88' lang='lat' dir='ltr'><strong>per</strong></span> <span class='ocrx_word' id='word_1_109' title='bbox 2851 518 3011 573; x_wconf 86' lang='lat' dir='ltr'><strong>quem</strong></span> <span class='ocrx_word' id='word_1_110' title='bbox 3063 520 3291 560; x_wconf 87' lang='lat' dir='ltr'><strong>unacum</strong></span> <span class='ocrx_word' id='word_1_111' title='bbox 3330 508 3492 566; x_wconf 86' lang='lat' dir='ltr'><strong>Patre</strong></span> <span class='ocrx_word' id='word_1_112' title='bbox 3532 527 3772 587; x_wconf 85' lang='lat' dir='ltr'><strong>sanctoque</strong></span> 
     </span>
    </p>
   </div>
   <div class='ocr_carea' id='block_1_20' title="bbox 2263 589 3770 665">
    <p class='ocr_par' dir='ltr' id='par_1_20' title="bbox 2263 589 3770 665">
     <span class='ocr_line' id='line_1_20' title="bbox 2263 589 3770 665; baseline 0.015 -22"><span class='ocrx_word' id='word_1_113' title='bbox 2263 589 2466 661; x_wconf 86' lang='lat' dir='ltr'><strong>Spiritu</strong></span> <span class='ocrx_word' id='word_1_114' title='bbox 2505 593 2646 648; x_wconf 79' lang='lat' dir='ltr'><strong>facta</strong></span> <span class='ocrx_word' id='word_1_115' title='bbox 2680 603 2805 648; x_wconf 92' lang='lat' dir='ltr'><strong>sunt</strong></span> <span class='ocrx_word' id='word_1_116' title='bbox 2830 595 3109 663; x_wconf 86' lang='lat' dir='ltr'><strong>universa,</strong></span> <span class='ocrx_word' id='word_1_117' title='bbox 3154 596 3369 655; x_wconf 85' lang='lat' dir='ltr'><strong>Christe</strong></span> <span class='ocrx_word' id='word_1_118' title='bbox 3392 600 3516 656; x_wconf 80' lang='lat' dir='ltr'><strong>Jesu</strong></span> <span class='ocrx_word' id='word_1_119' title='bbox 3537 603 3770 665; x_wconf 84' lang='lat' dir='ltr'><strong>benedice-</strong></span> 
     </span>
    </p>
   </div>
   <div class='ocr_carea' id='block_1_21' title="bbox 2262 689 3774 762">
    <p class='ocr_par' dir='ltr' id='par_1_21' title="bbox 2262 689 3774 762">
     <span class='ocr_line' id='line_1_21' title="bbox 2262 689 3774 762; baseline 0.012 -26"><span class='ocrx_word' id='word_1_120' title='bbox 2262 697 2342 749; x_wconf 89' lang='lat' dir='ltr'><strong>re,</strong></span> <span class='ocrx_word' id='word_1_121' title='bbox 2394 700 2738 752; x_wconf 88' lang='lat' dir='ltr'><strong>consecrare,</strong></span> <span class='ocrx_word' id='word_1_122' title='bbox 2788 697 2842 743; x_wconf 89' lang='lat' dir='ltr'><strong>et</strong></span> <span class='ocrx_word' id='word_1_123' title='bbox 2894 689 3235 745; x_wconf 81' lang='lat' dir='ltr'><strong>sanctiﬁcare</strong></span> <span class='ocrx_word' id='word_1_124' title='bbox 3271 692 3518 762; x_wconf 84' lang='lat' dir='ltr'><strong>digneris</strong></span> <span class='ocrx_word' id='word_1_125' title='bbox 3561 702 3774 758; x_wconf 72' lang='lat' dir='ltr'><strong>vasalu-c</strong></span> 
     </span>
    </p>
   </div>
   <div class='ocr_carea' id='block_1_22' title="bbox 2257 779 3772 856">
    <p class='ocr_par' dir='ltr' id='par_1_22' title="bbox 2257 779 3772 856">
     <span class='ocr_line' id='line_1_22' title="bbox 2257 779 3772 856; baseline 0.012 -25"><span class='ocrx_word' id='word_1_126' title='bbox 2257 792 2379 832; x_wconf 89' lang='lat' dir='ltr'><strong>cum</strong></span> <span class='ocrx_word' id='word_1_127' title='bbox 2405 779 2488 833; x_wconf 91' lang='lat' dir='ltr'><strong>his</strong></span> <span class='ocrx_word' id='word_1_128' title='bbox 2512 779 2698 835; x_wconf 87' lang='lat' dir='ltr'><strong>altaris</strong></span> <span class='ocrx_word' id='word_1_129' title='bbox 2733 781 3137 838; x_wconf 82' lang='lat' dir='ltr'><strong>linteaminibus</strong></span> <span class='ocrx_word' id='word_1_130' title='bbox 3163 785 3482 856; x_wconf 57' lang='lat' dir='ltr'><strong>exterisque</strong></span> <span class='ocrx_word' id='word_1_131' title='bbox 3501 791 3703 846; x_wconf 88' lang='lat' dir='ltr'><strong>cunctis.</strong></span> <span class='ocrx_word' id='word_1_132' title='bbox 3722 795 3772 849; x_wconf 79' lang='lat' dir='ltr'><strong>Et</strong></span> 
     </span>
    </p>
   </div>
   <div class='ocr_carea' id='block_1_23' title="bbox 2226 871 3772 947">
    <p class='ocr_par' dir='ltr' id='par_1_23' title="bbox 2226 871 3772 947">
     <span class='ocr_line' id='line_1_23' title="bbox 2226 871 3772 947; baseline 0.01 -24"><span class='ocrx_word' id='word_1_133' title='bbox 2226 871 2712 947; x_wconf 44' lang='lat' dir='ltr'><strong>&#39;quemadmodum</strong></span> <span class='ocrx_word' id='word_1_134' title='bbox 2763 873 2936 929; x_wconf 83' lang='lat' dir='ltr'><strong>ollieia</strong></span> <span class='ocrx_word' id='word_1_135' title='bbox 2989 873 3322 931; x_wconf 78' lang='lat' dir='ltr'><strong>tabernaculi</strong></span> <span class='ocrx_word' id='word_1_136' title='bbox 3374 879 3649 936; x_wconf 85' lang='lat' dir='ltr'><strong>testimonii</strong></span> <span class='ocrx_word' id='word_1_137' title='bbox 3678 885 3772 939; x_wconf 88' lang='lat' dir='ltr'><strong>olim</strong></span> 
     </span>
    </p>
   </div>
   <div class='ocr_carea' id='block_1_24' title="bbox 2258 965 3772 1038">
    <p class='ocr_par' dir='ltr' id='par_1_24' title="bbox 2258 965 3772 1038">
     <span class='ocr_line' id='line_1_24' title="bbox 2258 965 3772 1038; baseline 0.009 -22"><span class='ocrx_word' id='word_1_138' title='bbox 2258 977 2380 1017; x_wconf 91' lang='lat' dir='ltr'><strong>cum</strong></span> <span class='ocrx_word' id='word_1_139' title='bbox 2427 978 2553 1018; x_wconf 87' lang='lat' dir='ltr'><strong>arca</strong></span> <span class='ocrx_word' id='word_1_140' title='bbox 2610 965 2839 1032; x_wconf 89' lang='lat' dir='ltr'><strong>oraculi,</strong></span> <span class='ocrx_word' id='word_1_141' title='bbox 2889 965 3096 1021; x_wconf 89' lang='lat' dir='ltr'><strong>scilicet</strong></span> <span class='ocrx_word' id='word_1_142' title='bbox 3131 965 3426 1022; x_wconf 88' lang='lat' dir='ltr'><strong>Cherubim</strong></span> <span class='ocrx_word' id='word_1_143' title='bbox 3465 970 3633 1026; x_wconf 87' lang='lat' dir='ltr'><strong>clausa</strong></span> <span class='ocrx_word' id='word_1_144' title='bbox 3657 975 3772 1038; x_wconf 82' lang='lat' dir='ltr'><strong>velis,</strong></span> 
     </span>
    </p>
   </div>
   <div class='ocr_carea' id='block_1_25' title="bbox 2257 1053 3775 1132">
    <p class='ocr_par' dir='ltr' id='par_1_25' title="bbox 2257 1053 3775 1132">
     <span class='ocr_line' id='line_1_25' title="bbox 2257 1053 3775 1132; baseline 0.008 -26"><span class='ocrx_word' id='word_1_145' title='bbox 2257 1053 2556 1119; x_wconf 88' lang='lat' dir='ltr'><strong>columnas,</strong></span> <span class='ocrx_word' id='word_1_146' title='bbox 2605 1055 2950 1121; x_wconf 87' lang='lat' dir='ltr'><strong>candelabra,</strong></span> <span class='ocrx_word' id='word_1_147' title='bbox 3011 1055 3180 1112; x_wconf 89' lang='lat' dir='ltr'><strong>altare</strong></span> <span class='ocrx_word' id='word_1_148' title='bbox 3236 1070 3490 1124; x_wconf 87' lang='lat' dir='ltr'><strong>aureum,</strong></span> <span class='ocrx_word' id='word_1_149' title='bbox 3547 1073 3775 1132; x_wconf 76' lang='lat' dir='ltr'><strong>argenteas</strong></span> 
     </span>
    </p>
   </div>
   <div class='ocr_carea' id='block_1_26' title="bbox 2259 1142 3773 1216">
    <p class='ocr_par' dir='ltr' id='par_1_26' title="bbox 2259 1142 3773 1216">
     <span class='ocr_line' id='line_1_26' title="bbox 2259 1142 3773 1216; baseline 0.008 -20"><span class='ocrx_word' id='word_1_150' title='bbox 2259 1142 2436 1208; x_wconf 81' lang='lat' dir='ltr'><strong>bases,</strong></span> <span class='ocrx_word' id='word_1_151' title='bbox 2488 1143 2698 1214; x_wconf 85' lang='lat' dir='ltr'><strong>tabulas</strong></span> <span class='ocrx_word' id='word_1_152' title='bbox 2777 1144 3104 1209; x_wconf 89' lang='lat' dir='ltr'><strong>deauratas,</strong></span> <span class='ocrx_word' id='word_1_153' title='bbox 3184 1146 3523 1214; x_wconf 83' lang='lat' dir='ltr'><strong>holocausta,</strong></span> <span class='ocrx_word' id='word_1_154' title='bbox 3594 1152 3773 1216; x_wconf 80' lang='lat' dir='ltr'><strong>hostias,</strong></span> 
     </span>
    </p>
   </div>
   <div class='ocr_carea' id='block_1_27' title="bbox 2257 1233 3774 1310">
    <p class='ocr_par' dir='ltr' id='par_1_27' title="bbox 2257 1233 3774 1310">
     <span class='ocr_line' id='line_1_27' title="bbox 2257 1233 3774 1310; baseline 0.009 -25"><span class='ocrx_word' id='word_1_155' title='bbox 2257 1247 2465 1288; x_wconf 65' lang='lat' dir='ltr'><strong>aeneum</strong></span> <span class='ocrx_word' id='word_1_156' title='bbox 2496 1233 2666 1288; x_wconf 89' lang='lat' dir='ltr'><strong>altare</strong></span> <span class='ocrx_word' id='word_1_157' title='bbox 2694 1249 2818 1289; x_wconf 90' lang='lat' dir='ltr'><strong>cum</strong></span> <span class='ocrx_word' id='word_1_158' title='bbox 2859 1235 3081 1292; x_wconf 90' lang='lat' dir='ltr'><strong>basibus</strong></span> <span class='ocrx_word' id='word_1_159' title='bbox 3113 1238 3302 1304; x_wconf 69' lang='lat' dir='ltr'><strong>mucis,</strong></span> <span class='ocrx_word' id='word_1_160' title='bbox 3342 1240 3592 1305; x_wconf 87' lang='lat' dir='ltr'><strong>tentoria,</strong></span> <span class='ocrx_word' id='word_1_161' title='bbox 3630 1241 3774 1310; x_wconf 82' lang='lat' dir='ltr'><strong>funes,</strong></span> 
     </span>
    </p>
   </div>
   <div class='ocr_carea' id='block_1_28' title="bbox 2257 1323 3774 1399">
    <p class='ocr_par' dir='ltr' id='par_1_28' title="bbox 2257 1323 3774 1399">
     <span class='ocr_line' id='line_1_28' title="bbox 2257 1323 3774 1399; baseline 0.008 -22"><span class='ocrx_word' id='word_1_162' title='bbox 2257 1323 2434 1378; x_wconf 90' lang='lat' dir='ltr'><strong>oleum</strong></span> <span class='ocrx_word' id='word_1_163' title='bbox 2472 1325 2769 1392; x_wconf 87' lang='lat' dir='ltr'><strong>unctionis,</strong></span> <span class='ocrx_word' id='word_1_164' title='bbox 2801 1335 2856 1382; x_wconf 92' lang='lat' dir='ltr'><strong>et</strong></span> <span class='ocrx_word' id='word_1_165' title='bbox 2897 1334 3094 1382; x_wconf 72' lang='lat' dir='ltr'><strong>czetera</strong></span> <span class='ocrx_word' id='word_1_166' title='bbox 3144 1327 3198 1382; x_wconf 91' lang='lat' dir='ltr'><strong>in</strong></span> <span class='ocrx_word' id='word_1_167' title='bbox 3236 1327 3466 1399; x_wconf 84' lang='lat' dir='ltr'><strong>ﬁguram</strong></span> <span class='ocrx_word' id='word_1_168' title='bbox 3494 1333 3646 1386; x_wconf 89' lang='lat' dir='ltr'><strong>nostri</strong></span> <span class='ocrx_word' id='word_1_169' title='bbox 3681 1343 3774 1389; x_wconf 81' lang='lat' dir='ltr'><strong>tctu-</strong></span> 
     </span>
    </p>
   </div>
   <div class='ocr_carea' id='block_1_29' title="bbox 2258 1413 3773 1484">
    <p class='ocr_par' dir='ltr' id='par_1_29' title="bbox 2258 1413 3773 1484">
     <span class='ocr_line' id='line_1_29' title="bbox 2258 1413 3773 1484; baseline 0.006 -16"><span class='ocrx_word' id='word_1_170' title='bbox 2258 1413 2405 1483; x_wconf 91' lang='lat' dir='ltr'><strong>poris</strong></span> <span class='ocrx_word' id='word_1_171' title='bbox 2429 1428 2529 1484; x_wconf 88' lang='lat' dir='ltr'><strong>per</strong></span> <span class='ocrx_word' id='word_1_172' title='bbox 2575 1429 2770 1470; x_wconf 90' lang='lat' dir='ltr'><strong>manus</strong></span> <span class='ocrx_word' id='word_1_173' title='bbox 2819 1425 3132 1471; x_wconf 90' lang='lat' dir='ltr'><strong>sanctorum</strong></span> <span class='ocrx_word' id='word_1_174' title='bbox 3169 1418 3521 1474; x_wconf 82' lang='lat' dir='ltr'><strong>sanctiﬁeasti</strong></span> <span class='ocrx_word' id='word_1_175' title='bbox 3564 1420 3773 1478; x_wconf 24' lang='lat' dir='ltr'><strong>Sacerdo.</strong></span> 
     </span>
    </p>
   </div>
   <div class='ocr_carea' id='block_1_30' title="bbox 2260 1504 3773 1568">
    <p class='ocr_par' dir='ltr' id='par_1_30' title="bbox 2260 1504 3773 1568">
     <span class='ocr_line' id='line_1_30' title="bbox 2260 1504 3773 1568; baseline 0.008 -13"><span class='ocrx_word' id='word_1_176' title='bbox 2260 1515 2405 1568; x_wconf 89' lang='lat' dir='ltr'><strong>tum;</strong></span> <span class='ocrx_word' id='word_1_177' title='bbox 2440 1504 2512 1557; x_wconf 84' lang='lat' dir='ltr'><strong>ita</strong></span> <span class='ocrx_word' id='word_1_178' title='bbox 2541 1519 2683 1558; x_wconf 90' lang='lat' dir='ltr'><strong>nunc</strong></span> <span class='ocrx_word' id='word_1_179' title='bbox 2729 1519 2954 1560; x_wconf 89' lang='lat' dir='ltr'><strong>manens</strong></span> <span class='ocrx_word' id='word_1_180' title='bbox 3002 1505 3055 1559; x_wconf 91' lang='lat' dir='ltr'><strong>iu</strong></span> <span class='ocrx_word' id='word_1_181' title='bbox 3104 1517 3367 1562; x_wconf 60' lang='lat' dir='ltr'><strong>aeternum</strong></span> <span class='ocrx_word' id='word_1_182' title='bbox 3397 1523 3548 1564; x_wconf 89' lang='lat' dir='ltr'><strong>sume</strong></span> <span class='ocrx_word' id='word_1_183' title='bbox 3576 1514 3773 1566; x_wconf 80' lang='lat' dir='ltr'><strong>sacerdos</strong></span> 
     </span>
    </p>
   </div>
   <div class='ocr_carea' id='block_1_31' title="bbox 2259 1592 3785 1667">
    <p class='ocr_par' dir='ltr' id='par_1_31' title="bbox 2259 1592 3785 1667">
     <span class='ocr_line' id='line_1_31' title="bbox 2259 1592 3785 1667; baseline 0.005 -19"><span class='ocrx_word' id='word_1_184' title='bbox 2259 1592 2611 1648; x_wconf 89' lang='lat' dir='ltr'><strong>Sacerdotum</strong></span> <span class='ocrx_word' id='word_1_185' title='bbox 2643 1595 2938 1649; x_wconf 90' lang='lat' dir='ltr'><strong>secundum</strong></span> <span class='ocrx_word' id='word_1_186' title='bbox 2973 1596 3221 1652; x_wconf 82' lang='lat' dir='ltr'><strong>ordinem</strong></span> <span class='ocrx_word' id='word_1_187' title='bbox 3254 1597 3655 1667; x_wconf 83' lang='lat' dir='ltr'><strong>Melchisedech,</strong></span> <span class='ocrx_word' id='word_1_188' title='bbox 3680 1605 3785 1657; x_wconf 68' lang='lat' dir='ltr'><strong>vasa</strong></span> 
     </span>
    </p>
   </div>
   <div class='ocr_carea' id='block_1_32' title="bbox 2259 1684 3772 1760">
    <p class='ocr_par' dir='ltr' id='par_1_32' title="bbox 2259 1684 3772 1760">
     <span class='ocr_line' id='line_1_32' title="bbox 2259 1684 3772 1760; baseline 0.006 -22"><span class='ocrx_word' id='word_1_189' title='bbox 2259 1684 2373 1740; x_wconf 59' lang='lat' dir='ltr'><strong>haec</strong></span> <span class='ocrx_word' id='word_1_190' title='bbox 2399 1692 2454 1738; x_wconf 87' lang='lat' dir='ltr'><strong>et</strong></span> <span class='ocrx_word' id='word_1_191' title='bbox 2504 1685 2688 1740; x_wconf 88' lang='lat' dir='ltr'><strong>omnia</strong></span> <span class='ocrx_word' id='word_1_192' title='bbox 2721 1685 3079 1740; x_wconf 87' lang='lat' dir='ltr'><strong>instrumenta</strong></span> <span class='ocrx_word' id='word_1_193' title='bbox 3128 1686 3312 1742; x_wconf 86' lang='lat' dir='ltr'><strong>altaris</strong></span> <span class='ocrx_word' id='word_1_194' title='bbox 3361 1689 3522 1760; x_wconf 87' lang='lat' dir='ltr'><strong>hujus</strong></span> <span class='ocrx_word' id='word_1_195' title='bbox 3565 1691 3772 1758; x_wconf 69' lang='lat' dir='ltr'><strong>ecclesia,</strong></span> 
     </span>
    </p>
   </div>
   <div class='ocr_carea' id='block_1_33' title="bbox 574 1775 3776 1851">
    <p class='ocr_par' dir='ltr' id='par_1_33' title="bbox 574 1775 3776 1851">
     <span class='ocr_line' id='line_1_33' title="bbox 574 1775 3776 1851; baseline 0.001 -18"><span class='ocrx_word' id='word_1_196' title='bbox 574 1797 641 1833; x_wconf 90' lang='lat' dir='ltr'><strong>na</strong></span> <span class='ocrx_word' id='word_1_197' title='bbox 669 1780 812 1851; x_wconf 78' lang='lat'><strong>(187)</strong></span> <span class='ocrx_word' id='word_1_198' title='bbox 843 1785 916 1835; x_wconf 77' lang='lat' dir='ltr'><strong>vet</strong></span> <span class='ocrx_word' id='word_1_199' title='bbox 942 1780 1117 1833; x_wconf 84' lang='lat' dir='ltr'><strong>omnia</strong></span> <span class='ocrx_word' id='word_1_200' title='bbox 1141 1789 1446 1833; x_wconf 85' lang='lat' dir='ltr'><strong>ornamenta</strong></span> <span class='ocrx_word' id='word_1_201' title='bbox 1469 1778 1697 1833; x_wconf 75' lang='lat' dir='ltr'><strong>ecriesiw</strong></span> <span class='ocrx_word' id='word_1_202' title='bbox 1720 1795 1809 1831; x_wconf 84' lang='lat' dir='ltr'><strong>seu</strong></span> <span class='ocrx_word' id='word_1_203' title='bbox 1831 1794 1954 1832; x_wconf 83' lang='lat' dir='ltr'><strong>vasa</strong></span> <span class='ocrx_word' id='word_1_204' title='bbox 1978 1796 2150 1842; x_wconf 76' lang='lat' dir='ltr'><strong>sacra,</strong></span> <span class='ocrx_word' id='word_1_205' title='bbox 2189 1789 2229 1846; x_wconf 77' lang='grc' dir='ltr'>Β</span> <span class='ocrx_word' id='word_1_206' title='bbox 2259 1789 2375 1843; x_wconf 66' lang='lat' dir='ltr'><strong>qtae</strong></span> <span class='ocrx_word' id='word_1_207' title='bbox 2405 1775 2544 1828; x_wconf 90' lang='lat' dir='ltr'><strong>inter</strong></span> <span class='ocrx_word' id='word_1_208' title='bbox 2563 1785 2781 1829; x_wconf 89' lang='lat' dir='ltr'><strong>nostras</strong></span> <span class='ocrx_word' id='word_1_209' title='bbox 2803 1775 3008 1845; x_wconf 87' lang='lat' dir='ltr'><strong>palmas</strong></span> <span class='ocrx_word' id='word_1_210' title='bbox 3033 1775 3321 1844; x_wconf 88' lang='lat' dir='ltr'><strong>habentur,</strong></span> <span class='ocrx_word' id='word_1_211' title='bbox 3348 1779 3641 1846; x_wconf 86' lang='lat' dir='ltr'><strong>benedieas,</strong></span> <span class='ocrx_word' id='word_1_212' title='bbox 3662 1784 3776 1851; x_wconf 83' lang='lat' dir='ltr'><strong>puri-</strong></span> 
     </span>
    </p>
   </div>
   <div class='ocr_carea' id='block_1_34' title="bbox 570 1869 2152 1940">
    <p class='ocr_par' dir='ltr' id='par_1_34' title="bbox 570 1869 2152 1940">
     <span class='ocr_line' id='line_1_34' title="bbox 570 1869 2152 1940; baseline -0.001 -16"><span class='ocrx_word' id='word_1_213' title='bbox 570 1889 892 1940; x_wconf 80' lang='lat' dir='ltr'><strong>qmrcunque</strong></span> <span class='ocrx_word' id='word_1_214' title='bbox 918 1872 986 1926; x_wconf 83' lang='lat' dir='ltr'><strong>ad</strong></span> <span class='ocrx_word' id='word_1_215' title='bbox 1016 1871 1212 1925; x_wconf 88' lang='lat' dir='ltr'><strong>cultum</strong></span> <span class='ocrx_word' id='word_1_216' title='bbox 1242 1871 1338 1924; x_wconf 86' lang='lat' dir='ltr'><strong>Dei</strong></span> <span class='ocrx_word' id='word_1_217' title='bbox 1374 1880 1421 1924; x_wconf 85' lang='lat' dir='ltr'><strong>et</strong></span> <span class='ocrx_word' id='word_1_218' title='bbox 1453 1870 1683 1924; x_wconf 77' lang='lat' dir='ltr'><strong>ecclesia:</strong></span> <span class='ocrx_word' id='word_1_219' title='bbox 1703 1869 1956 1939; x_wconf 81' lang='lat' dir='ltr'><strong>pertinere</strong></span> <span class='ocrx_word' id='word_1_220' title='bbox 1979 1870 2152 1924; x_wconf 82' lang='lat' dir='ltr'><strong>viden-</strong></span> 
     </span>
    </p>
   </div>
   <div class='ocr_carea' id='block_1_35' title="bbox 573 1960 1978 2033">
    <p class='ocr_par' dir='ltr' id='par_1_35' title="bbox 573 1960 1978 2033">
     <span class='ocr_line' id='line_1_35' title="bbox 573 1960 1978 2033; baseline -0.001 -17"><span class='ocrx_word' id='word_1_221' title='bbox 573 1977 678 2026; x_wconf 87' lang='lat' dir='ltr'><strong>tur.</strong></span> <span class='ocrx_word' id='word_1_222' title='bbox 704 1975 748 2018; x_wconf 89' lang='lat' dir='ltr'><strong>et</strong></span> <span class='ocrx_word' id='word_1_223' title='bbox 778 1964 1041 2018; x_wconf 83' lang='lat' dir='ltr'><strong>benedicat</strong></span> <span class='ocrx_word' id='word_1_224' title='bbox 1073 1979 1133 2016; x_wconf 89' lang='lat' dir='ltr'><strong>ea</strong></span> <span class='ocrx_word' id='word_1_225' title='bbox 1163 1961 1399 2033; x_wconf 77' lang='lat' dir='ltr'><strong>pontifex</strong></span> <span class='ocrx_word' id='word_1_226' title='bbox 1415 1961 1570 2031; x_wconf 80' lang='lat' dir='ltr'><strong>juxta</strong></span> <span class='ocrx_word' id='word_1_227' title='bbox 1599 1960 1736 2013; x_wconf 84' lang='lat' dir='ltr'><strong>hunc</strong></span> <span class='ocrx_word' id='word_1_228' title='bbox 1761 1976 1978 2014; x_wconf 86' lang='lat' dir='ltr'><strong>morem.</strong></span> 
     </span>
    </p>
   </div>
   <div class='ocr_carea' id='block_1_36' title="bbox 1037 2049 1695 2119">
    <p class='ocr_par' dir='ltr' id='par_1_36' title="bbox 1037 2049 1695 2119">
     <span class='ocr_line' id='line_1_36' title="bbox 1037 2049 1695 2119; baseline -0.003 -15"><span class='ocrx_word' id='word_1_229' title='bbox 1037 2050 1338 2105; x_wconf 83' lang='lat' dir='ltr'><strong>Benedictio</strong></span> <span class='ocrx_word' id='word_1_230' title='bbox 1386 2049 1695 2119; x_wconf 79' lang='lat' dir='ltr'><strong>corporalis.</strong></span> 
     </span>
    </p>
   </div>
   <div class='ocr_carea' id='block_1_37' title="bbox 646 2138 2158 2212">
    <p class='ocr_par' dir='ltr' id='par_1_37' title="bbox 646 2138 2158 2212">
     <span class='ocr_line' id='line_1_37' title="bbox 646 2138 2158 2212; baseline -0.005 -12"><span class='ocrx_word' id='word_1_231' title='bbox 646 2143 896 2200; x_wconf 88' lang='lat' dir='ltr'><strong>Oremus.</strong></span> <span class='ocrx_word' id='word_1_232' title='bbox 951 2142 1306 2212; x_wconf 86' lang='lat' dir='ltr'><strong>Omnipotens</strong></span> <span class='ocrx_word' id='word_1_233' title='bbox 1360 2141 1686 2210; x_wconf 89' lang='lat' dir='ltr'><strong>sempiterne</strong></span> <span class='ocrx_word' id='word_1_234' title='bbox 1719 2139 1878 2201; x_wconf 86' lang='lat' dir='ltr'><strong>Deus.</strong></span> <span class='ocrx_word' id='word_1_235' title='bbox 1933 2138 2158 2194; x_wconf 73' lang='lat' dir='ltr'><strong>benetlie</strong></span> 
     </span>
    </p>
   </div>
   <div class='ocr_carea' id='block_1_38' title="bbox 572 2231 2158 2304">
    <p class='ocr_par' dir='ltr' id='par_1_38' title="bbox 572 2231 2158 2304">
     <span class='ocr_line' id='line_1_38' title="bbox 572 2231 2158 2304; baseline -0.006 -11"><span class='ocrx_word' id='word_1_236' title='bbox 572 2241 866 2293; x_wconf 88' lang='lat' dir='ltr'><strong>linteamen</strong></span> <span class='ocrx_word' id='word_1_237' title='bbox 927 2236 1068 2292; x_wconf 86' lang='lat' dir='ltr'><strong>istud</strong></span> <span class='ocrx_word' id='word_1_238' title='bbox 1115 2236 1181 2290; x_wconf 87' lang='lat' dir='ltr'><strong>ad</strong></span> <span class='ocrx_word' id='word_1_239' title='bbox 1235 2234 1522 2304; x_wconf 85' lang='lat' dir='ltr'><strong>tegendum</strong></span> <span class='ocrx_word' id='word_1_240' title='bbox 1551 2231 2008 2288; x_wconf 85' lang='lat' dir='ltr'><strong>etiuvolvendum</strong></span> <span class='ocrx_word' id='word_1_241' title='bbox 2040 2247 2158 2285; x_wconf 90' lang='lat' dir='ltr'><strong>cor-</strong></span> 
     </span>
    </p>
   </div>
   <div class='ocr_carea' id='block_1_39' title="bbox 571 2323 2156 2400">
    <p class='ocr_par' dir='ltr' id='par_1_39' title="bbox 571 2323 2156 2400">
     <span class='ocr_line' id='line_1_39' title="bbox 571 2323 2156 2400; baseline -0.001 -19"><span class='ocrx_word' id='word_1_242' title='bbox 571 2345 672 2400; x_wconf 87' lang='lat' dir='ltr'><strong>pus</strong></span> <span class='ocrx_word' id='word_1_243' title='bbox 722 2337 777 2382; x_wconf 92' lang='lat' dir='ltr'><strong>et</strong></span> <span class='ocrx_word' id='word_1_244' title='bbox 828 2327 1146 2398; x_wconf 88' lang='lat' dir='ltr'><strong>sanguinem</strong></span> <span class='ocrx_word' id='word_1_245' title='bbox 1208 2324 1330 2380; x_wconf 85' lang='lat' dir='ltr'><strong>Filii</strong></span> <span class='ocrx_word' id='word_1_246' title='bbox 1380 2325 1455 2381; x_wconf 89' lang='lat' dir='ltr'><strong>tui</strong></span> <span class='ocrx_word' id='word_1_247' title='bbox 1497 2325 1579 2379; x_wconf 88' lang='lat' dir='ltr'><strong>uri</strong></span> <span class='ocrx_word' id='word_1_248' title='bbox 1611 2324 1709 2379; x_wconf 93' lang='lat' dir='ltr'><strong>lhu</strong></span> <span class='ocrx_word' id='word_1_249' title='bbox 1750 2323 1875 2396; x_wconf 79' lang='lat' dir='ltr'><strong>Xpi.</strong></span> <span class='ocrx_word' id='word_1_250' title='bbox 1921 2323 2026 2391; x_wconf 85' lang='lat' dir='ltr'><strong>Qui</strong></span> <span class='ocrx_word' id='word_1_251' title='bbox 2077 2332 2156 2379; x_wconf 90' lang='lat' dir='ltr'><strong>te-</strong></span> 
     </span>
    </p>
   </div>
   <div class='ocr_carea' id='block_1_40' title="bbox 570 2416 1728 2542">
    <p class='ocr_par' dir='ltr' id='par_1_40' title="bbox 570 2416 1728 2542">
     <span class='ocr_line' id='line_1_40' title="bbox 570 2416 1728 2542; baseline 0.029 -35"><span class='ocrx_word' id='word_1_252' title='bbox 570 2433 692 2472; x_wconf 67' lang='lat' dir='ltr'><strong>cum</strong></span> <span class='ocrx_word' id='word_1_253' title='bbox 718 2416 864 2489; x_wconf 56' lang='grc'><strong>(188)</strong></span> <span class='ocrx_word' id='word_1_254' title='bbox 873 2456 886 2470; x_wconf 74' lang='grc'><strong>’</strong></span> <span class='ocrx_word' id='word_1_255' title='bbox 995 2487 1301 2542; x_wconf 72' lang='lat' dir='ltr'><strong>Benedictio</strong></span> <span class='ocrx_word' id='word_1_256' title='bbox 1342 2486 1728 2542; x_wconf 83' lang='lat' dir='ltr'><strong>liuteaminum.</strong></span> 
     </span>
    </p>
   </div>
   <div class='ocr_carea' id='block_1_41' title="bbox 643 2577 2156 2648">
    <p class='ocr_par' dir='ltr' id='par_1_41' title="bbox 643 2577 2156 2648">
     <span class='ocr_line' id='line_1_41' title="bbox 643 2577 2156 2648; baseline 0 -14"><span class='ocrx_word' id='word_1_257' title='bbox 643 2578 870 2634; x_wconf 89' lang='lat' dir='ltr'><strong>Domine</strong></span> <span class='ocrx_word' id='word_1_258' title='bbox 895 2577 1041 2634; x_wconf 89' lang='lat' dir='ltr'><strong>Deus</strong></span> <span class='ocrx_word' id='word_1_259' title='bbox 1061 2578 1427 2648; x_wconf 85' lang='lat' dir='ltr'><strong>omnipotens,</strong></span> <span class='ocrx_word' id='word_1_260' title='bbox 1456 2577 1548 2647; x_wconf 89' lang='lat' dir='ltr'><strong>qui</strong></span> <span class='ocrx_word' id='word_1_261' title='bbox 1571 2577 1640 2632; x_wconf 92' lang='lat' dir='ltr'><strong>ab</strong></span> <span class='ocrx_word' id='word_1_262' title='bbox 1668 2577 1822 2632; x_wconf 92' lang='lat' dir='ltr'><strong>initio</strong></span> <span class='ocrx_word' id='word_1_263' title='bbox 1846 2577 2156 2634; x_wconf 86' lang='lat' dir='ltr'><strong>hominibus</strong></span> 
     </span>
    </p>
   </div>
   <div class='ocr_carea' id='block_1_42' title="bbox 568 2669 2155 2744">
    <p class='ocr_par' dir='ltr' id='par_1_42' title="bbox 568 2669 2155 2744">
     <span class='ocr_line' id='line_1_42' title="bbox 568 2669 2155 2744; baseline 0.001 -21"><span class='ocrx_word' id='word_1_264' title='bbox 568 2670 723 2725; x_wconf 88' lang='lat' dir='ltr'><strong>utilia</strong></span> <span class='ocrx_word' id='word_1_265' title='bbox 755 2679 811 2726; x_wconf 92' lang='lat' dir='ltr'><strong>et</strong></span> <span class='ocrx_word' id='word_1_266' title='bbox 850 2669 1158 2744; x_wconf 86' lang='lat' dir='ltr'><strong>necessaria</strong></span> <span class='ocrx_word' id='word_1_267' title='bbox 1190 2669 1388 2725; x_wconf 89' lang='lat' dir='ltr'><strong>creasti</strong></span> <span class='ocrx_word' id='word_1_268' title='bbox 1421 2669 1745 2724; x_wconf 86' lang='lat' dir='ltr'><strong>vestimenta</strong></span> <span class='ocrx_word' id='word_1_269' title='bbox 1778 2684 1995 2740; x_wconf 91' lang='lat' dir='ltr'><strong>quoque</strong></span> <span class='ocrx_word' id='word_1_270' title='bbox 2019 2684 2155 2739; x_wconf 85' lang='lat' dir='ltr'><strong>pon-</strong></span> 
     </span>
    </p>
   </div>
   <div class='ocr_carea' id='block_1_43' title="bbox 570 2757 2154 2815">
    <p class='ocr_par' dir='ltr' id='par_1_43' title="bbox 570 2757 2154 2815">
     <span class='ocr_line' id='line_1_43' title="bbox 570 2757 2154 2815; baseline -0.001 -1"><span class='ocrx_word' id='word_1_271' title='bbox 570 2759 788 2814; x_wconf 83' lang='lat' dir='ltr'><strong>tilicalia</strong></span> <span class='ocrx_word' id='word_1_272' title='bbox 817 2758 1191 2815; x_wconf 86' lang='lat' dir='ltr'><strong>sacerdotibus</strong></span> <span class='ocrx_word' id='word_1_273' title='bbox 1217 2767 1270 2814; x_wconf 91' lang='lat' dir='ltr'><strong>et</strong></span> <span class='ocrx_word' id='word_1_274' title='bbox 1311 2757 1491 2813; x_wconf 88' lang='lat' dir='ltr'><strong>levitis</strong></span> <span class='ocrx_word' id='word_1_275' title='bbox 1522 2758 1628 2813; x_wconf 91' lang='lat' dir='ltr'><strong>tuis</strong></span> <span class='ocrx_word' id='word_1_276' title='bbox 1667 2766 1721 2813; x_wconf 86' lang='lat' dir='ltr'><strong>et</strong></span> <span class='ocrx_word' id='word_1_277' title='bbox 1747 2769 2070 2814; x_wconf 89' lang='lat' dir='ltr'><strong>ornamenta</strong></span> <span class='ocrx_word' id='word_1_278' title='bbox 2098 2768 2154 2812; x_wconf 90' lang='lat' dir='ltr'><strong>et</strong></span> 
     </span>
    </p>
   </div>
   <div class='ocr_carea' id='block_1_44' title="bbox 571 2847 2153 2919">
    <p class='ocr_par' dir='ltr' id='par_1_44' title="bbox 571 2847 2153 2919">
     <span class='ocr_line' id='line_1_44' title="bbox 571 2847 2153 2919; baseline 0 -17"><span class='ocrx_word' id='word_1_279' title='bbox 571 2849 857 2902; x_wconf 87' lang='lat' dir='ltr'><strong>lintamina</strong></span> <span class='ocrx_word' id='word_1_280' title='bbox 883 2847 1064 2903; x_wconf 84' lang='lat' dir='ltr'><strong>facere</strong></span> <span class='ocrx_word' id='word_1_281' title='bbox 1091 2847 1351 2902; x_wconf 80' lang='lat' dir='ltr'><strong>famulum</strong></span> <span class='ocrx_word' id='word_1_282' title='bbox 1380 2856 1530 2902; x_wconf 90' lang='lat' dir='ltr'><strong>tuum</strong></span> <span class='ocrx_word' id='word_1_283' title='bbox 1559 2847 1778 2919; x_wconf 84' lang='lat' dir='ltr'><strong>Moysen</strong></span> <span class='ocrx_word' id='word_1_284' title='bbox 1803 2863 1898 2918; x_wconf 87' lang='lat' dir='ltr'><strong>per</strong></span> <span class='ocrx_word' id='word_1_285' title='bbox 1917 2848 2153 2918; x_wconf 91' lang='lat' dir='ltr'><strong>quadra-</strong></span> 
     </span>
    </p>
   </div>
   <div class='ocr_carea' id='block_1_45' title="bbox 569 2941 2148 3012">
    <p class='ocr_par' dir='ltr' id='par_1_45' title="bbox 569 2941 2148 3012">
     <span class='ocr_line' id='line_1_45' title="bbox 569 2941 2148 3012; baseline 0.001 -18"><span class='ocrx_word' id='word_1_286' title='bbox 569 2941 719 3011; x_wconf 81' lang='lat' dir='ltr'><strong>ginta</strong></span> <span class='ocrx_word' id='word_1_287' title='bbox 750 2941 866 2997; x_wconf 87' lang='lat' dir='ltr'><strong>dies</strong></span> <span class='ocrx_word' id='word_1_288' title='bbox 889 2941 1144 3007; x_wconf 91' lang='lat' dir='ltr'><strong>docuisti,</strong></span> <span class='ocrx_word' id='word_1_289' title='bbox 1177 2942 1293 2996; x_wconf 82' lang='lat' dir='ltr'><strong>sive</strong></span> <span class='ocrx_word' id='word_1_290' title='bbox 1321 2942 1484 2997; x_wconf 85' lang='lat' dir='ltr'><strong>etiam</strong></span> <span class='ocrx_word' id='word_1_291' title='bbox 1513 2956 1578 2996; x_wconf 89' lang='lat' dir='ltr'><strong>ea</strong></span> <span class='ocrx_word' id='word_1_292' title='bbox 1605 2957 1726 3012; x_wconf 76' lang='lat' dir='ltr'><strong>qua:</strong></span> <span class='ocrx_word' id='word_1_293' title='bbox 1765 2941 1930 2996; x_wconf 81' lang='lat' dir='ltr'><strong>Maria</strong></span> <span class='ocrx_word' id='word_1_294' title='bbox 1957 2944 2148 3009; x_wconf 79' lang='lat' dir='ltr'><strong>texuit,</strong></span> 
     </span>
    </p>
   </div>
   <div class='ocr_carea' id='block_1_46' title="bbox 567 3031 2150 3102">
    <p class='ocr_par' dir='ltr' id='par_1_46' title="bbox 567 3031 2150 3102">
     <span class='ocr_line' id='line_1_46' title="bbox 567 3031 2150 3102; baseline 0.004 -19"><span class='ocrx_word' id='word_1_295' title='bbox 567 3041 623 3085; x_wconf 88' lang='lat' dir='ltr'><strong>et</strong></span> <span class='ocrx_word' id='word_1_296' title='bbox 649 3031 776 3087; x_wconf 81' lang='lat' dir='ltr'><strong>fecit</strong></span> <span class='ocrx_word' id='word_1_297' title='bbox 802 3033 855 3087; x_wconf 93' lang='lat' dir='ltr'><strong>in</strong></span> <span class='ocrx_word' id='word_1_298' title='bbox 899 3048 1054 3088; x_wconf 88' lang='lat' dir='ltr'><strong>usum</strong></span> <span class='ocrx_word' id='word_1_299' title='bbox 1097 3032 1290 3089; x_wconf 89' lang='lat' dir='ltr'><strong>altaris</strong></span> <span class='ocrx_word' id='word_1_300' title='bbox 1338 3033 1412 3088; x_wconf 91' lang='lat' dir='ltr'><strong>tui</strong></span> <span class='ocrx_word' id='word_1_301' title='bbox 1441 3033 1509 3088; x_wconf 92' lang='lat' dir='ltr'><strong>ad</strong></span> <span class='ocrx_word' id='word_1_302' title='bbox 1549 3033 1838 3102; x_wconf 87' lang='lat' dir='ltr'><strong>tegendum</strong></span> <span class='ocrx_word' id='word_1_303' title='bbox 1874 3033 2150 3089; x_wconf 79' lang='lat' dir='ltr'><strong>involven-</strong></span> 
     </span>
    </p>
   </div>
   <div class='ocr_carea' id='block_1_47' title="bbox 2260 1867 3774 1939">
    <p class='ocr_par' dir='ltr' id='par_1_47' title="bbox 2260 1867 3774 1939">
     <span class='ocr_line' id='line_1_47' title="bbox 2260 1867 3774 1939; baseline 0.002 -22"><span class='ocrx_word' id='word_1_304' title='bbox 2260 1867 2406 1930; x_wconf 85' lang='lat' dir='ltr'><strong>liees,</strong></span> <span class='ocrx_word' id='word_1_305' title='bbox 2460 1879 2771 1932; x_wconf 92' lang='lat' dir='ltr'><strong>consecres,</strong></span> <span class='ocrx_word' id='word_1_306' title='bbox 2821 1875 2876 1920; x_wconf 92' lang='lat' dir='ltr'><strong>et</strong></span> <span class='ocrx_word' id='word_1_307' title='bbox 2912 1881 3280 1935; x_wconf 87' lang='lat' dir='ltr'><strong>consummes,</strong></span> <span class='ocrx_word' id='word_1_308' title='bbox 3317 1869 3519 1939; x_wconf 89' lang='lat' dir='ltr'><strong>quibus</strong></span> <span class='ocrx_word' id='word_1_309' title='bbox 3541 1871 3774 1936; x_wconf 55' lang='lat' dir='ltr'><strong>internas,</strong></span> 
     </span>
    </p>
   </div>
   <div class='ocr_carea' id='block_1_48' title="bbox 2256 1957 3777 2029">
    <p class='ocr_par' dir='ltr' id='par_1_48' title="bbox 2256 1957 3777 2029">
     <span class='ocr_line' id='line_1_48' title="bbox 2256 1957 3777 2029; baseline 0.005 -19"><span class='ocrx_word' id='word_1_310' title='bbox 2256 1964 2590 2011; x_wconf 64' lang='lat' dir='ltr'><strong>etaeternam</strong></span> <span class='ocrx_word' id='word_1_311' title='bbox 2650 1957 2912 2012; x_wconf 89' lang='lat' dir='ltr'><strong>unitatem</strong></span> <span class='ocrx_word' id='word_1_312' title='bbox 2963 1957 3016 2012; x_wconf 91' lang='lat' dir='ltr'><strong>in</strong></span> <span class='ocrx_word' id='word_1_313' title='bbox 3053 1975 3308 2029; x_wconf 90' lang='lat' dir='ltr'><strong>supremo</strong></span> <span class='ocrx_word' id='word_1_314' title='bbox 3345 1971 3525 2016; x_wconf 86' lang='lat' dir='ltr'><strong>meatu</strong></span> <span class='ocrx_word' id='word_1_315' title='bbox 3569 1963 3668 2018; x_wconf 87' lang='lat' dir='ltr'><strong>sine</strong></span> <span class='ocrx_word' id='word_1_316' title='bbox 3700 1962 3777 2017; x_wconf 85' lang='lat' dir='ltr'><strong>line</strong></span> 
     </span>
    </p>
   </div>
   <div class='ocr_carea' id='block_1_49' title="bbox 2257 2047 3775 2123">
    <p class='ocr_par' dir='ltr' id='par_1_49' title="bbox 2257 2047 3775 2123">
     <span class='ocr_line' id='line_1_49' title="bbox 2257 2047 3775 2123; baseline 0.003 -21"><span class='ocrx_word' id='word_1_317' title='bbox 2257 2056 2506 2102; x_wconf 90' lang='lat' dir='ltr'><strong>constare</strong></span> <span class='ocrx_word' id='word_1_318' title='bbox 2535 2047 2824 2104; x_wconf 90' lang='lat' dir='ltr'><strong>credimus.</strong></span> <span class='ocrx_word' id='word_1_319' title='bbox 2855 2048 2958 2102; x_wconf 90' lang='lat' dir='ltr'><strong>Per</strong></span> <span class='ocrx_word' id='word_1_320' title='bbox 2981 2057 3033 2104; x_wconf 90' lang='lat' dir='ltr'><strong>te</strong></span> <span class='ocrx_word' id='word_1_321' title='bbox 3070 2049 3196 2105; x_wconf 78' lang='lat' dir='ltr'><strong>Jesu</strong></span> <span class='ocrx_word' id='word_1_322' title='bbox 3223 2050 3442 2108; x_wconf 88' lang='lat' dir='ltr'><strong>Christe</strong></span> <span class='ocrx_word' id='word_1_323' title='bbox 3473 2053 3560 2123; x_wconf 89' lang='lat' dir='ltr'><strong>qui</strong></span> <span class='ocrx_word' id='word_1_324' title='bbox 3585 2052 3716 2109; x_wconf 80' lang='lat' dir='ltr'><strong>Patre</strong></span> <span class='ocrx_word' id='word_1_325' title='bbox 3738 2056 3775 2106; x_wconf 88' lang='lat' dir='ltr'><strong>in</strong></span> 
     </span>
    </p>
   </div>
   <div class='ocr_carea' id='block_1_50' title="bbox 2258 2139 3571 2216">
    <p class='ocr_par' dir='ltr' id='par_1_50' title="bbox 2258 2139 3571 2216">
     <span class='ocr_line' id='line_1_50' title="bbox 2258 2139 3571 2216; baseline 0.003 -24"><span class='ocrx_word' id='word_1_326' title='bbox 2258 2139 2466 2194; x_wconf 84' lang='lat' dir='ltr'><strong>unitate</strong></span> <span class='ocrx_word' id='word_1_327' title='bbox 2489 2139 2728 2210; x_wconf 85' lang='lat' dir='ltr'><strong>ejusdem</strong></span> <span class='ocrx_word' id='word_1_328' title='bbox 2756 2139 2992 2211; x_wconf 87' lang='lat' dir='ltr'><strong>Spiritus</strong></span> <span class='ocrx_word' id='word_1_329' title='bbox 3030 2143 3202 2197; x_wconf 90' lang='lat' dir='ltr'><strong>sancti</strong></span> <span class='ocrx_word' id='word_1_330' title='bbox 3234 2143 3380 2199; x_wconf 91' lang='lat' dir='ltr'><strong>Deus</strong></span> <span class='ocrx_word' id='word_1_331' title='bbox 3409 2143 3571 2216; x_wconf 76' lang='grc'><strong>(190).</strong></span> 
     </span>
    </p>
   </div>
   <div class='ocr_carea' id='block_1_51' title="bbox 2258 2311 3775 2382">
    <p class='ocr_par' dir='ltr' id='par_1_51' title="bbox 2258 2311 3775 2382">
     <span class='ocr_line' id='line_1_51' title="bbox 2258 2311 3775 2382; baseline 0.003 -17"><span class='ocrx_word' id='word_1_332' title='bbox 2258 2311 2388 2366; x_wconf 78' lang='lat' dir='ltr'><strong>Item</strong></span> <span class='ocrx_word' id='word_1_333' title='bbox 2440 2313 2724 2367; x_wconf 85' lang='lat' dir='ltr'><strong>benedictio</strong></span> <span class='ocrx_word' id='word_1_334' title='bbox 2773 2315 3189 2368; x_wconf 76' lang='lat' dir='ltr'><strong>uestimentorum</strong></span> <span class='ocrx_word' id='word_1_335' title='bbox 3240 2317 3658 2382; x_wconf 76' lang='lat' dir='ltr'><strong>sacerdotalium,</strong></span> <span class='ocrx_word' id='word_1_336' title='bbox 3699 2320 3775 2371; x_wconf 72' lang='lat' dir='ltr'><strong>sire</strong></span> 
     </span>
    </p>
   </div>
   <div class='ocr_carea' id='block_1_52' title="bbox 2323 2382 3726 2454">
    <p class='ocr_par' dir='ltr' id='par_1_52' title="bbox 2323 2382 3726 2454">
     <span class='ocr_line' id='line_1_52' title="bbox 2323 2382 3726 2454; baseline 0.001 -18"><span class='ocrx_word' id='word_1_337' title='bbox 2323 2382 2664 2450; x_wconf 83' lang='lat' dir='ltr'><strong>lcriticorum,</strong></span> <span class='ocrx_word' id='word_1_338' title='bbox 2682 2393 2834 2454; x_wconf 70' lang='lat' dir='ltr'><strong>(itque</strong></span> <span class='ocrx_word' id='word_1_339' title='bbox 2846 2387 3101 2454; x_wconf 81' lang='lat' dir='ltr'><strong>sequentis</strong></span> <span class='ocrx_word' id='word_1_340' title='bbox 3115 2386 3316 2439; x_wconf 82' lang='lat' dir='ltr'><strong>ordinis</strong></span> <span class='ocrx_word' id='word_1_341' title='bbox 3333 2388 3509 2440; x_wconf 83' lang='lat' dir='ltr'><strong>minist</strong></span> <span class='ocrx_word' id='word_1_342' title='bbox 3517 2390 3726 2442; x_wconf 79' lang='lat' dir='ltr'><strong>matiam.</strong></span> 
     </span>
    </p>
   </div>
   <div class='ocr_carea' id='block_1_53' title="bbox 2324 2513 3776 2586">
    <p class='ocr_par' dir='ltr' id='par_1_53' title="bbox 2324 2513 3776 2586">
     <span class='ocr_line' id='line_1_53' title="bbox 2324 2513 3776 2586; baseline 0 -16"><span class='ocrx_word' id='word_1_343' title='bbox 2324 2513 2681 2583; x_wconf 88' lang='lat' dir='ltr'><strong>Omnipotens</strong></span> <span class='ocrx_word' id='word_1_344' title='bbox 2714 2513 2871 2578; x_wconf 89' lang='lat' dir='ltr'><strong>Deus,</strong></span> <span class='ocrx_word' id='word_1_345' title='bbox 2905 2514 2997 2584; x_wconf 90' lang='lat' dir='ltr'><strong>qui</strong></span> <span class='ocrx_word' id='word_1_346' title='bbox 3027 2527 3121 2584; x_wconf 91' lang='lat' dir='ltr'><strong>per</strong></span> <span class='ocrx_word' id='word_1_347' title='bbox 3143 2514 3363 2586; x_wconf 84' lang='lat' dir='ltr'><strong>Moysen</strong></span> <span class='ocrx_word' id='word_1_348' title='bbox 3391 2515 3636 2570; x_wconf 70' lang='lat' dir='ltr'><strong>latnttlttm</strong></span> <span class='ocrx_word' id='word_1_349' title='bbox 3665 2527 3776 2570; x_wconf 83' lang='lat' dir='ltr'><strong>tuum</strong></span> 
     </span>
    </p>
   </div>
   <div class='ocr_carea' id='block_1_54' title="bbox 2254 2604 3776 2677">
    <p class='ocr_par' dir='ltr' id='par_1_54' title="bbox 2254 2604 3776 2677">
     <span class='ocr_line' id='line_1_54' title="bbox 2254 2604 3776 2677; baseline -0.001 -16"><span class='ocrx_word' id='word_1_350' title='bbox 2254 2604 2582 2676; x_wconf 81' lang='lat' dir='ltr'><strong>pontiﬁcalia</strong></span> <span class='ocrx_word' id='word_1_351' title='bbox 2614 2613 2775 2676; x_wconf 89' lang='lat' dir='ltr'><strong>atque</strong></span> <span class='ocrx_word' id='word_1_352' title='bbox 2804 2605 3017 2660; x_wconf 85' lang='lat' dir='ltr'><strong>levitica</strong></span> <span class='ocrx_word' id='word_1_353' title='bbox 3060 2606 3385 2661; x_wconf 86' lang='lat' dir='ltr'><strong>vestimenta</strong></span> <span class='ocrx_word' id='word_1_354' title='bbox 3419 2608 3486 2662; x_wconf 87' lang='lat' dir='ltr'><strong>ad</strong></span> <span class='ocrx_word' id='word_1_355' title='bbox 3513 2607 3776 2677; x_wconf 80' lang='lat' dir='ltr'><strong>explendum</strong></span> 
     </span>
    </p>
   </div>
   <div class='ocr_carea' id='block_1_55' title="bbox 2257 2697 3777 2768">
    <p class='ocr_par' dir='ltr' id='par_1_55' title="bbox 2257 2697 3777 2768">
     <span class='ocr_line' id='line_1_55' title="bbox 2257 2697 3777 2768; baseline -0.001 -16"><span class='ocrx_word' id='word_1_356' title='bbox 2257 2698 2311 2752; x_wconf 91' lang='lat' dir='ltr'><strong>in</strong></span> <span class='ocrx_word' id='word_1_357' title='bbox 2337 2705 2630 2768; x_wconf 82' lang='lat' dir='ltr'><strong>conspectu</strong></span> <span class='ocrx_word' id='word_1_358' title='bbox 2660 2707 2752 2754; x_wconf 91' lang='lat' dir='ltr'><strong>tuo</strong></span> <span class='ocrx_word' id='word_1_359' title='bbox 2774 2697 3140 2753; x_wconf 89' lang='lat' dir='ltr'><strong>ministerium</strong></span> <span class='ocrx_word' id='word_1_360' title='bbox 3171 2713 3386 2765; x_wconf 90' lang='lat' dir='ltr'><strong>eorum,</strong></span> <span class='ocrx_word' id='word_1_361' title='bbox 3415 2707 3470 2754; x_wconf 89' lang='lat' dir='ltr'><strong>et</strong></span> <span class='ocrx_word' id='word_1_362' title='bbox 3493 2699 3556 2753; x_wconf 88' lang='lat' dir='ltr'><strong>ad</strong></span> <span class='ocrx_word' id='word_1_363' title='bbox 3582 2700 3777 2754; x_wconf 81' lang='lat' dir='ltr'><strong>decorent</strong></span> 
     </span>
    </p>
   </div>
   <div class='ocr_carea' id='block_1_56' title="bbox 2255 2788 3777 2859">
    <p class='ocr_par' dir='ltr' id='par_1_56' title="bbox 2255 2788 3777 2859">
     <span class='ocr_line' id='line_1_56' title="bbox 2255 2788 3777 2859; baseline -0.003 -13"><span class='ocrx_word' id='word_1_364' title='bbox 2255 2806 2349 2846; x_wconf 87' lang='lat' dir='ltr'><strong>seu</strong></span> <span class='ocrx_word' id='word_1_365' title='bbox 2375 2789 2590 2847; x_wconf 88' lang='lat' dir='ltr'><strong>laudem</strong></span> <span class='ocrx_word' id='word_1_366' title='bbox 2621 2790 2856 2846; x_wconf 84' lang='lat' dir='ltr'><strong>nominis</strong></span> <span class='ocrx_word' id='word_1_367' title='bbox 2887 2790 2964 2844; x_wconf 91' lang='lat' dir='ltr'><strong>tui</strong></span> <span class='ocrx_word' id='word_1_368' title='bbox 3000 2788 3116 2845; x_wconf 83' lang='lat' dir='ltr'><strong>ﬁeri</strong></span> <span class='ocrx_word' id='word_1_369' title='bbox 3137 2791 3471 2858; x_wconf 88' lang='lat' dir='ltr'><strong>decrevisti;</strong></span> <span class='ocrx_word' id='word_1_370' title='bbox 3504 2792 3670 2846; x_wconf 88' lang='lat' dir='ltr'><strong>adesto</strong></span> <span class='ocrx_word' id='word_1_371' title='bbox 3689 2805 3777 2859; x_wconf 90' lang='lat' dir='ltr'><strong>pro-</strong></span> 
     </span>
    </p>
   </div>
   <div class='ocr_carea' id='block_1_57' title="bbox 2253 2881 3775 2955">
    <p class='ocr_par' dir='ltr' id='par_1_57' title="bbox 2253 2881 3775 2955">
     <span class='ocr_line' id='line_1_57' title="bbox 2253 2881 3775 2955; baseline -0.003 -17"><span class='ocrx_word' id='word_1_372' title='bbox 2253 2884 2418 2955; x_wconf 85' lang='lat' dir='ltr'><strong>pitius</strong></span> <span class='ocrx_word' id='word_1_373' title='bbox 2445 2881 2883 2939; x_wconf 90' lang='lat' dir='ltr'><strong>invocationibus</strong></span> <span class='ocrx_word' id='word_1_374' title='bbox 2913 2883 3135 2950; x_wconf 90' lang='lat' dir='ltr'><strong>nostris,</strong></span> <span class='ocrx_word' id='word_1_375' title='bbox 3168 2891 3222 2936; x_wconf 89' lang='lat' dir='ltr'><strong>et</strong></span> <span class='ocrx_word' id='word_1_376' title='bbox 3249 2883 3367 2938; x_wconf 76' lang='lat' dir='ltr'><strong>hzec</strong></span> <span class='ocrx_word' id='word_1_377' title='bbox 3401 2884 3685 2938; x_wconf 85' lang='lat' dir='ltr'><strong>indumenta</strong></span> <span class='ocrx_word' id='word_1_378' title='bbox 3713 2896 3775 2935; x_wconf 84' lang='lat' dir='ltr'><strong>sa-</strong></span> 
     </span>
    </p>
   </div>
   <div class='ocr_carea' id='block_1_58' title="bbox 2253 2973 3775 3044">
    <p class='ocr_par' dir='ltr' id='par_1_58' title="bbox 2253 2973 3775 3044">
     <span class='ocr_line' id='line_1_58' title="bbox 2253 2973 3775 3044; baseline -0.005 -13"><span class='ocrx_word' id='word_1_379' title='bbox 2253 2975 2548 3032; x_wconf 90' lang='lat' dir='ltr'><strong>cerdotalia</strong></span> <span class='ocrx_word' id='word_1_380' title='bbox 2589 2973 2774 3029; x_wconf 81' lang='lat' dir='ltr'><strong>famuli</strong></span> <span class='ocrx_word' id='word_1_381' title='bbox 2822 2982 2878 3029; x_wconf 90' lang='lat' dir='ltr'><strong>et</strong></span> <span class='ocrx_word' id='word_1_382' title='bbox 2917 2974 3217 3030; x_wconf 88' lang='lat' dir='ltr'><strong>sacerdotis</strong></span> <span class='ocrx_word' id='word_1_383' title='bbox 3253 2975 3329 3029; x_wconf 91' lang='lat' dir='ltr'><strong>tui</strong></span> <span class='ocrx_word' id='word_1_384' title='bbox 3373 2975 3600 3044; x_wconf 89' lang='lat' dir='ltr'><strong>desuper</strong></span> <span class='ocrx_word' id='word_1_385' title='bbox 3645 2973 3775 3044; x_wconf 78' lang='lat' dir='ltr'><strong>gratia</strong></span> 
     </span>
    </p>
   </div>
   <div class='ocr_carea' id='block_1_59' title="bbox 2255 3065 3776 3136">
    <p class='ocr_par' dir='ltr' id='par_1_59' title="bbox 2255 3065 3776 3136">
     <span class='ocr_line' id='line_1_59' title="bbox 2255 3065 3776 3136; baseline -0.002 -16"><span class='ocrx_word' id='word_1_386' title='bbox 2255 3074 2346 3120; x_wconf 90' lang='lat' dir='ltr'><strong>tua</strong></span> <span class='ocrx_word' id='word_1_387' title='bbox 2374 3066 2657 3136; x_wconf 84' lang='lat' dir='ltr'><strong>irrigante,</strong></span> <span class='ocrx_word' id='word_1_388' title='bbox 2710 3076 2800 3120; x_wconf 89' lang='lat' dir='ltr'><strong>tua</strong></span> <span class='ocrx_word' id='word_1_389' title='bbox 2847 3065 3050 3135; x_wconf 80' lang='lat' dir='ltr'><strong>ingenti</strong></span> <span class='ocrx_word' id='word_1_390' title='bbox 3081 3066 3465 3122; x_wconf 87' lang='lat' dir='ltr'><strong>benedictione</strong></span> <span class='ocrx_word' id='word_1_391' title='bbox 3501 3081 3593 3136; x_wconf 82' lang='lat' dir='ltr'><strong>per</strong></span> <span class='ocrx_word' id='word_1_392' title='bbox 3623 3076 3776 3120; x_wconf 58' lang='lat' dir='ltr'><strong>nostra</strong></span> 
     </span>
    </p>
   </div>
   <div class='ocr_carea' id='block_1_60' title="bbox 567 3124 3776 3229">
    <p class='ocr_par' dir='ltr' id='par_1_60' title="bbox 567 3124 3776 3229">
     <span class='ocr_line' id='line_1_60' title="bbox 567 3124 3776 3229; baseline -0.003 -12"><span class='ocrx_word' id='word_1_393' title='bbox 567 3124 824 3229; x_wconf 28' lang='lat' dir='ltr'><strong>inﬁmi]?</strong></span> <span class='ocrx_word' id='word_1_394' title='bbox 844 3139 1042 3229; x_wconf 49' lang='grc' dir='ltr'><strong>Ῡθψυδ</strong></span> <span class='ocrx_word' id='word_1_395' title='bbox 1071 3133 1127 3226; x_wconf 46' lang='lat' dir='ltr'><strong>e,‘</strong></span> <span class='ocrx_word' id='word_1_396' title='bbox 1153 3125 1496 3229; x_wconf 44' lang='grc' dir='ltr'><strong>,έτηξευίηθηξ</strong></span> <span class='ocrx_word' id='word_1_397' title='bbox 1531 3124 1652 3179; x_wconf 59' lang='lat' dir='ltr'><strong>Filii</strong></span> <span class='ocrx_word' id='word_1_398' title='bbox 1683 3125 1759 3180; x_wconf 69' lang='lat' dir='ltr'><strong>mi</strong></span> <span class='ocrx_word' id='word_1_399' title='bbox 1791 3125 1892 3180; x_wconf 62' lang='lat' dir='ltr'><strong>Dm</strong></span> <span class='ocrx_word' id='word_1_400' title='bbox 1943 3127 2027 3181; x_wconf 66' lang='lat' dir='ltr'><strong>&quot;ri</strong></span> <span class='ocrx_word' id='word_1_401' title='bbox 2053 3127 2148 3183; x_wconf 67' lang='lat' dir='ltr'><strong>Ib&quot;</strong></span> <span class='ocrx_word' id='word_1_402' title='bbox 2179 3141 2223 3202; x_wconf 68' lang='grc' dir='ltr'><strong>(ἶ</strong></span> <span class='ocrx_word' id='word_1_403' title='bbox 2259 3124 2584 3215; x_wconf 68' lang='lat' dir='ltr'><strong>humilitatis</strong></span> <span class='ocrx_word' id='word_1_404' title='bbox 2614 3124 2935 3215; x_wconf 66' lang='lat' dir='ltr'><strong>servitutem</strong></span> <span class='ocrx_word' id='word_1_405' title='bbox 2968 3157 3256 3229; x_wconf 89' lang='lat' dir='ltr'><strong>purilicare</strong></span> <span class='ocrx_word' id='word_1_406' title='bbox 3284 3124 3604 3214; x_wconf 73' lang='lat' dir='ltr'><strong>benedicere</strong></span> <span class='ocrx_word' id='word_1_407' title='bbox 3624 3169 3667 3212; x_wconf 89' lang='lat' dir='ltr'><strong>et</strong></span> <span class='ocrx_word' id='word_1_408' title='bbox 3683 3172 3776 3212; x_wconf 88' lang='lat' dir='ltr'><strong>con-</strong></span> 
     </span>
    </p>
   </div>
   <div class='ocr_carea' id='block_1_61' title="bbox 569 3211 1520 3284">
    <p class='ocr_par' dir='ltr' id='par_1_61' title="bbox 569 3211 1520 3284">
     <span class='ocr_line' id='line_1_61' title="bbox 569 3211 1520 3284; baseline 0.004 -19"><span class='ocrx_word' id='word_1_409' title='bbox 569 3211 692 3281; x_wconf 78' lang='lat' dir='ltr'><strong>Xpi.</strong></span> <span class='ocrx_word' id='word_1_410' title='bbox 723 3211 824 3280; x_wconf 85' lang='lat' dir='ltr'><strong>Qui</strong></span> <span class='ocrx_word' id='word_1_411' title='bbox 853 3222 1028 3268; x_wconf 89' lang='lat' dir='ltr'><strong>tecum</strong></span> <span class='ocrx_word' id='word_1_412' title='bbox 1060 3214 1194 3268; x_wconf 88' lang='lat' dir='ltr'><strong>vivit</strong></span> <span class='ocrx_word' id='word_1_413' title='bbox 1219 3223 1276 3268; x_wconf 89' lang='lat' dir='ltr'><strong>et</strong></span> <span class='ocrx_word' id='word_1_414' title='bbox 1312 3222 1520 3284; x_wconf 90' lang='lat' dir='ltr'><strong>regnat.</strong></span> 
     </span>
    </p>
   </div>
   <div class='ocr_carea' id='block_1_62' title="bbox 818 3301 1904 3376">
    <p class='ocr_par' dir='ltr' id='par_1_62' title="bbox 818 3301 1904 3376">
     <span class='ocr_line' id='line_1_62' title="bbox 818 3301 1904 3376; baseline 0.004 -20"><span class='ocrx_word' id='word_1_415' title='bbox 818 3301 953 3356; x_wconf 83' lang='lat' dir='ltr'><strong>Item</strong></span> <span class='ocrx_word' id='word_1_416' title='bbox 983 3303 1270 3356; x_wconf 85' lang='lat' dir='ltr'><strong>benedictio</strong></span> <span class='ocrx_word' id='word_1_417' title='bbox 1297 3304 1366 3356; x_wconf 89' lang='lat' dir='ltr'><strong>ad</strong></span> <span class='ocrx_word' id='word_1_418' title='bbox 1405 3303 1686 3358; x_wconf 85' lang='lat' dir='ltr'><strong>linteanten</strong></span> <span class='ocrx_word' id='word_1_419' title='bbox 1731 3304 1904 3376; x_wconf 72' lang='lat'><strong>(189).</strong></span> 
     </span>
    </p>
   </div>
   <div class='ocr_carea' id='block_1_63' title="bbox 639 3394 2147 3466">
    <p class='ocr_par' dir='ltr' id='par_1_63' title="bbox 639 3394 2147 3466">
     <span class='ocr_line' id='line_1_63' title="bbox 639 3394 2147 3466; baseline -0.005 -5"><span class='ocrx_word' id='word_1_420' title='bbox 639 3395 844 3461; x_wconf 55' lang='lat' dir='ltr'><strong>Exaudi</strong></span> <span class='ocrx_word' id='word_1_421' title='bbox 877 3394 1100 3451; x_wconf 90' lang='lat' dir='ltr'><strong>Domine</strong></span> <span class='ocrx_word' id='word_1_422' title='bbox 1126 3409 1316 3466; x_wconf 90' lang='lat' dir='ltr'><strong>preces</strong></span> <span class='ocrx_word' id='word_1_423' title='bbox 1357 3403 1594 3458; x_wconf 80' lang='lat' dir='ltr'><strong>nostras,</strong></span> <span class='ocrx_word' id='word_1_424' title='bbox 1627 3405 1682 3452; x_wconf 91' lang='lat' dir='ltr'><strong>et</strong></span> <span class='ocrx_word' id='word_1_425' title='bbox 1716 3397 1821 3452; x_wconf 93' lang='lat' dir='ltr'><strong>hoc</strong></span> <span class='ocrx_word' id='word_1_426' title='bbox 1857 3397 2147 3453; x_wconf 88' lang='lat' dir='ltr'><strong>linteamen</strong></span> 
     </span>
    </p>
   </div>
   <div class='ocr_carea' id='block_1_64' title="bbox 562 3487 2150 3559">
    <p class='ocr_par' dir='ltr' id='par_1_64' title="bbox 562 3487 2150 3559">
     <span class='ocr_line' id='line_1_64' title="bbox 562 3487 2150 3559; baseline -0.006 -6"><span class='ocrx_word' id='word_1_427' title='bbox 562 3500 702 3555; x_wconf 78' lang='lat' dir='ltr'><strong>sacri</strong></span> <span class='ocrx_word' id='word_1_428' title='bbox 734 3487 1024 3553; x_wconf 64' lang='lat' dir='ltr'><strong>ministerii</strong></span> <span class='ocrx_word' id='word_1_429' title='bbox 1051 3487 1170 3543; x_wconf 91' lang='lat' dir='ltr'><strong>usui</strong></span> <span class='ocrx_word' id='word_1_430' title='bbox 1193 3495 1556 3559; x_wconf 84' lang='lat' dir='ltr'><strong>praeparatum</strong></span> <span class='ocrx_word' id='word_1_431' title='bbox 1588 3489 1910 3546; x_wconf 90' lang='lat' dir='ltr'><strong>benedicere</strong></span> <span class='ocrx_word' id='word_1_432' title='bbox 1931 3499 1986 3547; x_wconf 90' lang='lat' dir='ltr'><strong>et</strong></span> <span class='ocrx_word' id='word_1_433' title='bbox 2025 3506 2150 3546; x_wconf 86' lang='lat' dir='ltr'><strong>san-</strong></span> 
     </span>
    </p>
   </div>
   <div class='ocr_carea' id='block_1_65' title="bbox 565 3579 1254 3660">
    <p class='ocr_par' dir='ltr' id='par_1_65' title="bbox 565 3579 1254 3660">
     <span class='ocr_line' id='line_1_65' title="bbox 565 3579 1254 3660; baseline -0.001 -16"><span class='ocrx_word' id='word_1_434' title='bbox 565 3591 806 3646; x_wconf 75' lang='lat' dir='ltr'><strong>etiticare</strong></span> <span class='ocrx_word' id='word_1_435' title='bbox 836 3588 1097 3660; x_wconf 83' lang='lat' dir='ltr'><strong>digneris.</strong></span> <span class='ocrx_word' id='word_1_436' title='bbox 1125 3579 1254 3644; x_wconf 67' lang='lat' dir='ltr'><strong>Per-</strong></span> 
     </span>
    </p>
   </div>
   <div class='ocr_carea' id='block_1_66' title="bbox 538 3671 2144 3736">
    <p class='ocr_par' dir='ltr' id='par_1_66' title="bbox 538 3671 2144 3736">
     <span class='ocr_line' id='line_1_66' title="bbox 538 3671 2144 3736; baseline -0.004 -2"><span class='ocrx_word' id='word_1_437' title='bbox 538 3683 693 3734; x_wconf 42' lang='lat' dir='ltr'><strong>‘ltem</strong></span> <span class='ocrx_word' id='word_1_438' title='bbox 747 3680 998 3736; x_wconf 73' lang='lat' dir='ltr'><strong>benedici.</strong></span> <span class='ocrx_word' id='word_1_439' title='bbox 1031 3679 1100 3733; x_wconf 88' lang='lat' dir='ltr'><strong>ad</strong></span> <span class='ocrx_word' id='word_1_440' title='bbox 1158 3671 1468 3733; x_wconf 73' lang='lat' dir='ltr'><strong>linteamina</strong></span> <span class='ocrx_word' id='word_1_441' title='bbox 1519 3682 1566 3727; x_wconf 89' lang='lat' dir='ltr'><strong>et</strong></span> <span class='ocrx_word' id='word_1_442' title='bbox 1611 3672 1682 3726; x_wconf 88' lang='lat' dir='ltr'><strong>ad</strong></span> <span class='ocrx_word' id='word_1_443' title='bbox 1711 3674 1888 3728; x_wconf 87' lang='lat' dir='ltr'><strong>omnia</strong></span> <span class='ocrx_word' id='word_1_444' title='bbox 1938 3690 2065 3730; x_wconf 80' lang='lat' dir='ltr'><strong>uasa</strong></span> <span class='ocrx_word' id='word_1_445' title='bbox 2095 3686 2144 3729; x_wconf 89' lang='lat' dir='ltr'><strong>et</strong></span> 
     </span>
    </p>
   </div>
   <div class='ocr_carea' id='block_1_67' title="bbox 901 3743 1773 3806">
    <p class='ocr_par' dir='ltr' id='par_1_67' title="bbox 901 3743 1773 3806">
     <span class='ocr_line' id='line_1_67' title="bbox 901 3743 1773 3806; baseline -0.001 -1"><span class='ocrx_word' id='word_1_446' title='bbox 901 3752 1247 3806; x_wconf 79' lang='lat' dir='ltr'><strong>instrumenta</strong></span> <span class='ocrx_word' id='word_1_447' title='bbox 1270 3750 1323 3803; x_wconf 85' lang='lat' dir='ltr'><strong>in</strong></span> <span class='ocrx_word' id='word_1_448' title='bbox 1345 3766 1494 3804; x_wconf 80' lang='lat' dir='ltr'><strong>usum</strong></span> <span class='ocrx_word' id='word_1_449' title='bbox 1521 3743 1773 3805; x_wconf 69' lang='lat' dir='ltr'><strong>ecclesiae.</strong></span> 
     </span>
    </p>
   </div>
   <div class='ocr_carea' id='block_1_68' title="bbox 631 3837 2142 3912">
    <p class='ocr_par' dir='ltr' id='par_1_68' title="bbox 631 3837 2142 3912">
     <span class='ocr_line' id='line_1_68' title="bbox 631 3837 2142 3912; baseline -0.004 -16"><span class='ocrx_word' id='word_1_450' title='bbox 631 3841 988 3911; x_wconf 88' lang='lat' dir='ltr'><strong>Omnipotens</strong></span> <span class='ocrx_word' id='word_1_451' title='bbox 1031 3841 1363 3910; x_wconf 88' lang='lat' dir='ltr'><strong>sempiterne</strong></span> <span class='ocrx_word' id='word_1_452' title='bbox 1403 3839 1544 3896; x_wconf 90' lang='lat' dir='ltr'><strong>Deus</strong></span> <span class='ocrx_word' id='word_1_453' title='bbox 1585 3840 1697 3896; x_wconf 83' lang='lat' dir='ltr'><strong>Rex</strong></span> <span class='ocrx_word' id='word_1_454' title='bbox 1730 3851 1915 3912; x_wconf 80' lang='lat' dir='ltr'><strong>regum</strong></span> <span class='ocrx_word' id='word_1_455' title='bbox 1947 3844 2005 3896; x_wconf 79' lang='lat' dir='ltr'><strong>et</strong></span> <span class='ocrx_word' id='word_1_456' title='bbox 2037 3837 2142 3891; x_wconf 87' lang='lat' dir='ltr'><strong>Do-</strong></span> 
     </span>
    </p>
   </div>
   <div class='ocr_carea' id='block_1_69' title="bbox 634 3953 2141 4028">
    <p class='ocr_par' dir='ltr' id='par_1_69' title="bbox 634 3953 2141 4028">
     <span class='ocr_line' id='line_1_69' title="bbox 634 3953 2141 4028; baseline 0.001 -18"><span class='ocrx_word' id='word_1_457' title='bbox 634 3956 782 4028; x_wconf 72' lang='lat' dir='ltr'><strong>(l87)</strong></span> <span class='ocrx_word' id='word_1_458' title='bbox 807 3955 930 4011; x_wconf 87' lang='lat' dir='ltr'><strong>Post</strong></span> <span class='ocrx_word' id='word_1_459' title='bbox 953 3955 995 4010; x_wconf 90' lang='lat' dir='ltr'><strong>ri</strong></span> <span class='ocrx_word' id='word_1_460' title='bbox 1005 3953 1491 4028; x_wconf 75' lang='lat' dir='ltr'><strong>tu_m_tiedicationis</strong></span> <span class='ocrx_word' id='word_1_461' title='bbox 1507 3955 1876 4028; x_wconf 13' lang='lat' dir='ltr'><strong>etialtarium,</strong></span> <span class='ocrx_word' id='word_1_462' title='bbox 1897 3957 2141 4026; x_wconf 86' lang='lat' dir='ltr'><strong>sequitur</strong></span> 
     </span>
    </p>
   </div>
   <div class='ocr_carea' id='block_1_70' title="bbox 560 4024 2139 4090">
    <p class='ocr_par' dir='ltr' id='par_1_70' title="bbox 560 4024 2139 4090">
     <span class='ocr_line' id='line_1_70' title="bbox 560 4024 2139 4090; baseline -0.001 -9"><span class='ocrx_word' id='word_1_463' title='bbox 560 4024 870 4082; x_wconf 84' lang='lat' dir='ltr'><strong>immediate</strong></span> <span class='ocrx_word' id='word_1_464' title='bbox 893 4029 946 4080; x_wconf 92' lang='lat' dir='ltr'><strong>in</strong></span> <span class='ocrx_word' id='word_1_465' title='bbox 971 4026 1092 4080; x_wconf 91' lang='lat' dir='ltr'><strong>cod.</strong></span> <span class='ocrx_word' id='word_1_466' title='bbox 1119 4024 1343 4079; x_wconf 83' lang='lat' dir='ltr'><strong>Vindob.</strong></span> <span class='ocrx_word' id='word_1_467' title='bbox 1380 4025 1542 4080; x_wconf 90' lang='lat' dir='ltr'><strong>theol.</strong></span> <span class='ocrx_word' id='word_1_468' title='bbox 1566 4026 1692 4090; x_wconf 79' lang='lat'><strong>559,</strong></span> <span class='ocrx_word' id='word_1_469' title='bbox 1722 4028 1798 4080; x_wconf 93' lang='lat' dir='ltr'><strong>uti</strong></span> <span class='ocrx_word' id='word_1_470' title='bbox 1823 4029 1956 4081; x_wconf 88' lang='lat' dir='ltr'><strong>alias</strong></span> <span class='ocrx_word' id='word_1_471' title='bbox 1977 4024 2139 4080; x_wconf 81' lang='lat' dir='ltr'><strong>etiam</strong></span> 
     </span>
    </p>
   </div>
   <div class='ocr_carea' id='block_1_71' title="bbox 566 4097 2143 4152">
    <p class='ocr_par' dir='ltr' id='par_1_71' title="bbox 566 4097 2143 4152">
     <span class='ocr_line' id='line_1_71' title="bbox 566 4097 2143 4152; baseline -0.002 0"><span class='ocrx_word' id='word_1_472' title='bbox 566 4098 871 4152; x_wconf 88' lang='lat' dir='ltr'><strong>benedictio</strong></span> <span class='ocrx_word' id='word_1_473' title='bbox 903 4097 1279 4151; x_wconf 90' lang='lat' dir='ltr'><strong>liuteaminum</strong></span> <span class='ocrx_word' id='word_1_474' title='bbox 1305 4098 1536 4151; x_wconf 90' lang='lat' dir='ltr'><strong>vestium</strong></span> <span class='ocrx_word' id='word_1_475' title='bbox 1558 4111 1622 4149; x_wconf 90' lang='lat' dir='ltr'><strong>ac</strong></span> <span class='ocrx_word' id='word_1_476' title='bbox 1657 4111 1909 4151; x_wconf 89' lang='lat' dir='ltr'><strong>vasorum</strong></span> <span class='ocrx_word' id='word_1_477' title='bbox 1959 4111 2143 4150; x_wconf 83' lang='lat' dir='ltr'><strong>sacro-</strong></span> 
     </span>
    </p>
   </div>
   <div class='ocr_carea' id='block_1_72' title="bbox 561 4164 2142 4229">
    <p class='ocr_par' dir='ltr' id='par_1_72' title="bbox 561 4164 2142 4229">
     <span class='ocr_line' id='line_1_72' title="bbox 561 4164 2142 4229; baseline -0.001 -10"><span class='ocrx_word' id='word_1_478' title='bbox 561 4183 702 4222; x_wconf 88' lang='lat' dir='ltr'><strong>rum.</strong></span> <span class='ocrx_word' id='word_1_479' title='bbox 725 4165 980 4221; x_wconf 86' lang='lat' dir='ltr'><strong>Testatur</strong></span> <span class='ocrx_word' id='word_1_480' title='bbox 1001 4167 1336 4220; x_wconf 86' lang='lat' dir='ltr'><strong>Sozomenus</strong></span> <span class='ocrx_word' id='word_1_481' title='bbox 1386 4166 1481 4221; x_wconf 87' lang='lat' dir='ltr'><strong>lib.</strong></span> <span class='ocrx_word' id='word_1_482' title='bbox 1543 4181 1581 4219; x_wconf 92' lang='grc' dir='ltr'><strong>ιι</strong></span> <span class='ocrx_word' id='word_1_483' title='bbox 1617 4164 1755 4220; x_wconf 88' lang='lat' dir='ltr'><strong>Hist.</strong></span> <span class='ocrx_word' id='word_1_484' title='bbox 1789 4166 1922 4222; x_wconf 90' lang='lat' dir='ltr'><strong>eccl.</strong></span> <span class='ocrx_word' id='word_1_485' title='bbox 1961 4166 2051 4229; x_wconf 78' lang='lat'><strong>25,</strong></span> <span class='ocrx_word' id='word_1_486' title='bbox 2090 4167 2142 4219; x_wconf 93' lang='lat' dir='ltr'><strong>in</strong></span> 
     </span>
    </p>
   </div>
   <div class='ocr_carea' id='block_1_73' title="bbox 561 4234 2139 4306">
    <p class='ocr_par' dir='ltr' id='par_1_73' title="bbox 561 4234 2139 4306">
     <span class='ocr_line' id='line_1_73' title="bbox 561 4234 2139 4306; baseline -0.001 -14"><span class='ocrx_word' id='word_1_487' title='bbox 561 4237 898 4293; x_wconf 89' lang='lat' dir='ltr'><strong>dedicatione</strong></span> <span class='ocrx_word' id='word_1_488' title='bbox 935 4236 1116 4305; x_wconf 91' lang='lat' dir='ltr'><strong>templi</strong></span> <span class='ocrx_word' id='word_1_489' title='bbox 1150 4234 1625 4306; x_wconf 85' lang='lat' dir='ltr'><strong>llierosolymitani</strong></span> <span class='ocrx_word' id='word_1_490' title='bbox 1646 4251 1676 4288; x_wconf 90' lang='lat' dir='ltr'><strong>a</strong></span> <span class='ocrx_word' id='word_1_491' title='bbox 1697 4235 2053 4291; x_wconf 88' lang='lat' dir='ltr'><strong>Constantino</strong></span> <span class='ocrx_word' id='word_1_492' title='bbox 2068 4235 2139 4290; x_wconf 84' lang='lat' dir='ltr'><strong>M.</strong></span> 
     </span>
    </p>
   </div>
   <div class='ocr_carea' id='block_1_74' title="bbox 561 4305 2139 4374">
    <p class='ocr_par' dir='ltr' id='par_1_74' title="bbox 561 4305 2139 4374">
     <span class='ocr_line' id='line_1_74' title="bbox 561 4305 2139 4374; baseline -0.003 -13"><span class='ocrx_word' id='word_1_493' title='bbox 561 4308 846 4372; x_wconf 83' lang='lat' dir='ltr'><strong>exstructi,</strong></span> <span class='ocrx_word' id='word_1_494' title='bbox 877 4305 1163 4374; x_wconf 71' lang='lat' dir='ltr'><strong>benedicta</strong></span> <span class='ocrx_word' id='word_1_495' title='bbox 1178 4305 1343 4358; x_wconf 78' lang='lat' dir='ltr'><strong>fuisse</strong></span> <span class='ocrx_word' id='word_1_496' title='bbox 1357 4305 1423 4359; x_wconf 89' lang='lat' dir='ltr'><strong>ab</strong></span> <span class='ocrx_word' id='word_1_497' title='bbox 1443 4305 1709 4374; x_wconf 88' lang='lat' dir='ltr'><strong>episcopis</strong></span> <span class='ocrx_word' id='word_1_498' title='bbox 1723 4308 1868 4361; x_wconf 87' lang='lat' dir='ltr'><strong>varia</strong></span> <span class='ocrx_word' id='word_1_499' title='bbox 1898 4322 2139 4369; x_wconf 87' lang='lat' dir='ltr'><strong>munera,</strong></span> 
     </span>
    </p>
   </div>
   <div class='ocr_carea' id='block_1_75' title="bbox 563 4358 2218 4444">
    <p class='ocr_par' dir='ltr' id='par_1_75' title="bbox 563 4358 2218 4444">
     <span class='ocr_line' id='line_1_75' title="bbox 563 4358 2218 4444; baseline 0 -14"><span class='ocrx_word' id='word_1_500' title='bbox 563 4358 1100 4431; x_wconf 47' lang='lat' dir='ltr'><strong>{saginas‘onmm</strong></span> <span class='ocrx_word' id='word_1_501' title='bbox 1133 4362 1316 4442; x_wconf 77' lang='lat' dir='ltr'><strong>‘tdque</strong></span> <span class='ocrx_word' id='word_1_502' title='bbox 1367 4358 2139 4444; x_wconf 45' lang='lat' dir='ltr'><strong>postea&#39;sbtem&#39;netuisseﬁn</strong></span> <span class='ocrx_word' id='word_1_503' title='bbox 2173 4358 2218 4417; x_wconf 77' lang='grc' dir='ltr'><strong>Ι)</strong></span> 
     </span>
    </p>
   </div>
   <div class='ocr_carea' id='block_1_76' title="bbox 562 4444 2138 4516">
    <p class='ocr_par' dir='ltr' id='par_1_76' title="bbox 562 4444 2138 4516">
     <span class='ocr_line' id='line_1_76' title="bbox 562 4444 2138 4516; baseline 0 -16"><span class='ocrx_word' id='word_1_504' title='bbox 562 4447 634 4516; x_wconf 73' lang='grc' dir='ltr'>ἱιι</span> <span class='ocrx_word' id='word_1_505' title='bbox 665 4448 777 4516; x_wconf 82' lang='lat' dir='ltr'><strong>ipsa</strong></span> <span class='ocrx_word' id='word_1_506' title='bbox 825 4445 1009 4500; x_wconf 90' lang='lat' dir='ltr'><strong>statim</strong></span> <span class='ocrx_word' id='word_1_507' title='bbox 1058 4444 1422 4501; x_wconf 79' lang='lat' dir='ltr'><strong>Ecclesiarum</strong></span> <span class='ocrx_word' id='word_1_508' title='bbox 1450 4446 1789 4501; x_wconf 86' lang='lat' dir='ltr'><strong>dedicatione</strong></span> <span class='ocrx_word' id='word_1_509' title='bbox 1817 4463 1848 4502; x_wconf 89' lang='lat' dir='ltr'><strong>a</strong></span> <span class='ocrx_word' id='word_1_510' title='bbox 1875 4447 2138 4501; x_wconf 88' lang='lat' dir='ltr'><strong>ministris</strong></span> 
     </span>
    </p>
   </div>
   <div class='ocr_carea' id='block_1_77' title="bbox 559 4513 2138 4575">
    <p class='ocr_par' dir='ltr' id='par_1_77' title="bbox 559 4513 2138 4575">
     <span class='ocr_line' id='line_1_77' title="bbox 559 4513 2138 4575; baseline 0.002 -7"><span class='ocrx_word' id='word_1_511' title='bbox 559 4513 882 4571; x_wconf 73' lang='lat' dir='ltr'><strong>offerrentur</strong></span> <span class='ocrx_word' id='word_1_512' title='bbox 906 4524 1244 4575; x_wconf 85' lang='lat' dir='ltr'><strong>ornamenta,</strong></span> <span class='ocrx_word' id='word_1_513' title='bbox 1280 4531 1410 4571; x_wconf 85' lang='lat' dir='ltr'><strong>vasa</strong></span> <span class='ocrx_word' id='word_1_514' title='bbox 1440 4524 1493 4570; x_wconf 91' lang='lat' dir='ltr'><strong>et</strong></span> <span class='ocrx_word' id='word_1_515' title='bbox 1523 4517 1834 4572; x_wconf 88' lang='lat' dir='ltr'><strong>linteamina</strong></span> <span class='ocrx_word' id='word_1_516' title='bbox 1888 4533 2040 4572; x_wconf 86' lang='lat' dir='ltr'><strong>sacra</strong></span> <span class='ocrx_word' id='word_1_517' title='bbox 2072 4534 2138 4572; x_wconf 74' lang='lat' dir='ltr'><strong>ex</strong></span> 
     </span>
    </p>
   </div>
   <div class='ocr_carea' id='block_1_78' title="bbox 563 4585 2140 4657">
    <p class='ocr_par' dir='ltr' id='par_1_78' title="bbox 563 4585 2140 4657">
     <span class='ocr_line' id='line_1_78' title="bbox 563 4585 2140 4657; baseline 0.001 -19"><span class='ocrx_word' id='word_1_518' title='bbox 563 4587 790 4657; x_wconf 80' lang='lat' dir='ltr'><strong>Itcmigii</strong></span> <span class='ocrx_word' id='word_1_519' title='bbox 843 4585 1283 4641; x_wconf 86' lang='lat' dir='ltr'><strong>Altisiodorensis</strong></span> <span class='ocrx_word' id='word_1_520' title='bbox 1313 4595 1470 4642; x_wconf 89' lang='lat' dir='ltr'><strong>tract.</strong></span> <span class='ocrx_word' id='word_1_521' title='bbox 1516 4588 1582 4642; x_wconf 89' lang='lat' dir='ltr'><strong>de</strong></span> <span class='ocrx_word' id='word_1_522' title='bbox 1634 4589 1808 4644; x_wconf 90' lang='lat' dir='ltr'><strong>dedic.</strong></span> <span class='ocrx_word' id='word_1_523' title='bbox 1857 4588 2001 4642; x_wconf 87' lang='lat' dir='ltr'><strong>Eccl.</strong></span> <span class='ocrx_word' id='word_1_524' title='bbox 2029 4604 2077 4642; x_wconf 92' lang='lat' dir='ltr'><strong>c.</strong></span> <span class='ocrx_word' id='word_1_525' title='bbox 2111 4589 2140 4640; x_wconf 90' lang='lat'><strong>7</strong></span> 
     </span>
    </p>
   </div>
   <div class='ocr_carea' id='block_1_79' title="bbox 561 4666 788 4712">
    <p class='ocr_par' dir='ltr' id='par_1_79' title="bbox 561 4666 788 4712">
     <span class='ocr_line' id='line_1_79' title="bbox 561 4666 788 4712; baseline 0 -2"><span class='ocrx_word' id='word_1_526' title='bbox 561 4666 788 4712; x_wconf 69' lang='lat' dir='ltr'><strong>constat.</strong></span> 
     </span>
    </p>
   </div>
   <div class='ocr_carea' id='block_1_80' title="bbox 847 4725 1884 4799">
    <p class='ocr_par' dir='ltr' id='par_1_80' title="bbox 847 4725 1884 4799">
     <span class='ocr_line' id='line_1_80' title="bbox 847 4725 1884 4799; baseline 0.001 -17"><span class='ocrx_word' id='word_1_527' title='bbox 847 4727 993 4799; x_wconf 74' lang='lat'><strong>(188)</strong></span> <span class='ocrx_word' id='word_1_528' title='bbox 1020 4725 1104 4781; x_wconf 81' lang='lat' dir='ltr'><strong>Ex</strong></span> <span class='ocrx_word' id='word_1_529' title='bbox 1136 4744 1262 4782; x_wconf 87' lang='lat' dir='ltr'><strong>mes.</strong></span> <span class='ocrx_word' id='word_1_530' title='bbox 1293 4727 1476 4794; x_wconf 83' lang='lat' dir='ltr'><strong>theol.,</strong></span> <span class='ocrx_word' id='word_1_531' title='bbox 1517 4745 1570 4782; x_wconf 84' lang='grc' dir='ltr'><strong>η.</strong></span> <span class='ocrx_word' id='word_1_532' title='bbox 1600 4729 1724 4782; x_wconf 83' lang='lat'><strong>277.</strong></span> <span class='ocrx_word' id='word_1_533' title='bbox 1754 4730 1884 4784; x_wconf 76' lang='lat' dir='ltr'><strong>solo.</strong></span> 
     </span>
    </p>
   </div>
   <div class='ocr_carea' id='block_1_81' title="bbox 635 4818 2141 4894">
    <p class='ocr_par' dir='ltr' id='par_1_81' title="bbox 635 4818 2141 4894">
     <span class='ocr_line' id='line_1_81' title="bbox 635 4818 2141 4894; baseline 0.007 -24"><span class='ocrx_word' id='word_1_534' title='bbox 635 4818 773 4894; x_wconf 61' lang='lat' dir='ltr'><strong>Alia.</strong></span> <span class='ocrx_word' id='word_1_535' title='bbox 806 4820 1034 4874; x_wconf 90' lang='lat' dir='ltr'><strong>Domine</strong></span> <span class='ocrx_word' id='word_1_536' title='bbox 1061 4819 1218 4894; x_wconf 85' lang='lat' dir='ltr'><strong>Deus,</strong></span> <span class='ocrx_word' id='word_1_537' title='bbox 1255 4820 1344 4889; x_wconf 92' lang='lat' dir='ltr'><strong>qui</strong></span> <span class='ocrx_word' id='word_1_538' title='bbox 1367 4819 1480 4888; x_wconf 88' lang='lat' dir='ltr'><strong>jam</strong></span> <span class='ocrx_word' id='word_1_539' title='bbox 1509 4821 1857 4894; x_wconf 82' lang='lat' dir='ltr'><strong>sanctiﬁcare</strong></span> <span class='ocrx_word' id='word_1_540' title='bbox 1887 4823 2141 4894; x_wconf 85' lang='lat' dir='ltr'><strong>dignatus</strong></span> 
     </span>
    </p>
   </div>
   <div class='ocr_carea' id='block_1_82' title="bbox 561 4891 2140 4962">
    <p class='ocr_par' dir='ltr' id='par_1_82' title="bbox 561 4891 2140 4962">
     <span class='ocr_line' id='line_1_82' title="bbox 561 4891 2140 4962; baseline 0.003 -19"><span class='ocrx_word' id='word_1_541' title='bbox 561 4891 752 4962; x_wconf 25' lang='lat' dir='ltr'><strong>CSAIIOC</strong></span> <span class='ocrx_word' id='word_1_542' title='bbox 779 4904 969 4962; x_wconf 71' lang='lat' dir='ltr'><strong>genus</strong></span> <span class='ocrx_word' id='word_1_543' title='bbox 993 4891 1316 4962; x_wconf 80' lang='lat' dir='ltr'><strong>specierum,</strong></span> <span class='ocrx_word' id='word_1_544' title='bbox 1341 4892 1650 4962; x_wconf 73' lang='lat' dir='ltr'><strong>quandoeo</strong></span> <span class='ocrx_word' id='word_1_545' title='bbox 1681 4893 1930 4962; x_wconf 87' lang='lat' dir='ltr'><strong>dignatus</strong></span> <span class='ocrx_word' id='word_1_546' title='bbox 1950 4891 2031 4948; x_wconf 57' lang='lat' dir='ltr'><strong>&#39;es</strong></span> <span class='ocrx_word' id='word_1_547' title='bbox 2057 4895 2140 4948; x_wconf 87' lang='lat' dir='ltr'><strong>in-</strong></span> 
     </span>
    </p>
   </div>
   <div class='ocr_carea' id='block_1_83' title="bbox 563 4959 2140 5036">
    <p class='ocr_par' dir='ltr' id='par_1_83' title="bbox 563 4959 2140 5036">
     <span class='ocr_line' id='line_1_83' title="bbox 563 4959 2140 5036; baseline 0.004 -25"><span class='ocrx_word' id='word_1_548' title='bbox 563 4959 702 5036; x_wconf 79' lang='lat' dir='ltr'><strong>volvi</strong></span> <span class='ocrx_word' id='word_1_549' title='bbox 731 4975 924 5028; x_wconf 89' lang='lat' dir='ltr'><strong>corpus</strong></span> <span class='ocrx_word' id='word_1_550' title='bbox 954 4960 1165 5036; x_wconf 84' lang='lat' dir='ltr'><strong>Domini</strong></span> <span class='ocrx_word' id='word_1_551' title='bbox 1197 4959 1372 5036; x_wconf 81' lang='lat' dir='ltr'><strong>nostri</strong></span> <span class='ocrx_word' id='word_1_552' title='bbox 1401 4960 1527 5016; x_wconf 84' lang='lat' dir='ltr'><strong>Jesu</strong></span> <span class='ocrx_word' id='word_1_553' title='bbox 1550 4959 1763 5018; x_wconf 78' lang='lat' dir='ltr'><strong>Christi</strong></span> <span class='ocrx_word' id='word_1_554' title='bbox 1781 4965 2018 5036; x_wconf 88' lang='lat' dir='ltr'><strong>unigenti</strong></span> <span class='ocrx_word' id='word_1_555' title='bbox 2040 5034 2047 5036; x_wconf 80' lang='lat'><strong><em>_</em></strong></span> <span class='ocrx_word' id='word_1_556' title='bbox 2066 4963 2140 5018; x_wconf 89' lang='lat' dir='ltr'><strong>tui</strong></span> 
     </span>
    </p>
   </div>
   <div class='ocr_carea' id='block_1_84' title="bbox 563 5030 2138 5104">
    <p class='ocr_par' dir='ltr' id='par_1_84' title="bbox 563 5030 2138 5104">
     <span class='ocr_line' id='line_1_84' title="bbox 563 5030 2138 5104; baseline 0.002 -21"><span class='ocrx_word' id='word_1_557' title='bbox 563 5030 614 5104; x_wconf 92' lang='lat' dir='ltr'><strong>i_u</strong></span> <span class='ocrx_word' id='word_1_558' title='bbox 641 5030 791 5104; x_wconf 81' lang='lat' dir='ltr'><strong>beata</strong></span> <span class='ocrx_word' id='word_1_559' title='bbox 828 5031 1094 5104; x_wconf 80' lang='lat' dir='ltr'><strong>passione,</strong></span> <span class='ocrx_word' id='word_1_560' title='bbox 1127 5031 1362 5085; x_wconf 89' lang='lat' dir='ltr'><strong>concede</strong></span> <span class='ocrx_word' id='word_1_561' title='bbox 1393 5047 1698 5104; x_wconf 64' lang='lat' dir='ltr'><strong>qutesnmus</strong></span> <span class='ocrx_word' id='word_1_562' title='bbox 1749 5050 1847 5104; x_wconf 85' lang='lat' dir='ltr'><strong>per</strong></span> <span class='ocrx_word' id='word_1_563' title='bbox 1877 5030 2138 5088; x_wconf 59' lang='lat' dir='ltr'><strong>&#39;eumdem</strong></span> 
     </span>
    </p>
   </div>
   <div class='ocr_carea' id='block_1_85' title="bbox 2261 3247 3777 3320">
    <p class='ocr_par' dir='ltr' id='par_1_85' title="bbox 2261 3247 3777 3320">
     <span class='ocr_line' id='line_1_85' title="bbox 2261 3247 3777 3320; baseline -0.005 -14"><span class='ocrx_word' id='word_1_564' title='bbox 2261 3265 2476 3306; x_wconf 84' lang='lat' dir='ltr'><strong>secrare</strong></span> <span class='ocrx_word' id='word_1_565' title='bbox 2511 3249 2784 3320; x_wconf 76' lang='lat' dir='ltr'><strong>digneris,</strong></span> <span class='ocrx_word' id='word_1_566' title='bbox 2812 3259 2873 3303; x_wconf 90' lang='lat' dir='ltr'><strong>ut</strong></span> <span class='ocrx_word' id='word_1_567' title='bbox 2898 3248 3097 3305; x_wconf 89' lang='lat' dir='ltr'><strong>divinis</strong></span> <span class='ocrx_word' id='word_1_568' title='bbox 3127 3248 3364 3304; x_wconf 86' lang='lat' dir='ltr'><strong>cultibus</strong></span> <span class='ocrx_word' id='word_1_569' title='bbox 3394 3257 3449 3304; x_wconf 90' lang='lat' dir='ltr'><strong>et</strong></span> <span class='ocrx_word' id='word_1_570' title='bbox 3479 3248 3636 3303; x_wconf 87' lang='lat' dir='ltr'><strong>sacris</strong></span> <span class='ocrx_word' id='word_1_571' title='bbox 3663 3247 3777 3300; x_wconf 84' lang='lat' dir='ltr'><strong>mini-</strong></span> 
     </span>
    </p>
   </div>
   <div class='ocr_carea' id='block_1_86' title="bbox 2257 3339 3777 3413">
    <p class='ocr_par' dir='ltr' id='par_1_86' title="bbox 2257 3339 3777 3413">
     <span class='ocr_line' id='line_1_86' title="bbox 2257 3339 3777 3413; baseline -0.006 -15"><span class='ocrx_word' id='word_1_572' title='bbox 2257 3343 2438 3398; x_wconf 77' lang='lat' dir='ltr'><strong>steriis</strong></span> <span class='ocrx_word' id='word_1_573' title='bbox 2465 3350 2590 3413; x_wconf 90' lang='lat' dir='ltr'><strong>apta</strong></span> <span class='ocrx_word' id='word_1_574' title='bbox 2628 3350 2684 3398; x_wconf 91' lang='lat' dir='ltr'><strong>et</strong></span> <span class='ocrx_word' id='word_1_575' title='bbox 2707 3341 2994 3398; x_wconf 85' lang='lat' dir='ltr'><strong>benedicta</strong></span> <span class='ocrx_word' id='word_1_576' title='bbox 3017 3343 3274 3396; x_wconf 80' lang='lat' dir='ltr'><strong>existant.</strong></span> <span class='ocrx_word' id='word_1_577' title='bbox 3306 3339 3404 3396; x_wconf 82' lang='lat' dir='ltr'><strong>His</strong></span> <span class='ocrx_word' id='word_1_578' title='bbox 3427 3355 3629 3412; x_wconf 88' lang='lat' dir='ltr'><strong>quoque</strong></span> <span class='ocrx_word' id='word_1_579' title='bbox 3651 3339 3777 3393; x_wconf 77' lang='lat' dir='ltr'><strong>sacris</strong></span> 
     </span>
    </p>
   </div>
   <div class='ocr_carea' id='block_1_87' title="bbox 2256 3431 3776 3499">
    <p class='ocr_par' dir='ltr' id='par_1_87' title="bbox 2256 3431 3776 3499">
     <span class='ocr_line' id='line_1_87' title="bbox 2256 3431 3776 3499; baseline -0.005 -10"><span class='ocrx_word' id='word_1_580' title='bbox 2256 3436 2497 3490; x_wconf 87' lang='lat' dir='ltr'><strong>vestibus</strong></span> <span class='ocrx_word' id='word_1_581' title='bbox 2520 3433 2841 3490; x_wconf 88' lang='lat' dir='ltr'><strong>sacerdotali</strong></span> <span class='ocrx_word' id='word_1_582' title='bbox 2881 3433 2965 3488; x_wconf 86' lang='lat' dir='ltr'><strong>vel</strong></span> <span class='ocrx_word' id='word_1_583' title='bbox 2989 3432 3163 3488; x_wconf 66' lang='lat' dir='ltr'><strong>levita:</strong></span> <span class='ocrx_word' id='word_1_584' title='bbox 3199 3434 3272 3487; x_wconf 90' lang='lat' dir='ltr'><strong>tui</strong></span> <span class='ocrx_word' id='word_1_585' title='bbox 3304 3433 3502 3499; x_wconf 89' lang='lat' dir='ltr'><strong>induti,</strong></span> <span class='ocrx_word' id='word_1_586' title='bbox 3531 3431 3706 3488; x_wconf 79' lang='lat' dir='ltr'><strong>defensi</strong></span> <span class='ocrx_word' id='word_1_587' title='bbox 3729 3434 3776 3481; x_wconf 83' lang='lat' dir='ltr'><strong>ab</strong></span> 
     </span>
    </p>
   </div>
   <div class='ocr_carea' id='block_1_88' title="bbox 2254 3525 3776 3600">
    <p class='ocr_par' dir='ltr' id='par_1_88' title="bbox 2254 3525 3776 3600">
     <span class='ocr_line' id='line_1_88' title="bbox 2254 3525 3776 3600; baseline -0.009 -13"><span class='ocrx_word' id='word_1_588' title='bbox 2254 3532 2506 3587; x_wconf 63' lang='lat' dir='ltr'><strong>«niuibus</strong></span> <span class='ocrx_word' id='word_1_589' title='bbox 2546 3529 2938 3600; x_wconf 84' lang='lat' dir='ltr'><strong>inpulsionibus</strong></span> <span class='ocrx_word' id='word_1_590' title='bbox 2986 3543 3080 3585; x_wconf 87' lang='lat' dir='ltr'><strong>seu</strong></span> <span class='ocrx_word' id='word_1_591' title='bbox 3106 3528 3549 3598; x_wconf 87' lang='lat' dir='ltr'><strong>temptationibus</strong></span> <span class='ocrx_word' id='word_1_592' title='bbox 3569 3525 3776 3595; x_wconf 82' lang='lat' dir='ltr'><strong>maligno-</strong></span> 
     </span>
    </p>
   </div>
   <div class='ocr_carea' id='block_1_89' title="bbox 2256 3623 3775 3701">
    <p class='ocr_par' dir='ltr' id='par_1_89' title="bbox 2256 3623 3775 3701">
     <span class='ocr_line' id='line_1_89' title="bbox 2256 3623 3775 3701; baseline -0.008 -15"><span class='ocrx_word' id='word_1_593' title='bbox 2256 3647 2375 3687; x_wconf 90' lang='lat' dir='ltr'><strong>rum</strong></span> <span class='ocrx_word' id='word_1_594' title='bbox 2418 3631 2706 3701; x_wconf 88' lang='lat' dir='ltr'><strong>spirituum</strong></span> <span class='ocrx_word' id='word_1_595' title='bbox 2755 3645 2876 3685; x_wconf 91' lang='lat' dir='ltr'><strong>esse</strong></span> <span class='ocrx_word' id='word_1_596' title='bbox 2924 3637 3256 3694; x_wconf 89' lang='lat' dir='ltr'><strong>mereantur,</strong></span> <span class='ocrx_word' id='word_1_597' title='bbox 3291 3628 3506 3698; x_wconf 89' lang='lat' dir='ltr'><strong>tuisque</strong></span> <span class='ocrx_word' id='word_1_598' title='bbox 3545 3641 3631 3682; x_wconf 89' lang='lat' dir='ltr'><strong>eos</strong></span> <span class='ocrx_word' id='word_1_599' title='bbox 3655 3623 3775 3679; x_wconf 85' lang='lat' dir='ltr'><strong>mini-</strong></span> 
     </span>
    </p>
   </div>
   <div class='ocr_carea' id='block_1_90' title="bbox 2253 3726 3778 3805">
    <p class='ocr_par' dir='ltr' id='par_1_90' title="bbox 2253 3726 3778 3805">
     <span class='ocr_line' id='line_1_90' title="bbox 2253 3726 3778 3805; baseline -0.008 -15"><span class='ocrx_word' id='word_1_600' title='bbox 2253 3735 2432 3791; x_wconf 92' lang='lat' dir='ltr'><strong>steriis</strong></span> <span class='ocrx_word' id='word_1_601' title='bbox 2467 3741 2591 3805; x_wconf 90' lang='lat' dir='ltr'><strong>apte</strong></span> <span class='ocrx_word' id='word_1_602' title='bbox 2620 3743 2675 3788; x_wconf 80' lang='lat' dir='ltr'><strong>et</strong></span> <span class='ocrx_word' id='word_1_603' title='bbox 2703 3733 2968 3804; x_wconf 75' lang='lat' dir='ltr'><strong>condigne</strong></span> <span class='ocrx_word' id='word_1_604' title='bbox 3003 3731 3209 3787; x_wconf 89' lang='lat' dir='ltr'><strong>servire</strong></span> <span class='ocrx_word' id='word_1_605' title='bbox 3245 3741 3301 3786; x_wconf 92' lang='lat' dir='ltr'><strong>et</strong></span> <span class='ocrx_word' id='word_1_606' title='bbox 3328 3726 3603 3794; x_wconf 65' lang='lat' dir='ltr'><strong>inhaerere,</strong></span> <span class='ocrx_word' id='word_1_607' title='bbox 3627 3729 3672 3783; x_wconf 92' lang='lat' dir='ltr'><strong>in</strong></span> <span class='ocrx_word' id='word_1_608' title='bbox 3697 3727 3778 3781; x_wconf 74' lang='lat' dir='ltr'><strong>liis-</strong></span> 
     </span>
    </p>
   </div>
   <div class='ocr_carea' id='block_1_91' title="bbox 2254 3832 3619 3909">
    <p class='ocr_par' dir='ltr' id='par_1_91' title="bbox 2254 3832 3619 3909">
     <span class='ocr_line' id='line_1_91' title="bbox 2254 3832 3619 3909; baseline -0.004 -18"><span class='ocrx_word' id='word_1_609' title='bbox 2254 3853 2360 3909; x_wconf 91' lang='lat' dir='ltr'><strong>que</strong></span> <span class='ocrx_word' id='word_1_610' title='bbox 2381 3836 2588 3907; x_wconf 88' lang='lat' dir='ltr'><strong>placide</strong></span> <span class='ocrx_word' id='word_1_611' title='bbox 2612 3845 2666 3890; x_wconf 89' lang='lat' dir='ltr'><strong>et</strong></span> <span class='ocrx_word' id='word_1_612' title='bbox 2687 3837 2878 3891; x_wconf 89' lang='lat' dir='ltr'><strong>devote</strong></span> <span class='ocrx_word' id='word_1_613' title='bbox 2901 3834 3076 3889; x_wconf 89' lang='lat' dir='ltr'><strong>tribue</strong></span> <span class='ocrx_word' id='word_1_614' title='bbox 3103 3847 3478 3903; x_wconf 88' lang='lat' dir='ltr'><strong>perseverare.</strong></span> <span class='ocrx_word' id='word_1_615' title='bbox 3505 3832 3619 3887; x_wconf 91' lang='lat' dir='ltr'><strong>Per.</strong></span> 
     </span>
    </p>
   </div>
   <div class='ocr_carea' id='block_1_92' title="bbox 2247 3939 3776 4014">
    <p class='ocr_par' dir='ltr' id='par_1_92' title="bbox 2247 3939 3776 4014">
     <span class='ocr_line' id='line_1_92' title="bbox 2247 3939 3776 4014; baseline -0.012 -4"><span class='ocrx_word' id='word_1_616' title='bbox 2247 3957 2400 4010; x_wconf 85' lang='lat' dir='ltr'><strong>cetur</strong></span> <span class='ocrx_word' id='word_1_617' title='bbox 2430 3947 2495 4002; x_wconf 91' lang='lat' dir='ltr'><strong>ad</strong></span> <span class='ocrx_word' id='word_1_618' title='bbox 2521 3947 2949 4002; x_wconf 78' lang='lat' dir='ltr'><strong>consecrandum</strong></span> <span class='ocrx_word' id='word_1_619' title='bbox 2975 3960 3136 4014; x_wconf 90' lang='lat' dir='ltr'><strong>super</strong></span> <span class='ocrx_word' id='word_1_620' title='bbox 3172 3943 3299 3998; x_wconf 88' lang='lat' dir='ltr'><strong>illud</strong></span> <span class='ocrx_word' id='word_1_621' title='bbox 3322 3959 3522 4014; x_wconf 85' lang='lat' dir='ltr'><strong>corpus</strong></span> <span class='ocrx_word' id='word_1_622' title='bbox 3538 3952 3590 3998; x_wconf 90' lang='lat' dir='ltr'><strong>et</strong></span> <span class='ocrx_word' id='word_1_623' title='bbox 3611 3939 3776 4011; x_wconf 60' lang='lat' dir='ltr'><strong>sanglio</strong></span> 
     </span>
    </p>
   </div>
   <div class='ocr_carea' id='block_1_93' title="bbox 2249 4014 3733 4081">
    <p class='ocr_par' dir='ltr' id='par_1_93' title="bbox 2249 4014 3733 4081">
     <span class='ocr_line' id='line_1_93' title="bbox 2249 4014 3733 4081; baseline -0.009 -3"><span class='ocrx_word' id='word_1_624' title='bbox 2249 4041 2370 4081; x_wconf 84' lang='lat' dir='ltr'><strong>nent</strong></span> <span class='ocrx_word' id='word_1_625' title='bbox 2403 4018 2496 4078; x_wconf 83' lang='lat' dir='ltr'><strong>Dei</strong></span> <span class='ocrx_word' id='word_1_626' title='bbox 2527 4027 2580 4072; x_wconf 92' lang='lat' dir='ltr'><strong>et</strong></span> <span class='ocrx_word' id='word_1_627' title='bbox 2607 4018 2814 4072; x_wconf 90' lang='lat' dir='ltr'><strong>Domini</strong></span> <span class='ocrx_word' id='word_1_628' title='bbox 2853 4018 3019 4071; x_wconf 90' lang='lat' dir='ltr'><strong>nostri</strong></span> <span class='ocrx_word' id='word_1_629' title='bbox 3042 4017 3168 4070; x_wconf 87' lang='lat' dir='ltr'><strong>.lesu</strong></span> <span class='ocrx_word' id='word_1_630' title='bbox 3190 4014 3411 4069; x_wconf 88' lang='lat' dir='ltr'><strong>Christi.</strong></span> <span class='ocrx_word' id='word_1_631' title='bbox 3442 4015 3540 4081; x_wconf 82' lang='lat' dir='ltr'><strong>Qui</strong></span> <span class='ocrx_word' id='word_1_632' title='bbox 3571 4022 3733 4068; x_wconf 87' lang='lat' dir='ltr'><strong>tecum.</strong></span> 
     </span>
    </p>
   </div>
   <div class='ocr_carea' id='block_1_94' title="bbox 2485 4091 3578 4174">
    <p class='ocr_par' dir='ltr' id='par_1_94' title="bbox 2485 4091 3578 4174">
     <span class='ocr_line' id='line_1_94' title="bbox 2485 4091 3578 4174; baseline -0.005 -22"><span class='ocrx_word' id='word_1_633' title='bbox 2485 4091 2633 4174; x_wconf 75' lang='lat'><strong>(189)</strong></span> <span class='ocrx_word' id='word_1_634' title='bbox 2682 4097 2765 4150; x_wconf 80' lang='lat' dir='ltr'><strong>Ea:</strong></span> <span class='ocrx_word' id='word_1_635' title='bbox 2794 4103 2910 4150; x_wconf 86' lang='lat' dir='ltr'><strong>cod.</strong></span> <span class='ocrx_word' id='word_1_636' title='bbox 2940 4097 3096 4152; x_wconf 81' lang='lat' dir='ltr'><strong>theol.</strong></span> <span class='ocrx_word' id='word_1_637' title='bbox 3121 4097 3210 4150; x_wconf 86' lang='lat'><strong>27.</strong></span> <span class='ocrx_word' id='word_1_638' title='bbox 3238 4095 3358 4150; x_wconf 81' lang='lat' dir='ltr'><strong>Alia</strong></span> <span class='ocrx_word' id='word_1_639' title='bbox 3389 4096 3578 4150; x_wconf 85' lang='lat' dir='ltr'><strong>oratio.</strong></span> 
     </span>
    </p>
   </div>
   <div class='ocr_carea' id='block_1_95' title="bbox 2321 4173 3778 4256">
    <p class='ocr_par' dir='ltr' id='par_1_95' title="bbox 2321 4173 3778 4256">
     <span class='ocr_line' id='line_1_95' title="bbox 2321 4173 3778 4256; baseline -0.011 -15"><span class='ocrx_word' id='word_1_640' title='bbox 2321 4187 2461 4241; x_wconf 91' lang='lat' dir='ltr'><strong>Deus</strong></span> <span class='ocrx_word' id='word_1_641' title='bbox 2480 4185 2571 4255; x_wconf 86' lang='lat' dir='ltr'><strong>qui</strong></span> <span class='ocrx_word' id='word_1_642' title='bbox 2593 4185 2753 4256; x_wconf 84' lang='lat' dir='ltr'><strong>digne</strong></span> <span class='ocrx_word' id='word_1_643' title='bbox 2782 4179 2875 4256; x_wconf 81' lang='lat' dir='ltr'><strong>tibi</strong></span> <span class='ocrx_word' id='word_1_644' title='bbox 2905 4180 3254 4256; x_wconf 78' lang='lat' dir='ltr'><strong>servientium</strong></span> <span class='ocrx_word' id='word_1_645' title='bbox 3302 4179 3577 4256; x_wconf 80' lang='lat' dir='ltr'><strong>desideras</strong></span> <span class='ocrx_word' id='word_1_646' title='bbox 3600 4173 3778 4256; x_wconf 75' lang='lat' dir='ltr'><strong>famula-</strong></span> 
     </span>
    </p>
   </div>
   <div class='ocr_carea' id='block_1_96' title="bbox 2251 4250 3777 4326">
    <p class='ocr_par' dir='ltr' id='par_1_96' title="bbox 2251 4250 3777 4326">
     <span class='ocr_line' id='line_1_96' title="bbox 2251 4250 3777 4326; baseline -0.01 -16"><span class='ocrx_word' id='word_1_647' title='bbox 2251 4267 2384 4322; x_wconf 91' lang='lat' dir='ltr'><strong>tum,</strong></span> <span class='ocrx_word' id='word_1_648' title='bbox 2407 4250 2618 4326; x_wconf 76' lang='lat' dir='ltr'><strong>respice</strong></span> <span class='ocrx_word' id='word_1_649' title='bbox 2641 4250 2907 4326; x_wconf 71' lang='lat' dir='ltr'><strong>propitius</strong></span> <span class='ocrx_word' id='word_1_650' title='bbox 2928 4251 2994 4307; x_wconf 91' lang='lat' dir='ltr'><strong>ad</strong></span> <span class='ocrx_word' id='word_1_651' title='bbox 3022 4250 3358 4326; x_wconf 34' lang='lat' dir='ltr'><strong>humilitatis.</strong></span> <span class='ocrx_word' id='word_1_652' title='bbox 3379 4259 3570 4326; x_wconf 63' lang='lat' dir='ltr'><strong>nosirze</strong></span> <span class='ocrx_word' id='word_1_653' title='bbox 3593 4250 3777 4301; x_wconf 82' lang='lat' dir='ltr'><strong>servitu-</strong></span> 
     </span>
    </p>
   </div>
   <div class='ocr_carea' id='block_1_97' title="bbox 2250 4319 3774 4391">
    <p class='ocr_par' dir='ltr' id='par_1_97' title="bbox 2250 4319 3774 4391">
     <span class='ocr_line' id='line_1_97' title="bbox 2250 4319 3774 4391; baseline -0.01 -11"><span class='ocrx_word' id='word_1_654' title='bbox 2250 4319 2381 4391; x_wconf 75' lang='lat' dir='ltr'><strong>tem,</strong></span> <span class='ocrx_word' id='word_1_655' title='bbox 2409 4337 2463 4381; x_wconf 91' lang='lat' dir='ltr'><strong>et</strong></span> <span class='ocrx_word' id='word_1_656' title='bbox 2498 4319 2610 4379; x_wconf 80' lang='lat' dir='ltr'><strong>inec</strong></span> <span class='ocrx_word' id='word_1_657' title='bbox 2642 4319 2954 4378; x_wconf 76' lang='lat' dir='ltr'><strong>linteamina</strong></span> <span class='ocrx_word' id='word_1_658' title='bbox 2987 4333 3092 4377; x_wconf 70' lang='lat' dir='ltr'><strong>tua:</strong></span> <span class='ocrx_word' id='word_1_659' title='bbox 3107 4320 3390 4391; x_wconf 79' lang='lat' dir='ltr'><strong>servitutis</strong></span> <span class='ocrx_word' id='word_1_660' title='bbox 3416 4319 3591 4391; x_wconf 85' lang='lat' dir='ltr'><strong>usibus</strong></span> <span class='ocrx_word' id='word_1_661' title='bbox 3612 4329 3774 4386; x_wconf 62' lang='lat' dir='ltr'><strong>parpa-</strong></span> 
     </span>
    </p>
   </div>
   <div class='ocr_carea' id='block_1_98' title="bbox 2253 4389 3774 4459">
    <p class='ocr_par' dir='ltr' id='par_1_98' title="bbox 2253 4389 3774 4459">
     <span class='ocr_line' id='line_1_98' title="bbox 2253 4389 3774 4459; baseline -0.01 -9"><span class='ocrx_word' id='word_1_662' title='bbox 2253 4389 2385 4459; x_wconf 75' lang='lat' dir='ltr'><strong>rata,</strong></span> <span class='ocrx_word' id='word_1_663' title='bbox 2421 4395 2656 4451; x_wconf 68' lang='lat' dir='ltr'><strong>cmlestis</strong></span> <span class='ocrx_word' id='word_1_664' title='bbox 2677 4394 2887 4448; x_wconf 81' lang='lat' dir='ltr'><strong>virtutis</strong></span> <span class='ocrx_word' id='word_1_665' title='bbox 2919 4389 3292 4448; x_wconf 83' lang='lat' dir='ltr'><strong>benedictione</strong></span> <span class='ocrx_word' id='word_1_666' title='bbox 3312 4390 3601 4447; x_wconf 79' lang='lat' dir='ltr'><strong>sanctiﬁca,</strong></span> <span class='ocrx_word' id='word_1_667' title='bbox 3620 4395 3774 4459; x_wconf 73' lang='lat' dir='ltr'><strong>etcen-</strong></span> 
     </span>
    </p>
   </div>
   <div class='ocr_carea' id='block_1_99' title="bbox 2251 4455 3771 4536">
    <p class='ocr_par' dir='ltr' id='par_1_99' title="bbox 2251 4455 3771 4536">
     <span class='ocr_line' id='line_1_99' title="bbox 2251 4455 3771 4536; baseline -0.009 -16"><span class='ocrx_word' id='word_1_668' title='bbox 2251 4455 2425 4528; x_wconf 81' lang='lat' dir='ltr'><strong>secra,</strong></span> <span class='ocrx_word' id='word_1_669' title='bbox 2457 4476 2724 4535; x_wconf 87' lang='lat' dir='ltr'><strong>quatenus</strong></span> <span class='ocrx_word' id='word_1_670' title='bbox 2755 4480 3007 4536; x_wconf 12' lang='lat' dir='ltr'><strong>superiea</strong></span> <span class='ocrx_word' id='word_1_671' title='bbox 3028 4463 3274 4536; x_wconf 10' lang='lat' dir='ltr'><strong>‘Spiiritus</strong></span> <span class='ocrx_word' id='word_1_672' title='bbox 3303 4470 3525 4536; x_wconf 64' lang='lat' dir='ltr'><strong>saucius</strong></span> <span class='ocrx_word' id='word_1_673' title='bbox 3579 4467 3688 4536; x_wconf 68' lang='lat' dir='ltr'><strong>tuus</strong></span> <span class='ocrx_word' id='word_1_674' title='bbox 3703 4455 3771 4536; x_wconf 51' lang='lat' dir='ltr'><strong>de:</strong></span> 
     </span>
    </p>
   </div>
   <div class='ocr_carea' id='block_1_100' title="bbox 2249 4525 3775 4604">
    <p class='ocr_par' dir='ltr' id='par_1_100' title="bbox 2249 4525 3775 4604">
     <span class='ocr_line' id='line_1_100' title="bbox 2249 4525 3775 4604; baseline -0.005 -13"><span class='ocrx_word' id='word_1_675' title='bbox 2249 4525 2494 4599; x_wconf 62' lang='lat' dir='ltr'><strong>scendat&#39;,</strong></span> <span class='ocrx_word' id='word_1_676' title='bbox 2535 4537 2626 4604; x_wconf 91' lang='lat' dir='ltr'><strong>qui</strong></span> <span class='ocrx_word' id='word_1_677' title='bbox 2672 4543 2727 4588; x_wconf 89' lang='lat' dir='ltr'><strong>et</strong></span> <span class='ocrx_word' id='word_1_678' title='bbox 2759 4525 2939 4604; x_wconf 74' lang='lat' dir='ltr'><strong>populi</strong></span> <span class='ocrx_word' id='word_1_679' title='bbox 2969 4533 3042 4588; x_wconf 90' lang='lat' dir='ltr'><strong>tui</strong></span> <span class='ocrx_word' id='word_1_680' title='bbox 3072 4525 3396 4588; x_wconf 76' lang='lat' dir='ltr'><strong>oblationem</strong></span> <span class='ocrx_word' id='word_1_681' title='bbox 3433 4525 3713 4604; x_wconf 54' lang='lat' dir='ltr'><strong>benedicag1</strong></span> <span class='ocrx_word' id='word_1_682' title='bbox 3737 4530 3775 4573; x_wconf 71' lang='lat' dir='ltr'>ﬂ</span> 
     </span>
    </p>
   </div>
   <div class='ocr_carea' id='block_1_101' title="bbox 2247 4592 3773 4678">
    <p class='ocr_par' dir='ltr' id='par_1_101' title="bbox 2247 4592 3773 4678">
     <span class='ocr_line' id='line_1_101' title="bbox 2247 4592 3773 4678; baseline -0.01 -16"><span class='ocrx_word' id='word_1_683' title='bbox 2247 4607 2409 4662; x_wconf 90' lang='lat' dir='ltr'><strong>corda</strong></span> <span class='ocrx_word' id='word_1_684' title='bbox 2437 4592 2798 4674; x_wconf 47' lang='lat' dir='ltr'><strong>sive-corpora</strong></span> <span class='ocrx_word' id='word_1_685' title='bbox 2826 4592 3152 4658; x_wconf 77' lang='lat' dir='ltr'><strong>sumentium</strong></span> <span class='ocrx_word' id='word_1_686' title='bbox 3165 4604 3427 4673; x_wconf 89' lang='lat' dir='ltr'><strong>benignus</strong></span> <span class='ocrx_word' id='word_1_687' title='bbox 3453 4592 3773 4678; x_wconf 49' lang='lat' dir='ltr'><strong>reﬁ‘ciat._Per.</strong></span> 
     </span>
    </p>
   </div>
   <div class='ocr_carea' id='block_1_102' title="bbox 2251 4670 3772 4756">
    <p class='ocr_par' dir='ltr' id='par_1_102' title="bbox 2251 4670 3772 4756">
     <span class='ocr_line' id='line_1_102' title="bbox 2251 4670 3772 4756; baseline -0.012 -16"><span class='ocrx_word' id='word_1_688' title='bbox 2251 4685 2397 4756; x_wconf 74' lang='grc' dir='ltr'><strong>(ιθθ)</strong></span> <span class='ocrx_word' id='word_1_689' title='bbox 2421 4670 2720 4756; x_wconf 76' lang='lat' dir='ltr'><strong>Benedictio</strong></span> <span class='ocrx_word' id='word_1_690' title='bbox 2742 4682 2810 4756; x_wconf 82' lang='lat' dir='ltr'><strong>ad</strong></span> <span class='ocrx_word' id='word_1_691' title='bbox 2831 4683 3006 4756; x_wconf 70' lang='lat' dir='ltr'><strong>omnia</strong></span> <span class='ocrx_word' id='word_1_692' title='bbox 3029 4670 3341 4756; x_wconf 56' lang='lat' dir='ltr'><strong>ornamenia</strong></span> <span class='ocrx_word' id='word_1_693' title='bbox 3356 4681 3409 4733; x_wconf 86' lang='lat' dir='ltr'><strong>in</strong></span> <span class='ocrx_word' id='word_1_694' title='bbox 3429 4694 3574 4756; x_wconf 70' lang='lat' dir='ltr'><strong>nsunt</strong></span> <span class='ocrx_word' id='word_1_695' title='bbox 3590 4670 3772 4729; x_wconf 72' lang='lat' dir='ltr'><strong>ecclesia</strong></span> 
     </span>
    </p>
   </div>
   <div class='ocr_carea' id='block_1_103' title="bbox 2532 4749 3523 4807">
    <p class='ocr_par' dir='ltr' id='par_1_103' title="bbox 2532 4749 3523 4807">
     <span class='ocr_line' id='line_1_103' title="bbox 2532 4749 3523 4807; baseline -0.007 0"><span class='ocrx_word' id='word_1_696' title='bbox 2532 4753 2610 4807; x_wconf 85' lang='lat' dir='ltr'><strong>vel</strong></span> <span class='ocrx_word' id='word_1_697' title='bbox 2631 4751 2837 4806; x_wconf 86' lang='lat' dir='ltr'><strong>altaris.</strong></span> <span class='ocrx_word' id='word_1_698' title='bbox 2869 4751 2953 4806; x_wconf 79' lang='lat' dir='ltr'><strong>Ea:</strong></span> <span class='ocrx_word' id='word_1_699' title='bbox 2981 4768 3107 4805; x_wconf 79' lang='lat' dir='ltr'><strong>msc.</strong></span> <span class='ocrx_word' id='word_1_700' title='bbox 3137 4752 3212 4804; x_wconf 80' lang='lat' dir='ltr'><strong>tlt.</strong></span> <span class='ocrx_word' id='word_1_701' title='bbox 3237 4751 3361 4805; x_wconf 88' lang='lat'><strong>277.</strong></span> <span class='ocrx_word' id='word_1_702' title='bbox 3392 4749 3523 4802; x_wconf 84' lang='lat' dir='ltr'><strong>solo.</strong></span> 
     </span>
    </p>
   </div>
   <div class='ocr_carea' id='block_1_104' title="bbox 2321 4822 3770 4905">
    <p class='ocr_par' dir='ltr' id='par_1_104' title="bbox 2321 4822 3770 4905">
     <span class='ocr_line' id='line_1_104' title="bbox 2321 4822 3770 4905; baseline -0.012 -16"><span class='ocrx_word' id='word_1_703' title='bbox 2321 4834 2686 4905; x_wconf 87' lang='lat' dir='ltr'><strong>Omnipotens</strong></span> <span class='ocrx_word' id='word_1_704' title='bbox 2718 4834 3046 4905; x_wconf 78' lang='lat' dir='ltr'><strong>sempiterne</strong></span> <span class='ocrx_word' id='word_1_705' title='bbox 3074 4831 3237 4905; x_wconf 84' lang='lat' dir='ltr'><strong>Deus,</strong></span> <span class='ocrx_word' id='word_1_706' title='bbox 3266 4833 3356 4900; x_wconf 89' lang='lat' dir='ltr'><strong>qui</strong></span> <span class='ocrx_word' id='word_1_707' title='bbox 3382 4831 3462 4905; x_wconf 85' lang='lat' dir='ltr'><strong>ab_</strong></span> <span class='ocrx_word' id='word_1_708' title='bbox 3494 4827 3632 4882; x_wconf 89' lang='lat' dir='ltr'><strong>initio</strong></span> <span class='ocrx_word' id='word_1_709' title='bbox 3657 4822 3770 4905; x_wconf 77' lang='lat' dir='ltr'><strong>utilia</strong></span> 
     </span>
    </p>
   </div>
   <div class='ocr_carea' id='block_1_105' title="bbox 2244 4899 3770 4968">
    <p class='ocr_par' dir='ltr' id='par_1_105' title="bbox 2244 4899 3770 4968">
     <span class='ocr_line' id='line_1_105' title="bbox 2244 4899 3770 4968; baseline -0.011 -7"><span class='ocrx_word' id='word_1_710' title='bbox 2244 4916 2298 4962; x_wconf 89' lang='lat' dir='ltr'><strong>et</strong></span> <span class='ocrx_word' id='word_1_711' title='bbox 2325 4899 2632 4959; x_wconf 79' lang='lat' dir='ltr'><strong>necessaria</strong></span> <span class='ocrx_word' id='word_1_712' title='bbox 2677 4899 2988 4958; x_wconf 86' lang='lat' dir='ltr'><strong>hominibus</strong></span> <span class='ocrx_word' id='word_1_713' title='bbox 3030 4902 3246 4965; x_wconf 86' lang='lat' dir='ltr'><strong>creasti,</strong></span> <span class='ocrx_word' id='word_1_714' title='bbox 3288 4899 3598 4968; x_wconf 82' lang='lat' dir='ltr'><strong>templaque</strong></span> <span class='ocrx_word' id='word_1_715' title='bbox 3645 4904 3770 4968; x_wconf 77' lang='lat' dir='ltr'><strong>manu</strong></span> 
     </span>
    </p>
   </div>
   <div class='ocr_carea' id='block_1_106' title="bbox 2246 4961 3772 5034">
    <p class='ocr_par' dir='ltr' id='par_1_106' title="bbox 2246 4961 3772 5034">
     <span class='ocr_line' id='line_1_106' title="bbox 2246 4961 3772 5034; baseline -0.007 -4"><span class='ocrx_word' id='word_1_716' title='bbox 2246 4961 2522 5030; x_wconf 87' lang='lat' dir='ltr'><strong>hominum</strong></span> <span class='ocrx_word' id='word_1_717' title='bbox 2553 4973 2696 5028; x_wconf 82' lang='lat' dir='ltr'><strong>facta</strong></span> <span class='ocrx_word' id='word_1_718' title='bbox 2723 4973 2924 5027; x_wconf 89' lang='lat' dir='ltr'><strong>nomini</strong></span> <span class='ocrx_word' id='word_1_719' title='bbox 2955 4983 3046 5027; x_wconf 91' lang='lat' dir='ltr'><strong>tuo</strong></span> <span class='ocrx_word' id='word_1_720' title='bbox 3067 4961 3258 5027; x_wconf 86' lang='lat' dir='ltr'><strong>sancto</strong></span> <span class='ocrx_word' id='word_1_721' title='bbox 3283 4961 3468 5031; x_wconf 78' lang='lat' dir='ltr'><strong>dicari,</strong></span> <span class='ocrx_word' id='word_1_722' title='bbox 3493 4961 3680 5034; x_wconf 56' lang='lat' dir='ltr'><strong>tuaeque</strong></span> <span class='ocrx_word' id='word_1_723' title='bbox 3699 4961 3772 5014; x_wconf 71' lang='grc' dir='ltr'>Ιιιο</span> 
     </span>
    </p>
   </div>
   <div class='ocr_carea' id='block_1_107' title="bbox 2245 5033 3770 5111">
    <p class='ocr_par' dir='ltr' id='par_1_107' title="bbox 2245 5033 3770 5111">
     <span class='ocr_line' id='line_1_107' title="bbox 2245 5033 3770 5111; baseline -0.009 -12"><span class='ocrx_word' id='word_1_724' title='bbox 2245 5044 2522 5100; x_wconf 86' lang='lat' dir='ltr'><strong>hitationis</strong></span> <span class='ocrx_word' id='word_1_725' title='bbox 2547 5045 2660 5098; x_wconf 89' lang='lat' dir='ltr'><strong>loca</strong></span> <span class='ocrx_word' id='word_1_726' title='bbox 2688 5043 2872 5097; x_wconf 85' lang='lat' dir='ltr'><strong>vocari</strong></span> <span class='ocrx_word' id='word_1_727' title='bbox 2900 5042 3136 5106; x_wconf 87' lang='lat' dir='ltr'><strong>voluisti,</strong></span> <span class='ocrx_word' id='word_1_728' title='bbox 3163 5042 3251 5111; x_wconf 89' lang='lat' dir='ltr'><strong>qui</strong></span> <span class='ocrx_word' id='word_1_729' title='bbox 3287 5056 3383 5110; x_wconf 89' lang='lat' dir='ltr'><strong>per</strong></span> <span class='ocrx_word' id='word_1_730' title='bbox 3411 5033 3616 5111; x_wconf 71' lang='lat' dir='ltr'><strong>Moysen</strong></span> <span class='ocrx_word' id='word_1_731' title='bbox 3637 5033 3770 5111; x_wconf 63' lang='lat' dir='ltr'><strong>latnt!-</strong></span> 
     </span>
    </p>
   </div>
   <div class='ocr_carea' id='block_1_108' title="bbox 564 5099 3766 5182">
    <p class='ocr_par' dir='ltr' id='par_1_108' title="bbox 564 5099 3766 5182">
     <span class='ocr_line' id='line_1_108' title="bbox 564 5099 3766 5182; baseline 0 -29"><span class='ocrx_word' id='word_1_732' title='bbox 564 5101 1033 5182; x_wconf 65' lang='lat' dir='ltr'><strong>Dominunruobis</strong></span> <span class='ocrx_word' id='word_1_733' title='bbox 1057 5116 1364 5182; x_wconf 67' lang='lat' dir='ltr'><strong>quanquam</strong></span> <span class='ocrx_word' id='word_1_734' title='bbox 1397 5099 1628 5182; x_wconf 79' lang='lat' dir='ltr'><strong>indignis</strong></span> <span class='ocrx_word' id='word_1_735' title='bbox 1672 5099 1887 5158; x_wconf 78' lang='lat' dir='ltr'><strong>famulis</strong></span> <span class='ocrx_word' id='word_1_736' title='bbox 1916 5106 2042 5170; x_wconf 91' lang='lat' dir='ltr'><strong>tuis,</strong></span> <span class='ocrx_word' id='word_1_737' title='bbox 2085 5114 2144 5159; x_wconf 90' lang='lat' dir='ltr'><strong>ut</strong></span> <span class='ocrx_word' id='word_1_738' title='bbox 2202 5099 2353 5176; x_wconf 71' lang='grc' dir='ltr'>,ιαηι</span> <span class='ocrx_word' id='word_1_739' title='bbox 2399 5124 2546 5168; x_wconf 83' lang='grc' dir='ltr'>ιιιιιιη</span> <span class='ocrx_word' id='word_1_740' title='bbox 2598 5117 2919 5168; x_wconf 71' lang='lat' dir='ltr'><strong>vestimenta</strong></span> <span class='ocrx_word' id='word_1_741' title='bbox 2967 5099 3301 5182; x_wconf 64' lang='lat' dir='ltr'><strong>pontiﬁcalia</strong></span> <span class='ocrx_word' id='word_1_742' title='bbox 3337 5119 3396 5165; x_wconf 80' lang='lat' dir='ltr'><strong>et</strong></span> <span class='ocrx_word' id='word_1_743' title='bbox 3442 5099 3766 5182; x_wconf 56' lang='lat' dir='ltr'><strong>sa&#39;cerdoulia.</strong></span> 
     </span>
    </p>
   </div>
   <div class='ocr_carea' id='block_1_109' title="bbox 562 5171 3768 5253">
    <p class='ocr_par' dir='ltr' id='par_1_109' title="bbox 562 5171 3768 5253">
     <span class='ocr_line' id='line_1_109' title="bbox 562 5171 3768 5253; baseline -0.007 -6"><span class='ocrx_word' id='word_1_744' title='bbox 562 5186 799 5253; x_wconf 62' lang='lat' dir='ltr'><strong>Pms‘i&quot;5_</strong></span> <span class='ocrx_word' id='word_1_745' title='bbox 826 5171 1273 5253; x_wconf 63' lang='lat' dir='ltr'><strong>|i2l80.In,cwlesli</strong></span> <span class='ocrx_word' id='word_1_746' title='bbox 1296 5172 1936 5253; x_wconf 64' lang='grc' dir='ltr'><strong>,δεηθιιίςξιίομιθβξιιξςιιηη</strong></span> <span class='ocrx_word' id='word_1_747' title='bbox 1963 5185 2017 5228; x_wconf 76' lang='grc' dir='ltr'>ει</span> <span class='ocrx_word' id='word_1_748' title='bbox 2043 5190 2140 5243; x_wconf 67' lang='lat' dir='ltr'><strong>al&quot;</strong></span> <span class='ocrx_word' id='word_1_749' title='bbox 2185 5171 2224 5240; x_wconf 54' lang='grc' dir='ltr'><em>ἕ</em></span> <span class='ocrx_word' id='word_1_750' title='bbox 2244 5200 2336 5239; x_wconf 86' lang='lat' dir='ltr'><strong>seu</strong></span> <span class='ocrx_word' id='word_1_751' title='bbox 2367 5184 2600 5248; x_wconf 86' lang='lat' dir='ltr'><strong>levitiea,</strong></span> <span class='ocrx_word' id='word_1_752' title='bbox 2626 5183 2795 5237; x_wconf 90' lang='lat' dir='ltr'><strong>etalia</strong></span> <span class='ocrx_word' id='word_1_753' title='bbox 2821 5171 3047 5253; x_wconf 68' lang='grc' dir='ltr'>(ιιιωιιίιθ</span> <span class='ocrx_word' id='word_1_754' title='bbox 3063 5181 3260 5253; x_wconf 84' lang='lat' dir='ltr'><strong>diversi</strong></span> <span class='ocrx_word' id='word_1_755' title='bbox 3283 5180 3489 5253; x_wconf 81' lang='lat' dir='ltr'><strong>generis</strong></span> <span class='ocrx_word' id='word_1_756' title='bbox 3509 5181 3768 5253; x_wconf 56' lang='lat' dir='ltr'><strong>ornantgulf</strong></span> 
     </span>
    </p>
   </div>
   <div class='ocr_carea' id='block_1_110' title="bbox 563 5240 2208 5330">
    <p class='ocr_par' dir='ltr' id='par_1_110' title="bbox 563 5240 2208 5330">
     <span class='ocr_line' id='line_1_110' title="bbox 563 5240 2208 5330; baseline 0.003 -37"><span class='ocrx_word' id='word_1_757' title='bbox 563 5251 677 5330; x_wconf 57' lang='lat' dir='ltr'><strong>ium</strong></span> <span class='ocrx_word' id='word_1_758' title='bbox 707 5240 829 5330; x_wconf 28' lang='grc' dir='ltr'><strong><em>Α</em></strong></span> <span class='ocrx_word' id='word_1_759' title='bbox 852 5240 1128 5330; x_wconf 76' lang='lat' dir='ltr'><strong>Dominico</strong></span> <span class='ocrx_word' id='word_1_760' title='bbox 1148 5241 1432 5324; x_wconf 71' lang='lat' dir='ltr'><strong>sepulcro,</strong></span> <span class='ocrx_word' id='word_1_761' title='bbox 1462 5241 1620 5330; x_wconf 78' lang='lat' dir='ltr'><strong>altari</strong></span> <span class='ocrx_word' id='word_1_762' title='bbox 1647 5243 1898 5330; x_wconf 80' lang='lat' dir='ltr'><strong>videlicet</strong></span> <span class='ocrx_word' id='word_1_763' title='bbox 1943 5256 2054 5307; x_wconf 90' lang='lat' dir='ltr'><strong>tuo,</strong></span> <span class='ocrx_word' id='word_1_764' title='bbox 2078 5240 2144 5324; x_wconf 71' lang='lat' dir='ltr'><strong>ut</strong></span> <span class='ocrx_word' id='word_1_765' title='bbox 2174 5276 2208 5326; x_wconf 34' lang='lat' dir='ltr'><strong>gi</strong></span> 
     </span>
    </p>
   </div>
   <div class='ocr_carea' id='block_1_111' title="bbox 2247 5235 3765 5330">
    <p class='ocr_par' dir='ltr' id='par_1_111' title="bbox 2247 5235 3765 5330">
     <span class='ocr_line' id='line_1_111' title="bbox 2247 5235 3765 5330; baseline -0.003 -25"><span class='ocrx_word' id='word_1_766' title='bbox 2247 5235 2907 5330; x_wconf 10' lang='lat' dir='ltr'><strong>adicnltuinet&#39;deeore&#39;mr</strong></span> <span class='ocrx_word' id='word_1_767' title='bbox 2922 5235 3260 5330; x_wconf 61' lang='lat' dir='ltr'><strong>tabernaculi</strong></span> <span class='ocrx_word' id='word_1_768' title='bbox 3283 5235 3350 5303; x_wconf 70' lang='lat' dir='ltr'><strong>&quot;et</strong></span> <span class='ocrx_word' id='word_1_769' title='bbox 3374 5249 3550 5302; x_wconf 89' lang='lat' dir='ltr'><strong>altaris</strong></span> <span class='ocrx_word' id='word_1_770' title='bbox 3578 5242 3648 5330; x_wconf 71' lang='lat' dir='ltr'><strong>tui</strong></span> 
     </span>
    </p>
   </div>
  </div>
