3902 5334
92 326 208 383 £029

1009 314 1195 374 0RDO
1232 315 1320 370 DE
1358 310 1816 369 DEDICATIONE
1856 315 2229 374 ECCLESIA'I.

3180 331 3318 389 £030

89 439 259 499 Bened.
284 436 350 490 ad
393 435 561 502 albas,
587 406 848 507 planetas,
879 433 1062 507 stolas,
1120 442 1168 486 et
1205 431 1436 503 cingulos
1476 429 1628 484 bene-
1659 428 1707 488 Λ
1737 442 1852 485 cent
1894 448 1992 502 pro
2039 435 2210 488 salute
2244 434 2486 490 omnium
2525 446 2791 492 nostrum.
2840 438 2942 507 Qui
2975 456 3096 494 cum
3132 440 3312 498 Patre.

707 504 975 558 dicendos.

145 602 354 661 Domine
392 598 534 655 Deus
561 596 724 654 Pater
746 597 1090 668 omnipotens
1121 610 1217 652 rex
1241 603 1294 650 et
1318 594 1634 668 magniﬁcus

90 695 441 766 triumphator,
466 690 557 761 qui
576 704 673 761 per
694 696 910 745 sanctos
940 697 1123 759 patres
1145 695 1383 754 nostros,
1412 687 1502 757 qui
1536 685 1633 741 tibi

88 792 132 844 in
179 769 489 842 sacerdotali
535 783 727 838 ordine
775 781 1115 853 placuerunt,
1169 781 1366 836 diversi
1421 779 1635 852 generis

87 884 371 935 ornamenta
437 883 492 929 ct
531 874 856 930 vestimenta
887 870 1243 928 sacerdotalia
1297 869 1436 936 ﬁeri,
1465 877 1520 924 et
1549 870 1634 925 his

87 968 243 1025 ornari
267 966 579 1022 sacerdotes
595 964 688 1019 tibi
704 963 1006 1020 servientes
1028 961 1265 1033 jussisti,
1288 962 1482 1016 exaudi
1509 976 1634 1032 pro-

88 1061 231 1134 pitius
253 1057 557 1113 orationem
605 1065 849 1112 nostram
875 1064 931 1110 et
971 1055 1112 1110 hanc
1133 1053 1404 1125 planetam
1446 1054 1634 1109 famuli

87 1154 148 1207 tui
169 1151 225 1206 N.
246 1165 336 1206 seu
360 1151 612 1220 poderem
636 1163 701 1204 ac
726 1147 1020 1219 cingulum,
1043 1147 1391 1216 orariumque
1410 1146 1634 1203 dextera

87 1256 159 1299 tua
177 1250 351 1298 sancta
395 1240 734 1303 benedicere,
773 1237 1242 1308 sanctiﬁearcque,
1271 1247 1322 1292 et
1346 1236 1636 1308 puriﬁcare

85 1337 317 1406 digneris,
367 1342 640 1404 quatenus
679 1332 795 1387 haec
844 1330 1166 1386 vestimenta
1215 1330 1481 1385 ministris
1529 1329 1636 1385 tuis

86 1430 232 1485 levitis
251 1443 312 1484 ac
339 1426 715 1482 sacerdotibus
742 1425 809 1480 ad
833 1423 1078 1479 divinum
1101 1423 1305 1479 cultum
1329 1423 1634 1479 ornandum

84 1518 481 1590 explendumque
510 1516 823 1588 proﬁciant,
876 1515 1192 1586 sanctisque
1235 1515 1498 1571 altaribus
1529 1515 1636 1572 tuis

88 1609 258 1665 niunde
292 1619 346 1664 et
379 1617 574 1664 ornate
605 1607 657 1662 in
686 1606 770 1662 his
792 1606 964 1661 sacris
985 1606 1227 1662 vestibus
1252 1605 1632 1672 ministraturi,

88 1699 558 1772 inreprehensibilis
597 1698 649 1752 in
681 1707 804 1754 actu
829 1707 884 1752 et
912 1697 1056 1752 victu
1085 1696 1334 1762 interius,
1367 1697 1635 1752 exterius-

85 1808 169 1862 que
187 1798 491 1861 appareant,
525 1789 728 1859 tibique
755 1787 855 1844 soli
888 1787 999 1842 Deo
1029 1802 1165 1858 puro
1186 1788 1350 1843 corde
1389 1796 1445 1842 et
1477 1803 1627 1842 mun-
1657 1797 1705 1858 Β

87 1885 140 1937 do
163 1896 370 1953 corpore
419 1881 672 1936 omnibus
702 1881 892 1936 diebus
929 1881 1052 1935 vita:
1089 1895 1198 1935 sua:
1227 1881 1628 1951 inreprehensi-

87 1974 234 2028 hiliter
277 1981 588 2028 sanctorum
621 1981 834 2042 patrum
865 1970 1111 2040 exempla
1171 1980 1462 2041 sequentes
1511 1987 1628 2027 ser-

88 2066 180 2119 vire
203 2064 426 2130 valeant,
491 2065 684 2135 hisque
731 2064 904 2120 sacris
959 2064 1278 2119 ministeriis
1332 2064 1626 2120 secundum

89 2170 206 2212 tuam
251 2158 605 2223 voluntatem,
659 2157 876 2227 quando
910 2157 1007 2212 tibi
1052 2157 1336 2227 placuerit,
1365 2157 1623 2228 expletis,

89 2248 289 2303 caelestis
317 2247 465 2318 regni
499 2247 726 2318 gloriam
749 2261 872 2302 cum
901 2248 1158 2302 omnibus
1187 2247 1292 2302 sibi
1319 2247 1628 2302 commissis

89 2339 328 2408 percipere
361 2347 698 2394 mereantur.
729 2338 850 2393 Per.

524 2428 827 2484 Benedictio
863 2423 1140 2484 stolarum.

142 2519 341 2575 Domine
363 2519 510 2576 Deus
529 2521 896 2592 omnipotens,
921 2521 1010 2590 qui
1042 2521 1112 2576 ab
1136 2521 1292 2576 initio
1317 2521 1625 2578 hominibus

89 2612 207 2666 utilia
233 2621 285 2668 et
307 2612 613 2668 necessaria
652 2612 874 2677 creasti,
900 2620 955 2666 et
984 2612 1306 2668 vestimenta
1343 2611 1626 2682 pontiﬁca-

89 2703 140 2756 lia
163 2702 352 2772 aliaque
375 2714 703 2759 ornamenta
729 2713 783 2758 et
813 2703 1130 2758 linteamina
1161 2702 1535 2758 sacerdotibus
1561 2717 1626 2758 ac

88 2791 231 2848 lcvitis
285 2793 336 2847 in
382 2807 541 2848 usum
605 2791 936 2848 tabernaculi
998 2793 1222 2848 hederis
1276 2792 1394 2847 fieri
1455 2792 1623 2865 Moysi

89 2884 252 2940 famulo
272 2894 359 2942 tuo
387 2885 628 2956 iussisti.
669 2901 902 2957 eumque
933 2884 1140 2956 Spiritu
1167 2885 1450 2956 sapientia:
1475 2886 1540 2939 ad
1572 2885 1625 2938 id

88 2977 404 3047 peragendum
467 2976 714 3048 replesti,
774 2977 877 3033 hoc
914 2987 1290 3032 ornamentum
1351 2975 1405 3030 in
1466 2991 1623 3032 usum

87 3068 330 3124 ministerii
385 3071 462 3126 tui
522 3069 887 3134 sanetificare,
955 3070 1300 3134 benedicere,
1345 3078 1401 3125 et
1434 3085 1626 3126 conse-

88 3173 230 3225 crare,
256 3171 412 3232 atque
445 3161 731 3216 ministros
757 3161 948 3216 altaris
978 3162 1053 3216 tui
1097 3161 1185 3232 qui
1221 3161 1352 3216 illud
1379 3171 1629 3232 portave-
1657 3149 1702 3211 C

89 3252 173 3305 rint
215 3253 542 3324 septiformis
579 3252 788 3325 Spiritu
838 3265 1028 3309 sancto
1081 3253 1371 3325 dignanter
1417 3253 1627 3324 replere

88 3340 305 3410 digneris,
329 3353 494 3414 atque
533 3345 804 3400 castitatis
833 3345 969 3400 stola
999 3353 1053 3402 et
1085 3345 1402 3401 indumento
1429 3345 1627 3401 lmtitia:

87 3432 387 3502 sempiterna:
421 3442 482 3488 et
527 3435 684 3490 beata
715 3434 904 3500 facias,
933 3450 1058 3490 cum
1091 3434 1358 3490 bonorum
1397 3449 1624 3506 operum

87 3521 231 3578 fructu
267 3525 588 3582 ministeriis
615 3527 957 3598 congruenti,
989 3527 1395 3584 immortalitate
1414 3527 1623 3584 vestiri.

86 3611 182 3670 Per.

88 3705 306 3778 Pnrfatio
337 3711 768 3780 Eucltaristialis,
805 3714 859 3767 id
911 3723 986 3768 est
1016 3712 1239 3780 vasculi,
1285 3715 1338 3768 in
1379 3730 1481 3784 quo
1515 3711 1627 3768 Eu-

515 3786 771 3840 charistia
845 3785 1166 3840 reconditur.

141 3871 345 3932 Oremus
372 3877 712 3934 dilectissimi
747 3875 964 3944 fratres,
1011 3885 1069 3932 ut
1097 3877 1238 3934 Deus
1278 3877 1626 3948 omnipotens

89 3963 169 4018 hoc
209 3969 477 4024 vasculum
523 3970 768 4041 corporis
817 3968 939 4025 Filii
988 3970 1070 4026 sui
1116 3970 1217 4024 Dni
1269 3971 1352 4026 nri
1397 3971 1493 4026 lhu
1526 3969 1626 4042 Xpi

89 4057 294 4123 gerulum
347 4077 458 4118 sua:
505 4063 900 4120 benedictionis
945 4064 1211 4119 tutamine
1267 4065 1462 4135 suique
1504 4065 1625 4121 Filii

89 4143 263 4206 Domini
306 4154 472 4208 nostri
527 4169 772 4222 munere,
835 4171 901 4210 ac
930 4155 1104 4211 sancti
1138 4154 1376 4225 Spiritus
1426 4157 1629 4213 virtute

90 4235 277 4306 implere
301 4244 572 4316 dignetur.

546 4336 794 4409 Sequitur
823 4338 1130 4395 benedictio.

145 4422 366 4482 Oremus.
396 4428 751 4500 Omnipotens
781 4432 926 4488 Deus
955 4432 1195 4488 Trinitas
1219 4433 1622 4504 inseparabilis,

91 4517 302 4575 manibus
326 4523 528 4578 nostris
547 4537 700 4594 Opem
731 4532 835 4579 tuae
862 4525 1264 4581 benedictionis
1298 4501 1540 4589 infunde,
1568 4535 1628 4579 ut
1656 4501 1704 4562 ί)

90 4616 166 4668 per
186 4619 412 4666 nostram
440 4614 868 4670 benedictionem
894 4614 997 4670 hoc
1020 4615 1294 4670 vasculum
1320 4614 1629 4670 sanetilice-

94 4704 178 4761 ¹ι¹¹⁸ο
204 4711 253 4754 et
299 4705 542 4774 corporis
581 4707 782 4761 Christi
837 4722 1034 4762 novum
1061 4708 1406 4778 sepulchrum
1455 4709 1630 4763 sancti

93 4784 295 4855 Spiritus
314 4799 484 4867 gratia
531 4799 798 4868 perliciat.
830 4798 952 4854 Per.

278 4883 527 4956 Prmfatio
566 4889 634 4942 ad
691 4900 934 4960 patenam
982 4894 1412 4948 consecrandam.

150 4970 356 5032 Oremus
393 4977 588 5034 fratres
610 4979 719 5034 kmi
766 4989 824 5034 ut
864 4981 1058 5036 divinae
1097 4983 1284 5052 gratia:
1322 4984 1629 5042 benedictio

96 5075 336 5124 consecret
377 5080 430 5126 et
454 5073 754 5129 sanetilicet
793 5073 934 5129 hanc
962 5085 1212 5145 patenam
1247 5077 1315 5132 ad
1338 5077 1628 5133 conficieno

98 5151 198 5208 dum
223 5157 271 5212 in
316 5175 375 5214 ea
403 5175 596 5235 corpus
639 5165 740 5219 Dni
789 5165 870 5218 nri
920 5166 1014 5221 lhu
1050 5165 1152 5236 Xpi
1196 5168 1454 5236 patientis
1499 5183 1625 5222 cru-

1810 523 1948 578 Alia.
1979 524 2376 582 Consecramus
2395 536 2448 582 et
2475 529 2878 586 sanetilicamus
2905 532 3043 588 hanc
3066 543 3316 602 patenam

1736 614 1803 670 ad
1836 615 2230 672 conficiendum
2263 618 2314 672 in
2352 633 2414 673 ea
2461 634 2658 692 corpus
2689 620 2787 676 Dni
2821 623 2904 678 uri
2949 623 3045 679 llut
3079 623 3179 696 Xpi
3222 643 3316 698 pa-

1736 705 1921 760 tientis
1966 721 2182 762 crucem
2230 723 2330 778 pro
2378 707 2553 764 salute
2617 711 2860 768 omnium
2897 723 3161 770 nostrum.
3211 716 3313 784 Qui

1733 812 1857 852 cum
1905 795 2052 850 Patr.
2097 797 2232 853 Inde
2280 800 2442 870 faciat
2495 802 2700 872 signum
2741 805 2912 859 crucis
2934 805 3000 860 de
3035 808 3316 865 chrismate

1734 897 1914 940 sancto
1943 903 2100 956 super
2115 899 2358 957 patenam
2385 900 2432 944 et
2459 890 2619 946 dicat.
2648 891 2982 950 Consecrare
3009 908 3062 951 et
3085 900 3316 954 sanctifi-

1734 994 1861 1034 care
1883 979 2125 1049 digneris
2157 981 2381 1037 Domine
2405 992 2656 1054 paternam
2698 986 2835 1042 hanc
2865 1003 2962 1058 per
3004 989 3163 1044 istam
3190 1007 3319 1048 san-

1734 1081 1878 1127 ctam
1909 1073 2340 1130 benedictionem
2371 1075 2425 1132 in
2457 1077 2576 1149 Xpo
2625 1077 2721 1134 lltu
2757 1080 2871 1136 Dno
2902 1097 3019 1138 ttro.
3050 1081 3150 1150 Qui
3184 1084 3315 1139 vivit

1732 1173 1790 1220 et
1820 1173 2030 1236 regnat.

2271 1258 2527 1332 Pricfutio
2585 1263 2785 1319 colicis.

1804 1350 2035 1407 Oremus
2059 1349 2397 1408 dilectissimi
2446 1353 2664 1422 fratres,
2697 1367 2757 1411 ut
2802 1356 2944 1413 Deus
2974 1368 3030 1414 et
3060 1361 3317 1417 Dominus

1736 1456 1921 1502 noster
1963 1449 2108 1504 hunc
2137 1448 2363 1505 calicem
2393 1451 2447 1506 in
2496 1467 2653 1507 usum
2703 1453 2987 1508 ministerii
3021 1455 3101 1508 sui
3125 1469 3318 1510 conso-

1734 1538 1996 1593 orandum
2025 1528 2231 1595 coalein
2256 1540 2445 1612 gratiae
2475 1541 2832 1612 inspiratione
2860 1543 3166 1601 sanetil‘tcet
3192 1546 3315 1600 etei

1734 1629 1801 1684 ad
1843 1629 2134 1684 humanam
2197 1631 2632 1690 benedictionem
2701 1633 3096 1706 plenitudinem
3147 1636 3316 1690 divini

1737 1719 1938 1776 favoris
1961 1723 2353 1779 accommodet.

2229 1835 2481 1907 Sequitur
2510 1838 2818 1893 benedictio.

1802 1927 2036 1998 Dignare
2067 1927 2294 1985 Domine
2331 1929 2556 1986 calicem
2606 1930 2768 1985 istum
2799 1931 2852 1986 in
2886 1946 3044 1986 usum
3071 1931 3318 1987 ministe-

1729 2017 1795 2073 rii
1827 2019 1900 2074 tui
1927 2019 2011 2089 pia
2039 2018 2222 2074 famuli
2261 2021 2336 2074 tui
2368 2002 2658 2076 devotione
2685 2020 2975 2076 formatum
3002 2037 3067 2076 ea
3111 2023 3314 2078 sancti-

1731 2107 1982 2164 ficatione
2039 2109 2385 2179 perfundere,
2421 2126 2526 2181 qua
2565 2110 2963 2167 Melchisedech
3001 2111 3184 2167 famuli
3240 2113 3316 2167 tui

1729 2211 2002 2258 sacratum
2030 2202 2252 2259 calicem
2279 2205 2588 2274 perfudisti,
2615 2213 2672 2260 et
2700 2207 2842 2276 quod
2866 2215 2988 2262 arte
3012 2207 3096 2262 vel
3127 2208 3315 2262 metal~

1730 2293 1768 2347 li
1799 2291 1976 2348 oﬂicio
2005 2309 2110 2349 non
2145 2303 2321 2362 potest
2343 2295 2606 2352 altaribus
2649 2296 2756 2350 tuis
2787 2310 2912 2351 esse
2943 2295 3187 2366 dignum,
3227 2305 3315 2350 tua

1730 2383 1824 2437 flat
1871 2382 2247 2439 benedictione
2309 2385 2626 2454 pretiosum,
2677 2394 2842 2456 atque
2887 2385 3313 2441 sanctificatum.

1729 2473 1852 2530 Per.
1894 2473 1962 2528 Et
1988 2474 2150 2543 faciat
2174 2492 2378 2530 crucem
2407 2477 2474 2530 de
2506 2477 2806 2544 chrismate,
2843 2493 3000 2547 super
3033 2477 3201 2547 ipsum
3229 2493 3318 2530 ca-

1729 2566 1900 2621 licem.
1933 2566 2304 2637 Omnipotens,
2339 2575 2445 2623 ete.
2481 2567 2653 2638 (l‘9l).

2015 2680 2316 2736 Benedictio
2361 2680 2568 2737 Crucis.
2619 2683 2720 2753 (Es
2750 2683 3024 2753 utroque.)

1802 2769 2058 2827 Primitus
2083 2773 2175 2842 [int
2209 2773 2496 2827 benedictio
2537 2773 2665 2827 salis
2691 2783 2739 2828 et
2770 2789 2941 2844 aqum.
2986 2772 3185 2827 Deinde
3231 2787 3315 2826 se-

1728 2874 1924 2934 quatur
1953 2863 2238 2918 benedictio
2266 2863 2457 2918 crucis.
2481 2863 2715 2919 Benedic
2739 2864 2876 2930 Due,
2899 2873 3006 2919 etc.
3039 2862 3178 2916 Alia.
3211 2861 3318 2918 Ro-

1730 2972 1940 3028 gamus,
1985 2964 2090 3012 etc.
2145 2955 2252 3011 Per
2299 2956 2484 3012 omnia
2527 2956 2726 3012 saecula
2772 2955 3114 3012 saeculorum.
3165 2955 3317 3010 Dnus

1730 3049 2028 3104 vobiscum.
2082 3046 2148 3101 Et
2196 3062 2319 3102 eum
2365 3048 2558 3120 spiritu
2592 3055 2704 3103 tuo.
2753 3045 2862 3102 VD.
2920 3055 3122 3103 aeterne
3151 3047 3315 3104 Deus.

1735 3136 1901 3206 Cujus
1931 3145 2199 3199 sanctum,
2232 3145 2341 3192 etc.

2129 3250 2273 3305 Alia.
2326 3250 2426 3323 (Ex
2474 3266 2578 3306 ms.
2619 3250 2724 3306 Th.
2773 3251 2924 3324 277.)

1803 3342 2076 3413 Rogamus
2100 3351 2153 3399 te
2205 3341 2434 3397 Domine
2469 3342 2790 3414 suppliciter
2815 3342 3132 3399 invocantes
3163 3351 3221 3397 ut
3247 3343 3322 3398 si-

1730 3449 1895 3506 gnum
1950 3433 2090 3488 istud
2129 3443 2330 3489 saneta:
2361 3433 2555 3490 Crucis
2589 3434 2661 3490 sit
2690 3433 2838 3490 salus
2869 3434 3218 3490 credentibus
3266 3435 3320 3489 in

1731 3537 1784 3582 te
1811 3541 1910 3597 per
1937 3525 2247 3596 passionem
2281 3526 2461 3581 crucis
2489 3534 2614 3591 tum,
2663 3534 2718 3581 et
2743 3541 2842 3596 per
2868 3527 3084 3598 signum
3114 3527 3321 3582 sancti-

1730 3619 1998 3684 tatistuw,
2025 3619 2236 3689 signum
2261 3618 2332 3674 sit
2355 3617 2449 3674 Dei
2474 3617 2601 3684 vivi,
2629 3617 2842 3690 signum
2859 3618 3074 3685 salutis,
3105 3619 3320 3689 signum

1731 3711 1904 3766 beata:
1956 3708 2260 3775 Trinitatis,
2307 3709 2520 3782 signum
2559 3709 2800 3766 caelestis
2853 3708 3063 3780 gloriaz,
3107 3709 3320 3780 signum

1732 3800 2048 3856 Salvatoris
2089 3798 2216 3855 Jesu
2269 3797 2473 3855 Christi
2527 3798 2628 3855 Dni
2661 3798 2852 3854 nostri.
2901 3797 3026 3854 Haec
3067 3807 3152 3854 est
3187 3811 3320 3854 crux

1731 3893 2029 3951 Salvatoris
2081 3892 2306 3959 Christi,
2358 3908 2494 3947 crux
2537 3893 2996 3964 patriarcharum,
3029 3908 3161 3948 crux
3191 3907 3320 3963 pro-

1729 3986 2041 4057 phetarum.
2072 3999 2204 4038 crux
2233 3983 2602 4054 apostolorum
2633 3993 2972 4046 sanctorum,
3004 3998 3139 4038 crux
3172 3998 3314 4036 mar-

1734 4088 1920 4153 tyrum
1971 4077 2198 4142 (Ihristi,
2250 4091 2384 4131 crux
2425 4075 2680 4132 Etclesiaa
2729 4074 2848 4141 Dei,
2900 4090 3033 4130 crux
3078 4075 3321 4129 omnium

1737 4169 2076 4226 credentium
2130 4169 2185 4224 in
2228 4176 2476 4224 sanctam
2519 4176 2575 4224 et
2607 4166 2928 4239 perfectam
2975 4166 3321 4222 Trinitatem.

1732 4262 1856 4319 Per.

1805 4353 1948 4407 Alia.
2006 4353 2084 4408 Te
2134 4353 2363 4408 Domine
2411 4368 2744 4424 quaesumus,
2786 4353 2878 4424 qui
2909 4353 3006 4408 das
3036 4352 3325 4407 animabus

1733 4443 1962 4499 salutem
1993 4459 2089 4514 per
2123 4445 2337 4516 signum
2365 4445 2545 4500 crucis
2574 4454 2698 4511 tum,
2723 4454 2781 4499 ut
2813 4445 2866 4499 in
2896 4444 3033 4500 locis
3053 4459 3117 4498 ac
3152 4441 3324 4498 domi-

1735 4537 1853 4601 bus,
1885 4536 1976 4589 ubi
2005 4550 2138 4590 crux
2183 4536 2285 4589 ista
2327 4535 2432 4589 fixa
2473 4535 2624 4607 (l9?)
2655 4544 2908 4601 maneat,
2932 4537 3185 4606 fugentur
3219 4536 3328 4590 dav-

1735 4640 1945 4690 mones,
2003 4635 2058 4679 et
2116 4625 2380 4679 immundi
2420 4627 2667 4697 spiritus,
2718 4641 2781 4682 ac
2817 4626 3041 4698 pestifer
3095 4626 3328 4697 pellatur

1738 4717 2010 4782 inimicus,
2063 4717 2378 4786 morbisque
2425 4728 2672 4784 careant,
2714 4727 2769 4773 et
2821 4719 3202 4785 immunditiis,
3262 4734 3327 4774 ac

1737 4823 1928 4862 omnes
1948 4807 2194 4862 adversa:
2233 4815 2555 4876 potestates,
2585 4808 2896 4879 cognitione
2927 4817 3038 4875 tua,
3067 4811 3176 4866 sint
3207 4823 3330 4880 pro~

1739 4896 1826 4954 cul
1857 4896 2111 4966 depulsae,
2161 4907 2217 4953 et
2266 4895 2470 4950 virtute
2511 4904 2616 4951 tua:
2641 4897 3039 4954 benedictionis
3069 4899 3141 4955 sit
3170 4899 3332 4952 bene-

1739 4991 1881 5047 dicta
1912 4989 2024 5045 hacc
2051 5005 2182 5045 crux
2213 4998 2270 5044 et
2318 4989 2682 5056 sanctificata,
2712 5001 2766 5045 et
2792 4992 3053 5048 mundata
3103 4991 3330 5057 dignan-

1741 5092 1848 5147 ter,
1893 5089 1952 5134 ut
1996 5080 2048 5136 in
2095 5095 2423 5152 quocunque
2452 5079 2574 5136 loco
2619 5093 2861 5148 maneat,
2891 5083 2948 5137 in
2991 5087 3086 5132 tuo
3115 5075 3336 5132 nomine

1741 5188 1931 5234 omnes
1959 5183 2196 5232 terrores
2223 5173 2508 5229 meridiani
2530 5184 2586 5232 et
2613 5177 2891 5242 nocturni,
2921 5179 2977 5229 et
3000 5184 3194 5226 omnes
3225 5176 3338 5220 ter-
