3902 5334
594 344 727 400 test
1393 330 1409 350 '
1448 344 1737 401 APPEND.
1778 344 1871 401 AD
1909 346 2085 423 ξτες.
2126 351 2135 404 :

2237 379 2286 391 —-
2325 350 2751 410 MONUMENTA
2796 358 3068 416 LITURG.
3678 379 3778 435 1032

594 470 747 512 rores
784 455 1089 526 livoresque
1127 454 1395 525 serpentis
1423 456 1800 521 excludantur,
1835 458 2132 513 abscedant

2236 514 2237 521 η
2268 460 2633 517 ιτίιιί.ῐ)οιιιίιιο
2662 477 2920 536 perpetua
2971 472 3209 529 redoleat
3244 480 3522 537 suavitate.
3551 482 3644 540 Per
3675 490 3777 548 υιιιι

594 562 700 615 que
730 545 938 600 insidia:
959 545 1174 600 latentis
1197 542 1424 608 inimici,
1453 553 1507 599 et
1544 544 1866 600 fantasmata
1908 557 2159 616 pereant.
2262 549 2316 602 in
2345 551 2546 605 unitate
2578 553 2838 622 ejusdem.

594 636 717 691 Per.
751 636 892 689 Alia.
924 636 1066 690 Deus
1094 634 1186 706 qui
1210 634 1383 689 beata:
1405 634 1608 701 crucis,
1630 644 1739 689 etc.
2297 633 2553 737 PIa’lbtio
2573 642 2625 695 in
2647 647 3032 703 consecratione
3054 668 3333 722 captarum
3371 658 3487 728 (pro
3512 662 3749 737 reliqum).

665 727 806 781 Alia.
858 726 1147 781 Sanctifica
1180 724 1312 791 Due,
1339 732 1445 779 etc.
1480 724 1582 779 Hic
1614 736 1856 797 aspergat
1880 744 1994 782 eam
2021 745 2161 801 aqua
2276 754 2279 759 -
2324 724 2557 783 Oremus
2599 729 2935 790 dilectissimi
2976 746 3080 792 etc.
3124 724 3464 801 Comm-aiio
3509 750 3562 803 in
3607 724 3777 813 modum

591 825 794 880 sancta,
858 815 1056 869 addens
1105 815 1315 869 odorem
1370 816 1568 869 incensi
1620 816 1795 871 dicens
1844 815 2132 877 Sanctifice

2260 814 2624 886 Prwfationis.
2648 822 3204 886 Deusinarstitnabilis
3238 842 3348 888 etc.
3380 835 3520 891 Alia.
3550 840 3652 897 Bne
3674 846 3777 902 Deus

592 920 698 973 tur,
724 918 831 962 etc.
860 906 1159 962 Benedictio
1203 908 1375 960 crucis
1413 906 1768 963 metallizatw.
1812 908 1954 964 Deus
1974 910 2161 982 gloriae
2255 910 2599 979 omnipotens
2628 914 2719 983 qui
2750 930 2889 970 mur.
2932 927 3039 975 etc.
3083 922 3204 977 Alia
3250 928 3442 982 oratio.
3491 928 3598 987 Duc
3632 946 3778 992 sancte

586 999 818 1055 excelsa:
847 999 1093 1062 sabaoth,
1117 1008 1221 1054 etc.
1248 998 1418 1069 (t93).
2254 994 2416 1091 fater
2456 1001 2804 1070 omnipotens
2841 1014 3039 1062 aeterne
3060 1010 3218 1076 Deus,
3252 1014 3343 1082 qui
3370 1030 3474 1085 per
3499 1021 3775 1091 "niveum

1064 1088 1365 1146 Benedictio
1382 1088 1666 1163 thurt'buh'.
2254 1084 2449 1144 Filium
2477 1102 2631 1146 tuum
2666 1095 2881 1150 beatum
2912 1094 3135 1154 Paulum
3168 1084 3467 1173 apostolum
3486 1084 3777 1170 Vas'etectio-

654 1184 879 1240 Domine
905 1183 1070 1249 Deus,
1097 1183 1185 1253 qui
1209 1185 1333 1239 dum
1364 1184 1502 1238 tilios
1522 1184 1686 1240 Israel
1707 1184 1777 1241 ob
1801 1185 2050 1242 rebellem
2070 1188 2154 1243 sui
2252 1179 2338 1235 nis
2364 1184 2622 1252 appellari
2645 1185 2885 1253 voluisti.
2904 1198 2959 1244 ει
2980 1192 3094 1261 ipso
3113 1197 3519 1266 evaltsclimte
3538 1205 3776 1262 aedicula

583 1274 977 1331 contumaciam
1004 1274 1195 1331 durum
1218 1283 1457 1330 vastaret
1487 1275 1815 1343 incendium,
1844 1276 2021 1332 Aaron
2063 1293 2152 1333 sa-
2254 1270 2502 1330 ﬁdelibus
2527 1291 2624 1333 vos
2643 1279 2774 1335 eStis
2812 1283 3069 1352 templum
3101 1284 3195 1341 Dei
3220 1288 3360 1355 vivi,
3390 1301 3445 1346 et
3477 1291 3774 1364 Spiritusne

582 1367 853 1423 eerdotem
894 1374 1041 1420 tuum
1069 1364 1212 1421 inter
1232 1365 1384 1421 vivos
1410 1381 1475 1422 ac
1499 1375 1742 1423 mortuos
1763 1370 1966 1423 orando
2001 1377 2123 1424 stan

2254 1364 2459 1420 habitat
2482 1367 2535 1422 in
2572 1370 2744 1437 vobis,
2774 1374 3024 1431 omnibus
3049 1375 3145 1431 Dni
3170 1380 3251 1434 ιιι-ἱ
3294 1381 3390 1436 Ihu
3434 1383 3534 1455 Xpi
3570 1389 3775 1446 utemini:

562 1469 689 1513 ‘tem
721 1457 924 1528 tibique
950 1446 1223 1513 incensum
1247 1457 1564 1515 olTerentem
1611 1460 1866 1515 exaudire
1903 1461 2103 1533 dignati

2252 1455 2480 1509 eandem
2517 1471 2666 1527 spem
2692 1463 3029 1530 concessisti,
3065 1474 3117 1521 te
3148 1467 3429 1525 humiliter
3453 1446 3772 1543 implorantes,

578 1566 662 1617 es,
690 1552 1050 1623 populumque
1093 1552 1160 1606 de
1207 1552 1457 1608 incendio
1486 1554 1738 1619 liberare,
1781 1555 2006 1612 benedic
2051 1556 2119 1611 lto

2253 1552 2312 1598 ut
2336 1545 2478 1601 hanc
2504 1562 2722 1617 capsum
2766 1551 3040 1622 capiendis
3068 1565 3382 1614 sanctorum
3414 1569 3620 1618 tuorum
3646 1582 3776 1622 mem-

577 1656 885 1711 quaesumus
908 1642 1262 1708 thuribulum,
1290 1651 1345 1697 et
1373 1653 1589 1714 prmsta,
1621 1652 1679 1698 ut
1699 1644 1947 1713 quotiens
1974 1645 2068 1700 tibi
2096 1645 2110 1699 i

2251 1635 2366 1690 bris
2387 1636 2469 1691 vel
2495 1640 2705 1694 exuviis
2723 1641 2807 1695 vel
2836 1642 3152 1714 pignoribus
3178 1649 3471 1708 artiﬁciose
3491 1668 3773 1726 compactam

575 1748 641 1786 eo
665 1730 937 1787 otierimus
965 1732 1242 1788 incensum
1265 1773 1280 1797 ,
1326 1749 1424 1788 nos
1448 1733 1563 1802 ipso
1585 1732 1802 1789 Christo
1827 1742 1918 1788 tuo
1948 1734 2151 1790 etiicias
2182 1814 2195 1815 ί
2251 1735 2303 1781 el
2333 1738 2577 1782 οιήιὶιεηη
2600 1769 2617 1794 ν
2648 1745 2825 1786 rorem
2852 1733 3047 1790 ἀίνίηω
3075 1739 3521 1798 δειποίῖίῖεειιίυηίε
3553 1746 3772 1815 Infundas.

572 1820 699 1876 boni
736 1822 918 1878 odoris
951 1822 1284 1894 aceeptabile
1319 1822 1594 1894 templum.
1624 1823 1725 1890 Qui
1757 1839 1878 1878 cunt
1910 1823 2040 1879 Deo.
2175 1814 2222 1873 Β
2247 1827 2307 1873 Cl
2340 1834 2444 1872 non
2491 1820 2662 1875 solum
2711 1823 2779 1878 ad
2822 1825 3032 1881 illorum
3068 1833 3413 1897 pratsentiam
3458 1838 3709 1894 venientes
3735 1850 3776 1895 et

582 1980 589 1986 θ
676 1912 795 1966 Alia
819 1914 904 1983 (ex
941 1912 1062 1968 cod.
1088 1912 1245 1967 Vind.
1276 1914 1353 1968 th.
1381 1913 1509 1979 277,
1537 1927 1659 1969 saec.
1688 1929 1764 1968 xu
1788 1913 1870 1999 vel
1901 1915 2042 1986 rut).
2247 1912 2444 1968 ibidem
2471 1916 2784 1986 suppliciter
2821 1930 3109 1977 exerentes
3130 1926 3413 1994 exandias,
3460 1931 3554 1984 sed
3583 1940 3633 1985 et
3654 1933 3773 2002 quip-

643 2002 867 2057 Domine
908 2013 1095 2058 sancte
1137 2003 1298 2058 Pater
1353 2004 1696 2072 omnipotens
1732 1996 1933 2059 aeterne
1981 2003 2142 2068 Deus,
2244 2002 2385 2072 piam
2421 2004 2488 2058 de
2534 2007 2810 2062 memoriis
2854 2022 3038 2067 eorum
3076 2027 3177 2082 pro
3223 2014 3598 2075 benedictione
3633 1996 3774 2092 repan-

570 2093 661 2163 qui
691 2093 744 2147 in
773 2093 987 2149 deserto
1007 2093 1246 2163 profana:
1266 2094 1623 2149 multitudinis
1642 2097 2141 2161 murmurationem,
2244 2101 2438 2158 tantes.
2492 2103 2585 2149 aut
2635 2096 2869 2154 ﬁdeliter
2896 2101 3240 2171 accipientes,
3288 2106 3573 2164 immensa
3601 2109 3772 2183 pietatis

569 2186 781 2238 tlatntna
807 2185 1092 2251 multante,
1119 2200 1241 2240 cum
1272 2185 1452 2239 Aaron
1490 2186 1742 2241 sacerdos
1788 2195 1909 2243 tuus
1937 2186 2106 2257 replet

2246 2192 2348 2238 tua:
2366 2188 2544 2256 gratia
2575 2189 2865 2257 consolari,
2892 2191 3157 2260 refovere,
3182 2197 3349 2255 tutari
3373 2212 3448 2254 ac
3477 2214 3773 2257 remunerare

571 2273 637 2328 de
685 2272 872 2327 altaris
906 2275 1026 2344 igne
1057 2274 1330 2330 thuribulo
1363 2285 1467 2330 tua:
1491 2276 1754 2347 majestali
1786 2292 1884 2348 pro
1915 2277 2057 2333 illius
2079 2278 2142 2332 li-
2242 2276 2498 2347 digneris.
2528 2278 2651 2334 Per.

565 2364 848 2422 beratione
903 2366 1178 2423 humiliter
1232 2368 1579 2438 supplicaret,
1636 2370 1857 2426 incenso
1898 2370 2106 2442 placato

1945 2372 2141 2427 laeatns
2578 2372 2711 2429 Item
2741 2377 2878 2431 unde
2897 2394 3053 2445 supra
3078 2380 3131 2433 in
3154 2390 3486 2437 transcursu.

563 2457 919 2527 precibusque
945 2456 1063 2527 ejus
1109 2458 1404 2515 clementer
1444 2461 1718 2527 annuisti,
1767 2462 1992 2518 benedic
2039 2462 2143 2519 hoc
2312 2462 2632 2529 Qumsumus
2691 2465 3031 2536 omnipotens
3075 2468 3213 2525 Deus
3273 2471 3642 2528 indefeczivam
3685 2474 3770 2529 ele-

562 2564 869 2617 quzesumus
912 2551 1240 2605 thuribulum
1282 2560 1372 2606 tua
1403 2550 1702 2620 majestate,
1741 2562 1795 2608 et
1834 2560 2050 2623 prmsta,
2083 2562 2140 2609 ut
2239 2552 2494 2606 incutiam
2555 2562 2724 2619 tuam,
2779 2566 2838 2609 ut
2885 2555 2986 2613 hoc
3038 2559 3458 2615 instrumentum
3511 2570 3767 2616 sanctorum

562 2639 705 2710 quod
738 2639 788 2695 in
841 2655 907 2695 eo
939 2641 1031 2696 tibi
1060 2641 1285 2696 olicrtur
1326 2642 1622 2713 incensum
1667 2644 1737 2698 sit
1769 2642 1893 2715 fuga
1936 2646 2135 2699 dmino-
2246 2649 2455 2695 tuorum
2507 2642 2751 2713 reliquiis
2799 2647 3189 2714 honoriﬁcum,
3246 2651 3471 2706 dextera
3522 2652 3770 2721 maiestatis

560 2745 718 2793 num,
749 2731 981 2800 repulsio
1006 2730 1413 2799 fantasntatum,
1449 2733 1829 2789 inmundarum
1867 2737 2138 2792 abscessio
2240 2741 2344 2786 tua:
2369 2732 2654 2802 dignanter
2693 2744 2912 2791 extensa
2940 2738 3251 2795 misericors
3288 2749 3348 2795 et
3387 2742 3622 2812 placidus
3641 2744 3769 2798 bene

559 2824 969 2893 cogitationum,
996 2824 1173 2894 sitque
1205 2825 1255 2880 iu
1284 2825 1424 2882 illius
1442 2828 1608 2882 odore
1633 2837 1817 2882 nostra
1845 2829 1940 2883 tibi
1963 2830 2098 2884 orati

2237 2822 2425 2886 dicas;
2468 2831 2520 2877 ut
2553 2823 2861 2895 quicunque
2880 2826 3102 2882 illorum
3129 2831 3432 2898 patrocinia
3466 2832 3547 2886 vel
3582 2833 3767 2886 commi-

558 2930 771 2984 semper
800 2926 1042 2986 accepta.
1075 2916 1196 2972 Per,
2237 2926 2338 2966 nus
2385 2923 2797 2982 exspectantes,
2856 2917 2943 2972 vel
3001 2920 3214 2975 eminus
3265 2920 3567 2978 recolentes
3618 2922 3766 2993 pietati

555 3005 855 3065 Benedictio
892 3012 1088 3086 incensi
1124 3012 1199 3067 vel
1227 3014 1587 3086 thimiamntis.
1628 3016 1715 3086 (ex
1738 3018 1856 3073 cod.
1883 3017 2096 3074 bibliotl:

2237 3008 2342 3057 tuae
2370 3002 2533 3057 ﬁdeli.
2557 3008 2838 3062 devotione
2881 3008 2950 3063 de
2990 3024 3310 3080 quacunque
3332 3014 3649 3067 necessitate
3670 3028 3765 3080 sup.

1046 3082 1248 3137 Caesar.
1286 3085 1450 3139 theol.
1488 3082 1644 3157 359.)
2178 3173 2185 3174 ί
2234 3093 2568 3162 plicavcrint,
2614 3106 2797 3167 Optata
2825 3097 2986 3154 citius
3026 3100 3397 3157 consolatione
3436 3118 3509 3158 ac
3539 3103 3766 3174 juvatniue

630 3172 769 3227 Deus
796 3173 1134 3242 omnipotens
1158 3174 1298 3229 Deus
1319 3175 1609 3241 Abraham,
1641 3177 1779 3231 Deus
1804 3176 1971 3244 Isaac,
1991 3178 2130 3235 Deus
2158 3173 2202 3235 C
2232 3186 2524 3256 potiantur.
2556 3187 2674 3243 Per.

558 3265 744 3330 iacob,
781 3269 1013 3323 immitte
1046 3269 1099 3322 in
1130 3270 1270 3324 hanc
1311 3282 1618 3326 creaturam
1659 3273 1890 3339 incensi,
1918 3276 1999 3329 vel
2022 3276 2127 3330 thi-
2402 3274 2656 3347 Prwfatio
2694 3278 2898 3343 cibarii,
2929 3281 2985 3335 id
3010 3292 3085 3337 est
3102 3282 3397 3338 umbraculi
3422 3284 3625 3339 altaris.

557 3356 851 3421 miamatis,
885 3357 992 3411 vim
1015 3358 1198 3414 odoris
1226 3360 1323 3425 tui,
1352 3368 1515 3430 atque
1537 3362 1811 3427 virtutem,
1838 3375 1897 3420 ut
1919 3367 1986 3421 sit
2017 3382 2131 3422 ser-
2303 3365 2533 3421 Oremus
2573 3369 2770 3425 fratres
2817 3372 3149 3428 dilectissimi
3198 3374 3365 3430 Deum
3406 3387 3681 3439 rectorem,
3714 3389 3764 3429 ac

556 3446 636 3500 vir.
664 3447 746 3501 vel
774 3448 983 3503 ancillis
1025 3450 1130 3505 tuis
1166 3451 1577 3519 munimentum,
1628 3456 1898 3526 tutelaque
1947 3459 2133 3513 det‘eat-
2231 3456 2643 3528 gubernatorem
2664 3463 2902 3516 omnium
2924 3464 3240 3519 saeculorum
3270 3505 3286 3528 ,
3314 3474 3379 3520 ιιι
3402 3466 3762 3521 inmemorom-

552 3537 740 3601 stonis,
769 3552 836 3592 ne
856 3538 1019 3594 intret
1039 3539 1208 3595 hostis
1229 3541 1283 3596 in
1306 3541 1515 3598 viscera
1534 3559 1742 3609 eorum,
1766 3560 1863 3600 nec
1885 3548 2149 3604 habiturn.
2229 3550 2377 3605 nium
2424 3549 2739 3606 delictorum
2782 3563 2837 3606 et
2883 3553 3180 3623 facinorum
3204 3556 3511 3627 iuventutis
3556 3567 3611 3613 et
3644 3557 3764 3627 igno-

552 3628 622 3682 ibi
657 3628 740 3683 vel
766 3630 950 3684 sedem
978 3632 1151 3700 possit
1171 3633 1391 3688 habere.
1422 3633 1525 3689 Per
1556 3636 1722 3707 (194).
2127 3666 2149 3693 ο,
2230 3638 2437 3701 rantize,
2461 3639 2571 3693 sive
2591 3642 3048 3708 praevaricationis
3070 3660 3200 3700 mea:
3223 3647 3362 3701 istud
3385 3647 3759 3703 instrumentum

620 3719 739 3773 Alia
765 3719 968 3775 Oratio.
999 3722 1140 3777 Deus
1170 3725 1262 3793 qui
1292 3724 1460 3797 Moysi
1485 3725 1687 3784 {annuo
1708 3737 1800 3784 tuo
1830 3746 1926 3800 per
1956 3731 2145 3802 Spiri—1
2227 3730 2299 3784 ad
2319 3729 2785 3809 honoriﬁcentiam
2824 3735 3056 3791 nominis
3081 3737 3158 3792 tui
3181 3749 3525 3808 compactum
3561 3740 3781 3811 placidus.

552 3817 662 3865 tum
698 3818 945 3865 sanetum
985 3812 1226 3868 reVelare
1267 3814 1516 3885 dignatus
1553 3828 1635 3882 es,
1683 3826 1802 3889 qum
1829 3821 1895 3876 ad
1924 3823 2122 3879 cultum
2226 3833 2289 3873 ae
2315 3819 2624 3876 misericors
2656 3822 3235 3883 illustratione-vultus
3271 3830 3354 3884 sui
3400 3832 3760 3887 benedicereet

545 3901 844 3957 sanctuarii
868 3904 1175 3958 necessaria
1195 3904 1500 3971 decrevisti,
1531 3909 1815 3980 exquibus
1846 3912 2123 3969 thimiama
2224 3910 2563 3969 sauctiltCare
2577 3915 2845 3986 dignetur.

546 3990 673 4045 boni
699 3991 880 4048 odoris
908 3994 974 4048 ad
998 4008 1133 4064 opus
1160 3994 1412 4052 Ecclesia:
1449 4005 1552 4055 ture
1571 3999 1642 4055 ob
1668 4015 1887 4057 causam
1912 4004 2123 4075 religio—
2831 4007 3187 4067 Consecmtie.

546 4083 630 4139 uis
654 4084 850 4155 iugiter
893 4099 1212 4155 permanere
1232 4085 1478 4156 iussisti,
1520 4100 1580 4145 ut
1608 4092 1835 4161 mystice
1866 4094 2021 4150 nobis
2049 4096 2122 4150 si-
2290 4096 2643 4170 omnipotens
2669 4098 2999 4171 sempierne
3038 4104 3200 4170 Deus,
3248 4106 3340 4176 qui
3382 4105 3551 4177 Moysi
3590 4103 3756 4160 famqu

544 4176 944 4245 gniﬁcationem
965 4177 1339 4247 spiritualium
1368 4181 1626 4237 virtutum
1652 4182 1900 4253 fragrans
1939 4194 2123 4241 osten-
2224 4199 2316 4245 too
2343 4191 2663 4260 pracepisti,
2690 4199 2748 4247 ut
2773 4192 3216 4250 duos-Cberubim
3238 4210 3402 4266 super
3425 4176 3600 4251 arcam
3624 4204 3756 4250 terua-

547 4267 697 4320 deret
723 4266 942 4320 odorem
972 4268 1276 4332 suavitatis,
1319 4277 1407 4323 tua
1438 4285 1745 4339 qumsumus
1781 4275 2119 4344 omnipotens
2221 4282 2385 4335 tuenti
2416 4282 2702 4336 collocaret
2729 4322 2744 4349 ,
2789 4297 2951 4351 quam
2978 4286 3215 4340 extensis
3241 4287 3307 4339 ad
3338 4286 3646 4341 alterutrum
3675 4285 3756 4337 alis

549 4356 690 4411 Deus
734 4355 1019 4412 immensa!
1041 4359 1335 4428 tnajestatis
1380 4361 1598 4416 dextera
1631 4363 1771 4418 hanc
1806 4376 2114 4425 creaturam
2220 4375 2768 4443 protegerent,versis
2787 4374 3086 4437 vultibusin
3103 4378 3753 4447 propitiatorium,qu:csu-

542 4448 864 4505 benedicere
883 4462 947 4504 ex
972 4449 1303 4505 diversarum
1334 4467 1511 4508 rerum
1531 4457 1913 4512 commixtione
1934 4459 2113 4516 conie-
2138 4495 2190 4537 ᾖ
2222 4462 2676 4519 muSinctl'abitem
2694 4466 3038 4520 clementiam
3062 4476 3235 4532 tuam,
3250 4466 3430 4529 uthoe
3458 4464 3752 4537 tegimenu-

543 4548 686 4593 ctant
702 4540 954 4611 dignare,
1003 4549 1061 4595 ut
1089 4543 1285 4597 virtute
1324 4545 1497 4600 sancti
1528 4548 1763 4606 nominis
1790 4549 1865 4607 tui
1894 4564 2081 4607 omnes

2217 4556 2438 4610 nerandi
2451 4555 2640 4610 altaris
2654 4557 2736 4611 ‘ttti
2758 4557 2811 4610 in
2833 4572 2941 4627 quo
2965 4557 3077 4627 ipsa
3094 4558 3397 4629 unigenitus
3412 4517 3684 4613 Filizsllns
3703 4570 3753 4608 nr

544 4645 649 4698 que
676 4631 1055 4689 inmundorum
1106 4632 1389 4701 spirituum
1418 4632 1827 4695 fantasmaticos
1863 4639 2112 4699 incursus
2214 4642 2303 4698 lbs
2331 4643 2461 4712 Xps,
2489 4645 2581 4713 qui
2606 4656 2690 4699 est
2713 4645 3020 4715 propitiatio
3043 4662 3142 4718 pro
3169 4648 3399 4718 peccatis
3434 4648 3629 4703 nostris
3651 4645 3753 4699 title—

543 4722 788 4808 eﬂugare
805 4764 821 4788 ,
858 4740 1150 4795 omnesque
1178 4726 1390 4781 morbos
1417 4728 1620 4782 reddita
1675 4731 1905 4789 sanitate
1932 4733 2133 4804 expcl-'
2214 4737 2341 4790 lium
2372 4737 2621 4792 manibus
2645 4737 2971 4804 immolatur,
2994 4748 3049 4793 et
3067 4739 3167 4794 sub
3186 4754 3294 4808 quo
3322 4748 3623 4805 sanctorum
3649 4751 3747 4790 tuo-

544 4816 675 4879 lcre,
720 4794 1048 4889 ubicumque
1100 4818 1279 4873 fumus
1324 4829 1623 4875 aromatum
1669 4820 1785 4889 ejus
1827 4821 2110 4891 amaverit,
2214 4840 2332 4881 rum
2362 4842 2592 4897 corpora
2614 4842 2734 4896 quae
2756 4827 3269 4884 veraciterl‘uerunt
3290 4831 3453 4885 ιιι-εδει
3474 4826 3747 4886 testamenti

542 4905 859 4961 mirabiliter
880 4908 1083 4977 possit,
1114 4918 1273 4978 atque
1298 4910 1351 4965 in
1375 4911 1601 4967 odorem
1622 4913 2135 4983 fragranti:sintutn:
2216 4919 2289 4973 tui
2324 4918 2664 4988 receptacula
2690 4918 2942 4974 videlicet
2973 4918 3208 4990 Spiritus
3232 4921 3403 4978 sancti
3426 4935 3525 4991 per
3547 4918 3744 4975 eundem

534 5042 759 5105 habeas,
794 5051 953 5116 atque
972 5042 1275 5116 benedicas,
1299 5046 1534 5116 utdigne
1556 5047 1785 5102 vasculis
1809 5048 1912 5102 tuis
1933 5048 2104 5104 socie-
2209 5054 2573 5112 restauranda:
2595 5051 2819 5108 multum
2851 5051 3167 5109 allaboravit
3194 5052 3251 5109 S.
3273 5052 3495 5109 Carolus
3524 5050 3739 5106 Borrom.

543 5121 645 5192 tas,
670 5120 725 5166 et
747 5113 1127 5196 acceptabitetu
1157 5115 1247 5196 tibi
1277 5113 1482 5196 deferat
1500 5115 2109 5196 famulatummtdigne
2204 5137 2262 5181 ut
2288 5124 2548 5196 ostendit.
2785 5194 2795 5196 _
2880 5194 2887 5196 A
2973 5192 2984 5196 _
3047 5193 3143 5196 ___
3197 5193 3224 5196 Α
3332 5193 3342 5196 _
3438 5191 3469 5196 _
3706 5185 3718 5196 ,

544 5183 649 5274 ιιιίε
675 5183 945 5254 mysteriis
977 5193 1342 5247 consecretur.
1370 5184 1474 5240 Per
1498 5187 1654 5243 Dom.
1679 5203 1733 5241 ιι.
1756 5189 1810 5243 itt
1835 5204 1925 5245 un.
1965 5183 2107 5257 ejus-
2278 5196 2427 5268 (194)
2466 5195 2586 5274 Atia
2604 5209 2670 5248 ea:
2698 5194 2815 5274 cad.
2849 5192 3009 5274 theol..
3039 5193 3164 5248 277.
3187 5193 3415 5274 pomisne

536 5249 746 5334 deum“;
789 5322 830 5334 ﬁ
884 5324 898 5334 ι
1137 5323 1151 5334 _
1321 5323 1334 5334 _
1468 5327 1479 5334 Δ
1553 5318 1565 5331 ,
1692 5325 1725 5334 __
1839 5326 1876 5334 __
1992 5249 2009 5257 ⁷
2207 5249 2422 5334 poieus,
2451 5264 2536 5316 cui
2580 5273 2724 5318 astat
2747 5264 3019 5317 exercitus
3046 5254 3387 5332 angelorum}
3433 5262 3737 5334 dignarerCf

620 5322 753 5334 ιιΛ-.
789 5322 830 5334 -ι
884 5324 898 5334 ι
1137 5323 1151 5334 ι
1256 5332 1263 5334 .
1321 5323 1334 5334 ι
1468 5327 1479 5334 .
1553 5318 1565 5331 ο
1692 5325 1725 5334 .-
1839 5326 1876 5334 -ιμ
