3962 6326
52 401 196 457 Ηὶῖὤ

1216 382 1401 441 ORDO
1442 382 1527 438 DE
1566 382 2023 444 DEDICATIONE
2062 384 2433 443 ECCLESIIE.

3206 378 3343 443 l0.“

52 502 565 565 consubstantialem
611 500 703 554 tibi
742 498 959 565 Filium,
987 497 1077 568 qui
1119 496 1295 553 factus
1318 506 1403 552 est
1429 496 1587 552 nobis
1618 512 1647 550 a
1680 508 1723 565 Α
1759 517 1865 556 tam
1895 516 2056 557 causa
2087 502 2376 572 sepulturze
2410 501 2758 567 benedixisti,
2791 509 2847 557 et
2867 500 2960 571 qui
2990 502 3188 574 popqu
3206 502 3364 560 lsrab'

55 613 108 656 te
134 593 491 653 sanctiﬁcatio
518 601 573 646 et
595 588 891 658 redemptio
930 587 983 641 in
1009 587 1211 641 virtute
1235 585 1477 655 ejusdem
1519 584 1646 656 Spi-

55 692 199 745 ritus
224 684 472 743 veritatis
512 681 768 737 universa
797 678 1004 749 antiqui
1052 677 1225 733 hostis
1260 676 1500 733 falsitate
1523 693 1647 732 cum

55 778 381 838 satellitibus
402 774 515 831 suis
540 772 781 845 depulsa,
806 786 929 825 cum
958 768 1210 825 omnibus
1232 768 1564 824 ornamentis
1585 768 1652 822 ad

58 874 238 941 ipsum
266 864 638 922 umbraculum
670 860 1086 934 pertinentibus,
1117 859 1202 914 vel
1229 858 1297 913 ab
1329 859 1421 914 illo
1449 859 1653 930 depen-

58 958 321 1014 dentibus
354 963 448 1008 aut
481 954 657 1008 eidem
694 950 1010 1021 suppositis,
1058 959 1150 1005 tua
1200 958 1388 1004 sancta
1429 946 1654 1003 benedi-

57 1050 241 1103 ctione
273 1043 597 1115 perlundere
625 1050 674 1096 et
704 1056 1059 1106 consecrare,
1088 1047 1251 1109 atque
1281 1038 1350 1093 ad
1373 1037 1656 1093 tuitionem

60 1143 349 1212 pignorum
396 1144 729 1198 sanctorum,
772 1148 838 1188 ac
881 1132 1185 1188 roboranda
1233 1131 1349 1187 sive
1396 1129 1658 1201 multipli-

62 1234 245 1289 cauda
282 1242 407 1287 vota
430 1229 667 1286 ﬁdelium
700 1236 912 1283 tuorum
941 1225 1151 1281 diutino
1174 1234 1417 1296 tempore
1438 1240 1662 1281 conser-

62 1339 195 1379 vare
230 1320 492 1395 digneris,
543 1327 816 1376 annuente
858 1317 1047 1375 eodem
1086 1317 1202 1372 Dno
1248 1331 1348 1372 nro
1398 1316 1495 1371 lhu
1542 1315 1665 1387 Xpo

67 1416 211 1471 Filio
250 1414 388 1482 ejus.
435 1411 536 1480 Qui
588 1421 764 1466 tecum
793 1409 927 1463 vivit
955 1418 1012 1463 et
1053 1417 1241 1480 regnat
1270 1408 1411 1464 Deus
1454 1408 1508 1462 iu
1552 1408 1666 1461 uui—

68 1518 184 1561 tate
226 1505 471 1573 ejusdem
513 1501 749 1572 Spiritus
774 1498 946 1557 sancti
975 1513 1072 1571 per
1092 1498 1304 1555 iuliuita
1336 1498 1537 1556 saecula
1564 1513 1667 1552 sm.

68 1597 345 1652 culorum.

68 1707 208 1763 Item
240 1703 563 1762 consecratio
596 1700 1103 1849 minorlistiltingsalzriji
1141 1707 1348 1762 cibarii.
1372 1707 1393 1780 [
1417 1708 1565 1780 (195)
1589 1709 1670 1765 Ex

672 1791 756 1835 COl
779 1815 793 1830 .
871 1795 908 1832 I.
1059 1815 1071 1829 .

672 1791 793 1835 COtl.
828 1791 908 1832 ιιι.
945 1791 1071 1831 ΖΗ.

1753 591 1969 646 helitico
2026 593 2401 661 promissionis
2470 591 2714 649 tellurem
2774 592 2828 648 in
2882 607 2997 648 mro
3057 593 3343 658 durantem

1750 683 2091 749 concessisti,
2131 682 2458 739 famulorum
2488 683 2921 755 famularumque
2966 694 3181 740 tuarum
3222 701 3345 741 coro

1754 774 1975 844 poribus
1999 777 2053 829 in
2087 775 2188 830 hoc
2209 775 2548 847 cymiterium
2576 775 2904 832 intrantibus
2925 775 3127 848 quietis
3150 775 3343 832 sedem

1755 864 1823 919 ab
1844 865 1989 919 omni
2015 865 2321 920 incursione
2342 865 2611 921 malorum
2631 866 2924 938 spirituum
2947 866 3169 923 tutelam
3191 867 3349 923 beni-

1756 972 1896 1028 gnus
1917 956 2143 1027 largitor
2174 958 2405 1025 tribuas,
2443 966 2505 1013 ut
2549 967 2672 1030 post
2698 959 3003 1015 animarum
3031 973 3351 1032 corporum-

1758 1063 1865 1119 que
1908 1049 2362 1107 resurrectionem
2405 1050 2767 1108 coadunatam
2804 1058 2858 1107 te
2901 1051 3141 1107 donante
3184 1057 3351 1122 atque

1761 1142 2097 1199 concedente
2114 1143 2502 1200 beatitudinem
2524 1144 2908 1216 sempiternam
2930 1144 3213 1215 percipere
3236 1158 3355 1200 ωει-

1766 1245 2011 1291 reantur.
2034 1234 2179 1290 Alio.
2210 1234 2441 1292 Domine
2467 1236 2608 1292 Deus
2632 1245 2819 1306 pastor
2844 1243 3071 1303 (sterne,
3098 1244 3206 1293 etc.

2139 1324 2445 1401 Benedictio
2467 1325 2694 1397 sepulcri
2715 1336 2763 1382 et
2787 1326 2948 1382 loculi

1835 1416 2111 1488 Rogamus
2175 1426 2227 1474 te
2275 1417 2503 1474 Domine
2561 1427 2749 1475 sancte
2800 1417 2965 1475 Pater
3014 1422 3357 1491 omnipotens

1767 1519 1969 1565 aeterne
1995 1510 2159 1573 Deus,
2191 1518 2252 1565 ιιι
2278 1510 2517 1581 digneris
2552 1510 2872 1567 benedicere
2915 1519 2972 1566 et
3016 1511 3360 1569 sanctiﬁcata

1771 1602 1874 1656 hoc
1901 1596 2249 1670 sepulchrum
2277 1610 2335 1655 et
2372 1600 2608 1656 loculum
2636 1599 2691 1654 in
2716 1614 2784 1655 eo
2828 1600 3174 1668 collocatum,
3201 1607 3262 1657 ut
3289 1601 3365 1657 sit

1772 1693 2073 1748 remedium
2119 1693 2357 1749 salutare
2405 1692 2458 1748 in
2495 1707 2563 1750 eo
2615 1684 2939 1763 quiescenti,
2993 1701 3047 1749 et
3096 1693 3362 1750 redemtio

1773 1785 1969 1840 animae
2008 1786 2150 1856 ejus,
2190 1793 2354 1856 atque
2382 1784 2548 1841 tutela
2586 1795 2643 1840 et
2687 1784 2965 1841 munimen
2996 1794 3191 1841 contra
3220 1800 3363 1843 sava

139 1868 381 1923 Oremus
431 1866 771 1923 dilectissimi
830 1866 1221 1939 indulgentiam
1280 1868 1670 1940 omnipotentis
1701 1874 1947 1945 Bjacula
1986 1876 2213 1932 inimici.
2244 1876 2370 1932 Per.

71 1961 193 2024 Dei,
224 1969 285 2015 ut
321 1961 636 2030 postpositis
658 1961 908 2015 humanae
933 1959 1241 2032 fragilitatis
1258 1960 1511 2017 admissis
1537 1977 1668 2018 con-

70 2062 246 2107 sueta:
269 2052 651 2108 misericordiae
675 2062 780 2107 tum
802 2067 1025 2108 munere
1046 2054 1148 2109 hoc
1174 2055 1554 2124 repositorium
1583 2070 1671 2109 sa-

74 2147 185 2203 cris
228 2146 420 2202 usibus
462 2156 821 2216 praeparatum
873 2160 969 2216 per
1016 2146 1354 2218 unigenitum
1406 2147 1669 2211 Verbum,

78 2239 343 2294 virtutem
373 2238 583 2293 scilicet
613 2248 669 2292 et
695 2238 1019 2307 sapientiam
1054 2252 1209 2294 suam
1237 2239 1290 2292 iu
1319 2237 1524 2309 Spiritu
1551 2254 1674 2292 sau-

74 2328 431 2383 ttilicationis
471 2343 796 2383 consecrare
841 2328 1110 2399 dignetur.
1170 2326 1274 2383 Per
1320 2329 1571 2385 eundem.
1620 2329 1673 2383 in

78 2418 219 2471 unit.
255 2416 394 2486 ejus.

81 2530 426 2585 Consecratio
471 2532 731 2602 cymiterti
768 2531 892 2653 (Exl
915 2532 1040 2673 cod}
1072 2530 1234 2586 Vind.
1268 2531 1346 2586 th.
1387 2529 1515 2596 277,
1545 2544 1671 2587 saec.

708 2618 783 2656 xu
810 2617 874 2656 ve
920 2618 1015 2656 xm
1048 2639 1061 2655 .

708 2618 783 2656 XII
810 2617 892 2656 νει
920 2617 1061 2656 XII”.

150 2694 435 2750 Cammtur
488 2710 561 2749 vn
626 2691 836 2758 psalmi,
895 2703 944 2747 et
998 2693 1363 2749 illuminentur
1430 2712 1509 2753 nu
1556 2713 1681 2751 can-

80 2789 216 2843 duit}:
251 2787 421 2860 (196).

156 2881 309 2936 Deus
334 2879 426 2951 qui
454 2894 514 2935 es
542 2879 711 2935 totius
738 2879 888 2935 orbis
916 2881 1167 2936 conditor
1191 2890 1295 2937 etc.
1323 2883 1462 2937 Atia.
1493 2883 1687 2939 Omni-

85 2982 290 3043 potens
318 2969 649 3039 sempiterno
682 2968 821 3024 Deus
851 2970 993 3025 trina
1031 2968 1285 3039 maiestas
1314 2981 1372 3026 et
1405 2988 1511 3028 una
1559 2973 1683 3028 Dei-

88 3070 189 3125 lus,
217 3059 384 3113 Pater
412 3068 465 3113 ct
506 3058 695 3123 Filius,
728 3075 827 3114 nec
860 3075 965 3115 non
997 3058 1235 3131 Spiritus
1256 3071 1498 3128 sanctus,
1524 3064 1687 3130 justi-

91 3153 174 3206 tia:
198 3161 418 3215 auctor,
446 3150 616 3206 veniae
636 3150 877 3219 largitor,
903 3152 1169 3208 bonorum
1184 3154 1361 3219 dator,
1379 3155 1686 3212 sanctitatis

1841 1968 1983 2025 Atia.
2009 1968 2392 2026 Sanctiﬁcetur
2411 1969 2552 2026 istud
2568 1969 2937 2026 habitaculum
2964 1969 3193 2026 Domine
3217 1969 3361 2026 Deus

1773 2076 1871 2132 per
1910 2068 2150 2116 nostram
2192 2060 2668 2131 supplicationem,
2713 2070 2771 2114 et
2816 2058 3034 2129 fugetur
3066 2059 3136 2115 ab
3161 2073 3230 2116 eo
3258 2058 3363 2115 im-

1774 2150 2009 2206 mundus
2034 2149 2260 2221 spiritus
2287 2164 2384 2220 per
2408 2150 2665 2205 virtutem
2694 2148 2796 2205 Dni
2839 2150 2923 2205 nri
2958 2149 3052 2205 lhu
3084 2148 3211 2221 Xpi,
3255 2148 3369 2221 pla-

1775 2239 2005 2309 cidaque
2026 2240 2099 2294 sit
2124 2239 2340 2310 requies
2362 2252 2650 2308 corporum
2681 2238 2737 2293 in
2759 2252 2825 2294 eo
2849 2238 3193 2309 postmodum
3216 2238 3369 2309 quie-

1776 2331 2067 2395 scentium,
2104 2339 2157 2385 te
2184 2338 2519 2402 protegente,
2568 2345 2632 2387 ac
2677 2339 3037 2386 conservante
3087 2329 3370 2400 majestate

1777 2431 1868 2478 tua
1898 2423 1991 2478 lhu
2026 2421 2272 2494 ch.Qui
2300 2436 2447 2478 cum.

1850 2520 1993 2573 Alia.
2027 2519 2228 2575 Adesto
2272 2518 2498 2573 Domine
2547 2516 3029 2588 supplicationibus
3060 2515 3285 2579 nostris,
3318 2520 3375 2571 et

1780 2610 1916 2666 nihil
1951 2612 2017 2667 de
2050 2619 2233 2669 nostra
2267 2609 2599 2665 conscientia
2625 2608 3077 2678 praesumeutibus
3120 2605 3374 2662 inell'abilt

1781 2702 2133 2759 miseratione
2177 2711 2267 2758 tua
2295 2700 2451 2756 nobis
2482 2713 2759 2764 succurre,
2793 2708 2852 2753 ut
2881 2700 3023 2769 quod
3063 2713 3171 2754 non
3210 2697 3375 2752 habet

1785 2803 2096 2849 nostrorum
2125 2792 2320 2851 llducia
2367 2791 2709 2856 meritorum,
2744 2801 2957 2847 tuorum
2989 2790 3235 2847 conferat
3266 2791 3379 2845 lar-

1784 2888 1927 2958 gitas
1954 2886 2152 2942 invicta
2182 2887 2469 2942 donorum.
2500 2885 2620 2941 Per.

2075 2977 2381 3033 Benedictio
2403 2975 2598 3031 tabultc
2621 2976 2940 3043 itineraritc(
2952 2977 2967 3029 l
2980 2975 3092 3045 97).

2105 3070 2205 3143 (Ex
2234 3078 2469 3139 utroque
2498 3067 2671 3124 theol.
2703 3068 2809 3124 559
2835 3077 2891 3124 et
2914 3062 3066 3140 ΞΠ.)

1863 3163 2185 3232 Quaesumus
2203 3160 2551 3232 omnipotens
2571 3156 2714 3215 Deus
2744 3158 3125 3215 indefectivam
3150 3158 3388 3215 clemen-

90 3247 277 3314 origo,
308 3244 659 3298 carismatum
702 3244 1043 3310 distributor,
1093 3246 1445 3317 omniumque
1472 3248 1687 3303 venicn-
1717 3233 1764 3298 C
1796 3256 1925 3311 nam
1956 3264 2042 3310 etc
2070 3253 2241 3323 (198).

92 3336 231 3388 tium
262 3334 383 3403 pius
416 3345 684 3403 receptor,
710 3344 902 3405 pnesta
938 3338 1202 3406 propitius
1244 3347 1305 3392 ut
1334 3339 1437 3393 hoc
1466 3338 1691 3410 cymite-

96 3430 243 3481 rium
276 3425 327 3479 iu
369 3425 571 3480 honore
601 3425 837 3481 nominis
881 3427 954 3481 tui
984 3429 1341 3498 compositum
1374 3428 1694 3486 benedicere

93 3528 144 3572 et
202 3515 558 3573 sanctificare
598 3518 888 3582 concedas,
939 3519 1029 3589 qui
1075 3519 1346 3576 Ilabralue
1391 3521 1553 3577 beato
1598 3540 1693 3593 pa-

98 3608 358 3661 triarchae
395 3606 597 3661 laiuulo
628 3619 718 3663 tuo
763 3620 963 3663 terram
990 3625 1021 3663 ιι
1056 3608 1182 3663 liliis
1207 3610 1386 3665 Ebron
1413 3628 1695 3681 compara-

165 3738 329 3808 (l95)
370 3737 608 3795 Vocatur
626 3739 715 3794 hic
740 3739 1031 3805 ciborium,
1057 3741 1198 3810 quod
1224 3757 1345 3796 mox
1374 3742 1424 3797 iu
1452 3745 1699 3799 oratione

98 3811 489 3881 repositorium
522 3810 821 3879 appellatur
851 3829 863 3864 :
893 3826 1025 3866 voce
1047 3827 1236 3881 parum
1270 3814 1585 3879 ditlerentc,
1619 3826 1696 3877 et,

106 3892 165 3935 ut
212 3881 492 3946 existimo,
536 3881 972 3953 notipueeadem
1000 3897 1105 3951 qua
1150 3883 1201 3936 iu
1238 3885 1462 3953 antiquo
1509 3888 1702 3939 ordine

104 3953 362 4006 [ternario
415 3950 556 4020 apud
614 3950 981 4005 lilabillonium
1020 3950 1394 4008 conditorium
1452 3967 1697 4017 vocatur,

103 4026 264 4077 locus
312 4036 409 4075 seu
459 4022 778 4092 vasculum,
842 4023 895 4075 iu
955 4036 1066 4092 quo
1110 4025 1439 4079 eucharistia
1486 4029 1701 4080 recondi

104 4092 349 4157 solebat,
376 4098 435 4145 ut
458 4088 799 4149 Mabillonins
820 4088 1120 4147 adnotavit.
1147 4093 1299 4150 Unde
1325 4107 1471 4152 recte
1502 4112 1532 4151 a
1556 4097 1705 4152 cibo-

106 4167 213 4227 rio,
242 4162 296 4217 id
323 4171 418 4234 est
443 4161 757 4234 umbraculo
802 4164 991 4218 altaris
1036 4164 1406 4234 distinguitur,
1437 4166 1591 4234 cujus
1618 4168 1705 4221 hic

107 4233 461 4289 consecratio
482 4232 850 4307 praemittitur,
883 4234 1028 4307 quod
1058 4232 1263 4307 irempe
1294 4232 1584 4307 pomparct
1614 4252 1702 4291 ur-

109 4317 282 4360 Italus
309 4302 665 4374 causa’super
710 4302 880 4374 altare
904 4302 1150 4374 'expandi
1186 4302 1437 4372 solebat;
1467 4318 1526 4361 ut
1566 4308 1626 4361 ι».
1666 4323 1705 4372 ι,

111 4375 362 4448 ltisquis.
393 4373 476 4437 Ill,
498 4373 621 4448 _c._’r,
646 4389 701 4428 n.
728 4373 784 4439 9,
809 4373 1165 4448 ostendimus.
1198 4375 1275 4429 Ex
1302 4378 1387 4431 bis
1414 4378 1709 4448 majoribus

111 4446 345 4502 eilmriis
374 4444 701 4513 pendebant,
726 4459 847 4513 qua:
870 4444 1133 4500 hodierno
1152 4460 1250 4500 usu
1264 4448 1483 4503 ciboria
1499 4444 1709 4502 'vocau-

112 4533 231 4580 tur,
271 4516 547 4585 inquibus
590 4516 922 4570 eucbaristia
964 4516 1100 4586 ipsa,
1139 4516 1220 4569 vel
1267 4516 1384 4586 ejus
1429 4519 1708 4573 vasculum

1866 3345 2008 3398 Alia.
2055 3343 2220 3398 Deum
2264 3343 2731 3412 onmipoteutem,
2780 3341 2976 3398 li'atres
3021 3340 3389 3405 dilectissimi,

1794 3436 1935 3490 votis
1977 3434 2347 3487 exutltantibus
2392 3433 2766 3501 deprecemur,
2808 3430 2982 3498 utqui
3028 3445 3127 3501 per
3169 3444 3390 3487 omnem

1796 3525 2057 3579 mundum
2108 3524 2264 3578 tidem
2308 3523 2535 3591 spargit,
2588 3530 2643 3575 et
2694 3521 2978 3577 ecclesiam
3018 3523 3390 3594 congregavit,

1798 3615 1888 3685 qui
1915 3629 1975 3669 es
2003 3613 2139 3683 lapis
2170 3614 2385 3667 excisus
2425 3612 2493 3666 de
2527 3619 2710 3666 monte
2740 3611 2861 3666 sine
2886 3612 3138 3667 manibus
3167 3613 3380 3683 angula-

1800 3746 2046 3801 terminos
2092 3746 2494 3811 circumquaque
2518 3744 2642 3811 poni
2683 3742 3041 3811 pra'cepimns.
3090 3744 3145 3797 ln
3178 3742 3396 3800 Pontili-

1801 3817 1900 3872 cali
1948 3814 2242 3870 Christiani
2305 3812 2697 3881 archiepiscopi
2756 3811 3049 3882 Moguntini
3107 3829 3231 3869 saec.
3297 3831 3395 3871 xm

1801 3886 2173 3957 praescribitur
2201 3882 2505 3957 benedictio
2530 3882 2660 3957 salis
2671 3891 2720 3935 et
2749 3892 2902 3957 aqua:
2919 3922 2937 3957 τ
2961 3884 3153 3957 cineris
3174 3893 3227 3939 et
3267 3886 3396 3950 cini,

1801 3952 1934 4027 sicut
1965 3957 2018 4008 in
2050 3954 2438 4027 consecratione
2479 3952 2730 4027 ecclesia'.
2778 3952 3117 4027 Brevissima
3143 3964 3228 4010 est
3256 3958 3399 4027 apud
3480 3958 3487 3967 ’

1803 4026 1916 4081 Jos.
1941 4025 2258 4081 Catalauum
2291 4023 2343 4077 in
2390 4024 2545 4076 Pont.
2577 4021 2735 4077 ltom.
2769 4031 2809 4076 t.
2839 4021 2880 4076 ll
2901 4063 2916 4086 ,
2940 4038 2995 4091 p.
3022 4023 3150 4080 222.
3173 4042 3237 4081 ex
3262 4021 3400 4081 tusc.

1807 4096 2109 4152 Ptmtilicali
2134 4092 2391 4149 Ecclesia:
2416 4093 2669 4157 Barcnsis
2695 4093 2838 4157 quod
2870 4105 3188 4149 asservatur
3214 4094 3404 4153 Romae

1808 4170 1862 4223 in
1898 4167 2223 4222 bibliotheca
2254 4156 2496 4233 angelica
2513 4161 2658 4218 “Ord.
2695 4156 2802 4217 FF.
2833 4165 3214 4231 eremitarum,
3245 4166 3404 4222 bene-

1807 4238 1966 4292 dictio
1988 4234 2273 4306 poliandri,
2299 4250 2391 4288 seu
2421 4234 2731 4306 emineret-ii,
2761 4235 3019 4306 utetiam
3043 4236 3401 4306 moxginacri-

1808 4309 1957 4363 hitur
1986 4302 2124 4376 apud
2158 4306 2405 4362 eumdem
2439 4304 2643 4376 ibidem
2665 4304 2811 4376 Ordo
2833 4302 2895 4371 ll,
2920 4320 2985 4361 ex
3009 4302 3404 4376 rusc._i’ontili-

1810 4378 1913 4433 eali
1942 4374 2213 4432 Guilielmi
2247 4374 2484 4429 Durandi
2511 4413 2526 4440 ,
2557 4375 2648 4440 qui
2687 4375 2741 4429 in
2764 4374 3030 4430 Vaticana
3061 4374 3189 4431 b'ibl.
3224 4386 3405 4434 exstat

1812 4466 1867 4503 ιι.
1892 4448 2053 4511 47M,
2083 4461 2145 4501 ac
2172 4446 2252 4501 sic
2273 4444 2482 4517 incipit
2513 4462 2526 4498 :
2562 4444 2878 4517 Quanquam
2906 4444 3142 4517 plerique
3166 4455 3408 4501 asserunt

1815 4519 2091 4573 cmueterii
2120 4516 2525 4571 benedictionem
2545 4515 2895 4581 necessariam
2925 4531 3030 4568 non
3052 4515 3191 4580 esse,
3222 4518 3408 4572 dicen-

113 4605 214 4644 seu
244 4584 391 4657 pixis
418 4595 750 4657 asservatur,
768 4601 888 4655 qum
905 4584 1033 4640 oliin
1056 4584 1341 4655 peristeria
1367 4588 1708 4651 dicebautur,
1739 4591 1790 4651 Ι)
1817 4600 1890 4641 tes
1922 4588 2109 4642 adhoc
2137 4585 2370 4657 suﬁieere
2395 4584 2645 4657 circuitus
2673 4594 2823 4657 extra
2845 4584 3142 4657 ecclesiam,
3159 4595 3207 4657 et
3220 4601 3405 4657 cerne.

115 4670 176 4713 ut
213 4654 260 4710 Ι.’
284 4654 716 4728 εεηιθιιιὶιιίιιιιιε
759 4654 825 4710 ex
867 4654 1221 4728 testamento
1247 4658 1413 4713 etiam
1456 4658 1706 4728 Perpetui

114 4727 367 4799 episcopi
410 4727 763 4799 'l‘uronensis,
787 4727 878 4795 qui
912 4728 1053 4780 inter
1078 4727 1180 4781 alia
1213 4726 1410 4797 legavit
1442 4726 1712 4782 Amdtario

113 4796 427 4870 presbytero
458 4796 727 4870 capsulam
750 4812 909 4870 unam
932 4812 1259 4851 communem
1287 4799 1352 4870 tle
1373 4801 1563 4861 serico,
1593 4800 1714 4851 irent

115 4864 482 4941 peristet'iunt,
512 4864 882 4941 etcolunibam
905 4875 1210 4941 argenteam
1231 4869 1303 4941 ad
1329 4870 1713 4941 repositorium.

119 4936 488 4995 Eucharistize
509 4936 717 4991 scilicet
739 4936 823 4990 vel
844 4938 1008 5007 etiam
1054 4936 1445 5007 reliquiarum,
1490 4948 1550 4994 ut
1580 4939 1614 4991 l.
1664 4956 1715 4993 (ε.

119 5008 492 5073 ostendimus,
525 5016 716 5076 estque
741 5006 1013 5078 generalis
1039 5009 1338 5064 enuntiatio
1382 5009 1435 5063 in
1473 5010 1721 5063 oratione

119 5080 533 5137 consecratoria
556 5078 785 5134 minoris
811 5078 1074 5131 itinerarii
1122 5079 1335 5144 ciborii,
1351 5080 1478 5134 dum
1498 5089 1724 5135 vocatur

120 5155 228 5206 hoc
250 5149 613 5217 repositorium
642 5149 804 5201 sacris
828 5148 1009 5201 usibus
1032 5161 1407 5217 prteparatum.

201 5209 359 5290 (lilii)
399 5209 541 5273 Nihil
589 5219 791 5290 hicnde
831 5209 1208 5290 prmitiiltctiila
1258 5235 1395 5288 aqua
1436 5220 1720 5290 benedicta

122 5288 301 5362 quam
330 5288 647 5362 l‘outitlcale
672 5289 895 5362 Egberti
923 5288 1302 5362 Eboracensis,
1337 5300 1394 5343 ut
1418 5290 1521 5362 alia
1549 5288 1725 5362 plera-

122 5357 241 5433 tiue
267 5361 450 5417 omnia
482 5360 788 5433 praescribit
812 5376 825 5412 :
858 5357 1115 5433 Primitus
1141 5375 1259 5433 cum
1295 5376 1433 5433 aqua
1455 5357 1723 5413 benedicta

124 5428 410 5503 Episcopus
435 5428 554 5485 cunt
600 5428 803 5503 clericis
834 5429 1532 5503 suis__circumdare_debeot
1573 5446 1722 5503 omne

125 5498 489 5557 cosmeterium
519 5516 639 5554 cum
675 5498 879 5569 psalmo
908 5498 1162 5569 Miserere
1182 5499 1284 5553 mei
1316 5499 1478 5561 Deus,
1503 5510 1551 5554 et
1588 5501 1725 5554 anti-

125 5575 316 5644 phona
357 5571 626 5641 Asperges
674 5568 803 5644 m_e.,_
829 5578 938 5644 etc.
972 5569 1064 5623 Sic
1097 5568 1349 5644 Callistus
1384 5571 1427 5623 ll
1460 5570 1521 5644 Ρἴ
1551 5570 1620 5625 Μ.
1660 5572 1726 5624 ad

130 5638 599 5698 Matiscone—nscia
627 5650 683 5695 et
712 5638 1145 5695 Cabillonensem
1170 5638 1452 5709 episcopos
1492 5642 1560 5695 de
1599 5656 1729 5696 con-

129 5713 449 5769 secratione
472 5711 724 5766 altarium
770 5718 826 5765 et
864 5710 1160 5764 caemeterii
1190 5710 1589 5766 Treuortieusis
1618 5727 1731 5767 mo-

132 5784 370 5838 nasterii
395 5781 587 5838 scribit
616 5799 630 5835 ι
659 5779 865 5834 Altaria
907 5781 1343 5845 consecravimus,
1387 5784 1731 5835 caemeterium

136 5854 537 5919 benediximus,
600 5852 771 5922 ibique
812 5866 1004 5920 aquam
1061 5850 1384 5906 benedictum
1430 5852 1730 5921 fundentes,

588 5942 861 6005 ΡΑτιιοι..
908 5940 1317 6005 CXXXVIII.

1817 4659 1935 4711 terii
1968 4653 2315 4725 nspersiancs,
2338 4670 2455 4724 qua:
2474 4654 2607 4721 ﬁunt
2628 4653 2838 4723 quando
2860 4653 3079 4707 ecclesia
3107 4654 3404 4710 dedicatur.

1818 4730 1949 4795 Quae
1976 4727 2191 4796 quidem
2224 4726 2454 4797 assertio
2484 4725 2759 4797 veteribus
2793 4726 3166 4797 monumentis
3202 4725 3409 4797 liturgi-

1819 4792 1898 4854 eis
1920 4792 2241 4852 adversatur
2264 4795 2492 4863 usuique
2517 4792 2831 4864 recentiori,
2859 4801 2915 4847 et
2939 4794 3163 4864 antiquo
3193 4811 3208 4850 :
3244 4792 3410 4864 quem

1823 4867 2176 4936 legimusjam
2209 4866 2415 4937 sa'culo
2447 4880 2512 4937 vr
2543 4864 2614 4917 ita
2648 4863 3009 4937 inveteratum
3054 4863 3413 4937 religioseque

1821 4934 2190 5000 observantur,
2237 4946 2295 4987 ut
2333 4934 2661 4988 abbatissam
2694 4935 3013 4989 monasterii
3042 4934 3259 4992 anxiam
3284 4934 3410 4994 red-

1825 5008 2025 5065 diderit
2043 5021 2107 5061 ac
2139 5006 2450 5077 perplexam
2474 5016 2597 5058 cum
2632 5004 2698 5059 de
2725 5018 2952 5077 corpore
2974 5004 3033 5077 β.
3067 5005 3414 5077 ltadegundis

1828 5074 2162 5134 Francorum
2213 5074 2410 5145 reginze
2437 5082 2688 5145 ageretur
2728 5092 2741 5128 :
2783 5074 2927 5141 Quid
2974 5074 3443 5145 faciemus'(allo-'

1828 5151 2012 5218 quitur
2041 5149 2098 5201 S.
2131 5142 2446 5218 Gregorium
2475 5144 2678 5200 Turon.
2721 5146 2836 5214 ipso
2878 5142 3026 5218 teste
3052 5142 3107 5218 in
3159 5142 3321 5218 libro
3342 5146 3411 5201 de
3438 5180 3443 5187 ι

1826 5215 2009 5275 Gloria
2038 5215 2269 5271 confess.
2302 5233 2351 5270 c.
2386 5215 2509 5274 1015)
2531 5256 2545 5279 ,
2582 5218 2627 5269 si
2654 5219 2922 5285 episcopus
2946 5216 3087 5268 urbis
3114 5231 3216 5268 non
3254 5217 3414 5272 adre-

1828 5290 2004 5344 nerit?
2035 5289 2156 5358 quia
2182 5286 2326 5358 locus
2349 5286 2439 5339 ille
2480 5288 2535 5339 in
2570 5303 2672 5357 quo
2700 5285 2907 5356 sepeliri
2936 5285 3083 5338 debet
3105 5300 3208 5339 non
3230 5296 3302 5340 est
3324 5301 3416 5342 stt—

1826 5357 2079 5414 cerdotati
2104 5357 2455 5411 benedictione
2474 5366 2732 5410 sacratus.

1900 5428 2216 5501 (197;_Veu.
2236 5426 2389 5501 Beda
2421 5439 2577 5501 vocat
2602 5426 2834 5501 tabulam
2861 5423 3045 5501 altaris
3061 5425 3416 5501 piccjedicn-o

1829 5494 1933 5553 tam
1971 5494 2187 5555 lullist.
2220 5497 2378 5569 Angl.
2409 5496 2517 5569 lib.
2564 5512 2615 5560 ν.
2648 5512 2697 5551 c.
2740 5496 2827 5569 ll,
2858 5497 2925 5569 de
2951 5495 3160 5569 duobus
3183 5494 3418 5569 Ewaldis

1832 5571 2075 5639 loquens,
2134 5570 2223 5639 qui
2282 5565 2334 5621 in
2362 5567 2553 5639 itinere
2601 5565 3256 5639 constituti_s_acrilicium
3307 5567 3418 5622 Deo

1833 5635 2068 5695 victimze
2101 5635 2400 5695 salvatoris
2428 5636 2729 5693 ollerebant
2763 5635 3023 5704 quotidie.

2077 5710 2263 5765 Oratio
2463 5706 2518 5789 in
2565 5705 2908 5789 eudeiircod.
2946 5714 3069 5789 post
3107 5705 3212 5789 alia
3245 5709 3420 5777 posita

1836 5775 2150 5904 inscriib'itur
2210 5778 2451 5849 pra'j'atio
2502 5775 2694 5832 tabula:
2747 5775 3030 5831 itinerario:
3091 5775 3289 5837 caetera
3339 5792 3426 5836 ro-

1838 5868 1995 5904 suozn
2013 5859 2123 5904 cut.

1838 5859 2123 5923 Spondent.

3071 5940 3151 6003 33
