3902 5334
560 365 589 419 1
600 356 705 414 033

1383 351 1671 410 APPEND.
1712 351 1805 407 AD
1842 350 2012 408 SJEC.
2062 349 2124 405 x.
2166 383 2234 393 --
2273 347 2704 408 MONUMENTA
2743 346 3019 408 LlTL’RG.

3650 356 3746 415 l036

512 531 516 535 _
562 482 1020 541 remcompagem
1044 464 1313 529 solidarit,
1338 464 1480 521 hanc
1528 476 1737 535 petram
1768 479 1996 520 serenus
2028 464 2144 519 illu-
2174 452 2220 508 Α
2248 467 2593 533 celebrantur,
2634 478 2683 522 et
2726 467 2867 521 dicat
2895 482 3006 537 prie
3048 463 3248 536 foribus
3272 463 3404 521 Itane
3442 468 3747 529 oratiouna.

564 569 722 628 stret,
753 573 982 629 eamque
1006 566 1210 621 aeterno
1242 556 1445 612 lumine
1472 556 1748 628 irrigatam
1776 558 1847 611 ita
1889 557 2145 628 multipli-

564 651 719 708 cibus
756 665 821 706 ac
860 648 1089 715 diversis
1133 646 1514 703 carismatibus
1559 646 1867 716 locupletet,
1896 656 1953 700 ut
1985 662 2146 716 super

566 743 709 798 illam
761 738 1246 810 administrandam
1293 738 1535 808 corporis
1586 739 1667 793 sui
1714 739 1946 793 hostiam
1976 739 2142 795 bene-

565 834 730 900 dicat,
759 841 814 888 et
844 831 1108 903 suscipiat
1136 840 1529 887 consecratam.
1566 829 1667 897 Qui
1695 846 1842 885 cum.

925 988 930 992 ι
1141 943 1145 946 ν
1173 920 1529 989 Consecratio.

580 1064 583 1069 .
630 1018 836 1083 Exaudi
877 1032 975 1072 nos
1015 1016 1156 1071 Deus
1192 1023 1409 1079 noster,
1461 1023 1518 1070 ct
1563 1029 1788 1083 precum
1838 1022 2146 1070 nostrarum

562 1107 789 1163 libenter
827 1106 1012 1175 accipe
1057 1112 1205 1169 vota,
1244 1112 1299 1160 et
1342 1104 1447 1160 hoc
1493 1102 1663 1158 altare
1713 1104 1782 1158 ad
1825 1103 2145 1159 celebranda

561 1200 741 1272 divina
772 1198 1026 1271 mysteria
1045 1204 1409 1267 praeparatum
1430 1196 1596 1252 odore
1623 1195 1878 1266 unguenti
1910 1193 2147 1251 cmlcstis

557 1305 830 1361 asperge,
891 1300 949 1345 et
1022 1297 1265 1344 aromata
1327 1288 1404 1343 illi
1461 1288 1656 1344 divina:
1703 1287 2147 1343 sanctiﬁcationis

556 1383 800 1446 infunde,
833 1389 888 1436 et
914 1380 1056 1436 sicut
1082 1380 1312 1450 lapidem
1338 1378 1507 1461 {acab
1545 1378 1866 1450 patriarcha:
1901 1389 2145 1435 erectum

554 1474 816 1546 unguenti
838 1473 1149 1545 perfusionc
1169 1473 1455 1537 dcdicasti,
1485 1482 1541 1527 et
1563 1472 1818 1543 angelicis
1844 1471 2146 1527 visionibus

555 1581 653 1636 per
679 1565 879 1639 scalam
903 1564 1102 1636 gradus
1127 1564 1373 1623 ccclesitc
1412 1563 1674 1633 ﬁgurasti,
1703 1563 1782 1618 sic
1812 1576 1975 1631 super
2002 1563 2144 1617 hunc

553 1673 773 1729 quoque
801 1656 1034 1727 lapidem
1072 1656 1230 1711 altari
1256 1657 1618 1726 coaptaudum
1644 1654 1881 1710 caelestis
1910 1654 2140 1724 gratiam

550 1748 945 1817 benedictionis
973 1749 1225 1813 immitte,
1265 1757 1323 1802 ut
1366 1748 1491 1804 dum
1537 1746 1633 1802 tibi
1658 1760 1820 1815 super
1848 1760 1972 1800 eum
1997 1744 2139 1799 sacri

552 1841 798 1910 corporis
826 1849 881 1897 et
912 1841 1193 1911 sanguinis
1224 1839 1495 1909 Unigeuiti
1527 1839 1602 1892 tui
1642 1836 1903 1909 mysteria
1948 1850 2141 1890 conse-
2175 1811 2218 1869 Β

553 1942 798 1998 cranlur,
839 1930 1147 2002 petentibus
1187 1939 1407 2001 peccata
1456 1928 1765 1992 deleantur,
1811 1926 2145 1983 merentibus

553 2023 744 2078 inﬂuat
770 2022 942 2093 gratia
977 2023 1329 2093 sempiterna.
1359 2021 1483 2076 Per.
1520 2020 1587 2074 Et
1618 2021 1876 2088 accipiens
1908 2018 2142 2073 tabulam

553 2122 792 2183 aspergat
814 2128 931 2168 eam
956 2130 1098 2183 aqua
1137 2113 1429 2176 benedicta,
1460 2110 1656 2165 addens
1683 2110 1893 2165 odorem
1924 2110 2140 2172 incensi,

552 2214 599 2258 et
647 2204 915 2270 confirmet
957 2219 1073 2258 eam
1120 2220 1240 2258 cum
1284 2204 1563 2258 chrismate
1592 2203 1663 2256 ita
1694 2202 1796 2255 dic.
1838 2202 1893 2255 ιιι
1927 2200 2165 2255 nomine.

550 2294 733 2349 Patris
759 2306 815 2349 et
844 2294 965 2350 Filii
990 2303 1045 2349 et
1068 2294 1305 2365 Spiritus
1333 2294 1529 2350 sancti.
1555 2293 1668 2348 Pax
1696 2302 1896 2349 tecum.
1931 2292 1995 2346 Et
2019 2306 2140 2345 cum

553 2378 769 2456 Spiritu“
790 2396 903 2442 tuo.

802 2493 942 2534 onno
978 2485 1051 2535 ιδ’
1074 2495 1326 2535 ιιευιειιτ.
1367 2494 1704 2536 ιιΑρτιετειιιι
1730 2477 1899 2550 (199).

977 2569 1077 2640 (Ex
1107 2570 1230 2626 cod.
1263 2568 1420 2625 Vind.
1462 2569 1538 2623 tlt.
1582 2568 1734 2635 277.)

618 2657 972 2729 Omnipotens
1001 2660 1329 2730 sempiterue
1359 2660 1499 2714 Deus
1528 2656 1670 2722 fons,
1709 2666 1815 2711 etc.

1053 2748 1391 2804 Consecratio
1445 2748 1627 2819 fontis.

618 2839 973 2910 Omnipotens
1014 2841 1343 2911 sempiterue
1388 2841 1550 2906 Deus,
1599 2840 1703 2896 boe
1757 2838 2135 2910 baptisterium

542 2929 750 2985 ccelesti
794 2930 1102 2986 visitatione
1149 2932 1453 2986 dedicatum
1510 2930 1748 3000 Spiritus
1793 2929 1969 2985 sancti
2020 2930 2139 2984 illu-

542 3023 809 3080 stratione
834 3023 1135 3090 sanctifira,
1170 3035 1227 3079 ut
1261 3039 1613 3095 quoscunque
1641 3023 1763 3079 fons
1790 3024 1893 3078 iste
1925 3023 2136 3078 leturus

542 3122 627 3168 est
679 3114 819 3169 trina
861 3114 1138 3169 ablatione
1175 3114 1392 3185 purgari
1442 3114 1831 3185 indulgentiam
1893 3116 2134 3169 omnium
2167 3165 2206 3188 η
2240 3119 2293 3188 fg.

543 3206 866 3262 delictorum
903 3217 993 3261 tuo
1022 3222 1246 3261 munere
1275 3192 1695 3275 consequantur.
1738 3206 1859 3260 l’cr.

613 3298 759 3353 Alia.
806 3298 1098 3368 Multiplica
1144 3298 1370 3352 Domine
1413 3296 1843 3353 benedictionem
1890 3306 2058 3361 tuam,
2085 3304 2138 3349 et

542 3393 884 3464 Spiritustui
910 3408 1135 3448 munere
1158 3392 1317 3448 ﬁdem
1347 3402 1589 3448 nostram
1613 3392 1924 3456 corrobora,
1960 3400 2019 3445 ut
2046 3392 2137 3461 qui

542 3485 599 3540 in
640 3484 763 3561 haec
782 3472 984 3539 ﬂuenta
1041 3483 1456 3548 descenderunt,
1504 3484 1557 3537 iu
1602 3483 1741 3538 libro
1767 3482 2137 3537 vitieascribi

541 3586 855 3633 mereantur
885 3577 938 3632 in
967 3592 1132 3647 regno
1173 3576 1265 3631 tibi
1295 3575 1407 3631 Deo
1434 3575 1582 3630 Patri
1635 3575 1687 3630 in
1738 3575 2136 3630 resurrectione
2162 3622 2163 3625 η

544 3668 860 3726 tradendos.
890 3669 1012 3724 Per.

839 3776 979 3818 οιιιιο
1019 3778 1070 3817 IN
1102 3776 1457 3817 DEDICATIONE
1485 3775 1846 3815 BAPTISTERII.

548 3856 652 3928 (Ex
682 3856 804 3914 cod.
839 3873 942 3913 ms.
991 3856 1122 3912 bibl.
1170 3855 1369 3911 Caesar.
1406 3854 1633 3909 \‘indob.
1676 3869 1801 3908 seco.
1849 3868 1878 3907 ς
1929 3851 2008 3906 vel
2058 3868 2133 3917 xi,

1049 3964 1105 4003 ιι.
1153 3947 1280 4014 559,
1307 3947 1434 4001 olim
1466 3946 1613 4015 551.)

616 4039 873 4095 Primitus
911 4040 1005 4109 ﬁat
1049 4055 1185 4108 aqua
1235 4038 1498 4093 benedicta
1531 4054 1648 4091 cum
1676 4037 1911 4101 thania,
1948 4036 2136 4090 dein..'e

532 4135 755 4191 dicatur
780 4132 971 4187 oratio.

611 4223 970 4294 Omnipotens
993 4219 1320 4289 sempiterne
1351 4218 1493 4273 Deus
1534 4216 1653 4271 fons
1698 4216 1936 4271 omnium
1969 4216 2137 4269 virtu-

544 4321 748 4367 tumet
778 4310 1055 4381 plenitudo
1098 4308 1395 4378 gratiarum
1448 4307 1670 4377 dignare
1720 4307 1824 4362 hoc
1872 4305 2132 4362 fasculum

482 4448 489 4459 .
543 4416 703 4459 sacro
729 4400 1041 4470 baptismati
1064 4407 1423 4471 prmparatum
1453 4397 1749 4468 Majestatis
1774 4406 1877 4454 tua:
1897 4414 2131 4469 prmseu-

544 4494 620 4549 tia
651 4507 1002 4559 consecrare;
1046 4500 1105 4546 ut
1146 4492 1239 4562 qui
1283 4491 1481 4561 ubique
1530 4499 1673 4545 totus
1715 4506 1794 4556 es,
1840 4491 2005 4546 etiam
2042 4492 2130 4545 hic

543 4583 734 4639 adesse
758 4595 809 4639 te
832 4584 1032 4640 nostris
1046 4584 1298 4656 precibus
1321 4582 1635 4638 sentiamus.
1679 4580 1801 4637 Per.
1825 4578 1965 4636 Alia.
1997 4580 2132 4636 Pro~

542 4674 738 4744 pitiare
768 4675 992 4730 Domine
1022 4674 1237 4730 familia:
1263 4684 1386 4738 tum,
1419 4683 1474 4728 et
1502 4673 1765 4744 benignus
1814 4673 2135 4729 humilitatis

543 4774 747 4820 nostra:
772 4775 897 4820 vota
923 4764 1225 4830 sanctiﬁca,
1270 4773 1327 4819 ct
1360 4779 1549 4819 onmes
1578 4764 1632 4817 in
1662 4764 1766 4817 hoc
1800 4763 1948 4817 l‘unte
1976 4772 2129 4832 rege-

544 4855 816 4911 nerandos
842 4855 1132 4910 universali
1163 4854 1447 4925 adoptione
1474 4853 1705 4908 custodi.
1742 4852 1865 4906 Per.

617 4945 763 5001 Tunc
800 4955 1040 5017 aspergat
1071 4947 1240 5015 ipsum
1270 4944 1642 5016 Baptisterium
1668 4960 1804 5013 aqua
1837 4942 2127 5006 benedicta,

544 5040 743 5095 addens
792 5037 1006 5093 odorem
1044 5039 1261 5093 incensi.
1310 5037 1506 5092 Deinde
1554 5036 1727 5089 redeat
1767 5032 2018 5103 Pontifex
2059 5035 2127 5087 ad

532 5134 738 5187 ostium
759 5130 1033 5198 Ecclesiae,
1056 5133 1143 5185 ubi
1170 5130 1398 5187 lwtanite
1418 5129 1493 5183 rel
1514 5128 1696 5182 laudes
1720 5128 1858 5180 circa
1878 5127 2127 5196 feretrum

2244 560 2501 630 gnificans
2526 561 2714 613 ostium
2734 569 2782 613 e:
2815 558 3123 613 Ecclesium.

2317 651 2457 706 Deus
2500 650 2589 720 qui
2642 650 3032 705 sacrandorum
3086 648 3177 702 tibi
3220 657 3746 720 auctoresmnneram,

2246 742 2458 799 ell‘unde
2485 758 2647 814 super
2674 743 2814 797 hanc
2859 742 3121 798 orationis
3150 743 3363 797 domum
3398 742 3751 804 benedictionem

2247 844 2418 897 tuam,
2447 844 2505 888 ut
2533 835 2600 888 ab
2635 832 2883 888 omnibus
2916 833 3003 888 hic
3036 833 3409 890 invocantibus
3434 850 3606 892 nomen
3629 849 3752 907 tuum,

2246 926 2580 983 defensionis
2614 936 2717 981 tua:
2739 926 3000 981 auxilium
3026 927 3244 981 sentiat.
3278 928 3397 982 Per.

2316 1016 2385 1071 Et
2415 1027 2538 1071 tunc
2570 1027 2836 1087 portantes
2868 1017 3115 1087 feretrum
3156 1034 3344 1089 magno
3382 1020 3561 1073 honore
3584 1037 3678 1075 cent
3696 1040 3750 1077 re-

2246 1110 2421 1181 liquiis
2465 1110 2626 1164 simul
2669 1121 2715 1163 et
2747 1110 2986 1165 crucibus
3026 1120 3074 1165 et
3118 1111 3461 1167 luminaribus
3506 1115 3755 1171 circumeant

2246 1195 2537 1251 Ecclesiam
2582 1208 2823 1268 sequente
2865 1198 3000 1253 clero
3040 1199 3134 1253 Itas
3171 1201 3481 1269 antipltonas
3508 1203 3577 1256 vel
3599 1221 3756 1275 respon-

2246 1288 2387 1341 soria
2411 1285 2702 1357 psallendo,
2728 1296 2775 1342 et
2809 1288 3003 1358 papula
3036 1305 3152 1342 cum
3192 1290 3494 1346 mulieribus
3521 1304 3564 1347 et
3585 1298 3758 1363 pertulit

2246 1378 2397 1434 Kirie
2417 1379 2608 1435 eleison
2638 1380 2869 1435 decanty

2245 1470 2310 1525 Α.
2354 1470 2573 1543 Surgite
2602 1473 2775 1527 sancti
2800 1472 2866 1528 dc
2904 1474 3276 1531 mansionibus
3315 1478 3529 1543 vestris,
3554 1478 3652 1533 loca
3671 1496 3761 1534 san-

2356 1563 2616 1630 ctilicatc,
2642 1563 2854 1633 plebem
2884 1563 3189 1623 benedicite
3218 1578 3272 1622 et
3300 1584 3403 1624 nos
3430 1569 3649 1625 homines
3669 1587 3760 1642 pec-

2351 1664 2568 1711 eatores
2593 1656 2644 1710 in
2677 1671 2810 1725 pace
2837 1658 3123 1713 custodite.
3149 1660 3305 1713 acria.

2245 1747 2308 1800 Α.
2345 1746 2633 1803 Ambulate
2677 1747 2850 1803 sancti
2899 1748 2992 1804 Dei
3037 1750 3105 1803 ad
3155 1750 3333 1805 locum
3374 1752 3666 1807 destinatum
3699 1754 3764 1823 qui

2354 1836 2504 1890 vobis
2526 1846 2859 1907 praeparatus
2885 1846 2967 1892 est
2992 1839 3060 1893 ab
3087 1839 3297 1910 origine
3326 1842 3528 1895 tumuli.

2245 1926 2308 1979 Α.
2351 1925 2899 1981 [’lateatllicrusalcm
2944 1927 3253 1997 gaudebunt
3280 1941 3336 1986 et
3366 1946 3550 1986 omnes
3575 1930 3767 1999 riciejus
3862 1925 3863 1997 ἲ

2350 2016 2623 2071 canticum
2652 2016 2850 2071 ltetitia:
2877 2016 3081 2071 dicunt.

2245 2108 2309 2161 Λ.
2355 2108 2540 2163 Sancti
2588 2109 2663 2162 tui
2706 2109 2929 2164 Domine
2977 2110 3225 2166 mirabile
3264 2112 3538 2165 consecuti
3564 2122 3668 2165 sunt
3699 2111 3769 2164 iter
3864 2108 3865 2175 1

2349 2200 2650 2256 servientes
2697 2203 2983 2273 praeceptis
3031 2202 3136 2257 tuis
3179 2211 3238 2257 ut
3270 2202 3770 2258 itn'cnircntnrinlesi

2352 2292 2405 2346 in
2438 2294 2595 2362 aquis
2638 2292 2832 2348 validis
2878 2302 3021 2347 terra
3063 2293 3314 2363 apparuit
3346 2294 3500 2348 arida
3527 2304 3574 2348 ct
3599 2292 3643 2347 in
3673 2293 3769 2346 mari

2351 2384 2516 2439 rubro
2546 2385 2686 2438 viam
2718 2384 2835 2439 siue
2868 2385 3275 2455 impedimento.

2242 2475 2297 2543 ἢν.
2349 2475 2613 2543 Quoniam
2645 2476 2908 2545 percussit
2941 2484 3149 2544 petram
3191 2486 3247 2529 et
3275 2474 3551 2530 ﬂuxerunt
3583 2488 3709 2545 aqua
3734 2483 3772 2528 et

2350 2578 2617 2624 torrentes
2644 2568 3054 2623 inundavcruat.

2240 2661 2294 2725 ιῖ.
2350 2660 2717 2715 Tradidcrunt
2746 2676 2972 2731 corpora
3016 2675 3111 2714 sua
3158 2669 3386 2731 propter
3412 2660 3571 2715 Deum
3604 2659 3774 2728 adsup
3870 2644 3871 2647 ¹

2344 2752 2504 2823 plicia
2558 2761 2613 2806 ct
2650 2761 2965 2807 meruerunt
3006 2752 3208 2807 habere
3257 2768 3490 2807 coronas
3524 2760 3773 2822 perpetuas.

2243 2843 2299 2911 ᾗ.
2352 2843 2442 2899 Isti
2474 2853 2602 2898 sunt
2640 2843 2730 2914 qui
2762 2851 3029 2898 venerunt
3057 2857 3122 2897 ex
3154 2858 3350 2915 magna
3400 2841 3708 2898 tribulatione
3736 2848 3775 2893 et

2343 2938 2591 2992 laverunt
2636 2936 2805 2993 stolas
2849 2950 2974 2992 suas
3016 2935 3070 2990 in
3119 2936 3389 3007 sanguine
3432 2936 3571 3006 agni.
3609 2933 3664 2988 Et
3695 2946 3776 2985 ine-

2347 3037 2589 3083 ruerunt.

2349 3118 2532 3173 Sancti
2562 3118 2665 3173 mei
2696 3118 2788 3187 qui
2824 3117 2875 3172 in
2904 3118 3010 3172 isto
3044 3116 3240 3171 sarculo
3261 3127 3544 3172 certamen
3571 3114 3775 3169 habuistis

2352 3210 2655 3266 mercedem
2689 3210 2931 3265 laborum
2957 3224 3058 3280 ego
3088 3210 3307 3264 reddam
3339 3209 3516 3264 vobis.

2243 3302 2295 3370 ᾖ.
2357 3300 2549 3357 Venite
2591 3300 2858 3355 benedicti
2902 3299 3082 3354 Patris
3128 3300 3232 3354 mci
3280 3299 3546 3370 percipitc
3585 3312 3773 3367 regnum.

2353 3391 2677 3446 Mercedem.

2239 3487 2289 3554 tit.
2348 3483 2706 3540 Exsultabunt
2730 3482 2901 3537 sancti
2924 3481 2977 3536 in
2998 3479 3192 3551 gloria,
3215 3478 3543 3535 laetabuntur
3564 3478 3612 3531 in
3637 3473 3776 3531 cubili-

2349 3577 2449 3632 bus
2484 3574 2616 3629 suis.

2240 3667 2291 3736 ᾗ.
2343 3664 2480 3720 Justi
2526 3663 2811 3734 cpulcutur
2849 3672 2904 3718 et
2944 3660 3188 3718 exultent
3222 3660 3278 3716 in
3319 3668 3607 3731 conspectu
3642 3655 3779 3712 Dciet

2344 3754 2683 3810 delectentur
2713 3752 2769 3807 iu
2801 3752 3008 3807 laetitia.

2237 3847 2290 3915 ιῆ.
2346 3845 2647 3914 Fulgebunt
2669 3843 2799 3914 justi
2823 3842 2964 3897 sicut
2998 3841 3169 3896 lilium
3213 3850 3268 3896 ct
3312 3839 3458 3895 sicut
3485 3853 3614 3895 rosa-
3641 3834 3777 3891 llieri-

2347 3938 2495 3992 riclto
2525 3946 2652 3991 ante
2681 3934 2989 3989 Dominum.

2237 4029 2289 4098 ᾖ.
2345 4025 2483 4082 Justi
2511 4036 2689 4080 autem
2716 4026 2768 4080 iu
2794 4034 3054 4096 perpetuo
3076 4024 3349 4090 vivent,ct
3371 4023 3519 4092 apud
3540 4019 3778 4076 Dominum

2342 4128 2425 4175 cst
2463 4131 2671 4172 merces
2704 4132 2913 4171 eorum.
2947 4117 3013 4171 Et
3039 4115 3200 4170 sicut.

2310 4209 2408 4264 His
2433 4210 2505 4262 ita
2531 4223 2624 4277 per
2651 4206 2884 4261 ordinent
2916 4206 3093 4278 gestis,
3130 4220 3247 4258 cum
3288 4202 3504 4257 redierit
3544 4201 3709 4254 iterum
3727 4194 3779 4246 ad

2238 4300 2426 4353 ostium
2458 4295 2707 4351 Ecclesitv
2738 4298 2877 4365 facto
2905 4293 3113 4348 silentio
3141 4293 3327 4347 habeat
3353 4290 3586 4361 pontifex
3609 4288 3779 4341 urbem

2237 4390 2304 4443 ad
2333 4387 2529 4459 plebem
2556 4387 2620 4441 de
2649 4387 2845 4440 honore
2873 4383 3264 4450 Ecclesiastico,
3294 4391 3341 4437 et
3371 4381 3437 4436 de
3482 4377 3698 4438 decimis,
3722 4369 3780 4426 rel

2239 4478 2586 4532 oblationibus
2620 4475 2995 4541 Ecclesiarum,
3042 4491 3103 4528 ac
3144 4474 3210 4528 de
3257 4470 3612 4527 anniversaria
3649 4465 3778 4535 ipsius

2238 4568 2486 4623 Ecclesia:
2526 4567 2873 4621 dedicatione.
2929 4565 3048 4635 Ipse
3093 4575 3265 4618 autem
3319 4561 3573 4616 Dominus
3603 4566 3645 4613 et
3678 4570 3777 4606 cou~

2236 4670 2461 4713 structor
2508 4659 2670 4728 ipsius
2708 4654 2959 4709 Ecclesia:
2999 4653 3345 4707 admoneatur
3384 4649 3448 4702 de
3482 4649 3600 4701 dare
3646 4642 3778 4699 illius.

2234 4762 2281 4805 et
2314 4750 2520 4820 qualem
2560 4749 2807 4802 honorem
2846 4745 2923 4800 vel
2950 4761 3131 4799 curam
3159 4742 3408 4815 Ecclesia:
3447 4750 3496 4794 et
3523 4735 3778 4807 presbytero

2235 4842 2474 4896 exhibere
2512 4839 2715 4893 debeat.
2741 4837 2844 4891 Illo
2873 4847 3045 4890 autent
3085 4835 3359 4906 proﬁtente
3392 4834 3443 4886 in
3475 4828 3697 4883 omnibus
3721 4824 3777 4874 ita

2233 4950 2286 4987 se
2312 4950 2463 5003 agere
2492 4932 2614 4986 velle
2637 4930 2870 5000 pontifex
2907 4929 3016 4981 Ittt'c
3037 4926 3340 4994 conﬁrmari
3388 4942 3416 4977 a
3464 4921 3581 4976 Duo
3626 4926 3777 4989 postl-

2228 5026 2362 5088 lans,
2411 5036 2689 5095 antequam
2736 5024 2887 5076 intret
2915 5019 3204 5074 Ecclesium
3250 5018 3391 5071 dicat
3432 5017 3566 5069 lianc
3608 5008 3777 5065 oratio-

2234 5133 2345 5169 nem
2375 5116 2541 5188 (200).

3616 5227 3672 5248 ,..2
3710 5222 3751 5248 ΔΙ

3863 2034 3865 2151 t
