3962 6326
134 380 276 469 1031

1048 403 1235 463 ΟΒῡο
1272 403 1361 458 DE
1400 396 1856 457 DEDICATIONE
1892 398 2267 456 ECCLESl.-E.

3264 407 3285 461 1
3296 401 3414 463 οόδ’

208 529 433 583 Domum
468 531 616 584 tuam
641 535 948 592 quassamus
978 519 1205 575 Domine
1229 519 1524 575 clementer
1543 518 1714 588 ingreo
1743 521 1789 580 Λ
1820 531 1937 570 rum
1963 525 2222 571 aeternum
2247 516 2510 584 Majestati
2539 528 2639 574 tua:
2666 521 2853 576 condis
2898 522 3290 590 habitaculm'n,
3335 527 3405 582 da

130 622 283 684 dere,
309 625 361 673 et
392 617 446 672 in
475 627 688 670 tuorum
715 613 969 668 cordibus
1018 612 1251 667 ﬁdelium
1279 622 1592 684 perpetuam
1621 609 1717 665 tibi

130 719 392 765 construe
431 705 789 768 mansionem,
836 714 889 758 et
917 714 1109 774 praesta
1149 713 1205 757 ut
1243 703 1434 757 domus
1461 704 1573 758 haec
1598 698 1724 771 quas

130 814 227 857 tua
277 799 528 856 subsistit
565 797 905 853 dedicatione
948 796 1225 859 solemnis,
1259 805 1346 849 tua
1386 795 1477 849 ﬁat
1509 795 1718 849 habita-

129 893 283 947 tione
310 888 571 946 sublimis.
600 887 723 942 Per.

206 981 353 1036 Tunc
382 980 602 1049 accipiat
636 977 884 1047 Pontifex
911 978 1158 1048 feretrum
1184 994 1300 1032 cum
1330 977 1639 1049 presbyteris
1670 984 1719 1030 et

124 1069 472 1143 ingrediendo
500 1068 640 1124 scola
671 1070 873 1139 antiplt.
904 1079 1046 1123 cant.

200 1158 551 1232 lngredimini
590 1156 860 1213 benedicti
907 1158 1021 1221 Dei,
1050 1166 1235 1228 parata
1267 1165 1350 1213 est
1376 1158 1528 1213 vobis
1556 1172 1584 1211 a
1612 1157 1720 1211 Do-

122 1253 279 1308 mino
322 1250 588 1306 habitatio
628 1250 771 1304 sedis
818 1259 1031 1316 vestrm,
1076 1251 1171 1308 sed
1199 1259 1254 1304 et
1294 1250 1520 1321 populus
1549 1250 1720 1305 ﬁdelis

123 1356 253 1396 cum
295 1342 491 1410 gaudio
531 1340 836 1409 insequitur
882 1340 984 1393 iter
1027 1350 1274 1394 nostrum
1316 1350 1374 1394 ut
1417 1342 1584 1395 oretis
1623 1356 1720 1409 pro

120 1433 286 1488 nobis
320 1432 650 1502 Maiestatem
678 1431 908 1486 Domini.
944 1430 1075 1485 (ium
1116 1429 1367 1503 Respons.
1410 1432 1594 1487 Sancti
1627 1429 1721 1486 Dei

123 1523 283 1579 dedit
308 1521 480 1577 vobis.

196 1612 268 1666 Α.
312 1611 599 1666 Benedicta
659 1610 830 1683 gloria
871 1611 1085 1666 Domini
1135 1613 1202 1668 de
1245 1614 1363 1668 loco
1412 1628 1509 1668 suo
1562 1612 1721 1668 aeria.

117 1721 242 1758 cum
283 1721 416 1758 vers.
462 1702 693 1758 Caritate
736 1703 965 1757 Domino
1014 1703 1283 1759 canticum
1333 1721 1555 1771 novum,
1605 1705 1721 1760 laus

115 1797 240 1865 ejus
274 1796 330 1849 in
370 1793 603 1849 Ecclesia
632 1803 964 1849 sanctorum.
1012 1793 1078 1848 Et
1127 1812 1243 1848 cum
1290 1797 1594 1851 intrauerint
1624 1814 1719 1851 ex-

1820 607 2292 664 asdiﬁcationitute
2323 611 2656 667 incrementa
2680 614 2922 669 caelestia
2968 625 3023 670 et
3076 625 3294 685 praesta,
3345 630 3407 672 ut

1820 715 2049 770 quorum
2078 702 2168 757 hic
2202 703 2461 774 reliquias
2494 706 2584 776 pio
2634 722 2819 763 amore
2865 708 3274 779 complectimur
3318 726 3415 766 eo-

1819 805 1940 844 rum
1962 802 2175 860 semper
2202 794 2414 849 meritis
2439 794 2773 864 adjuvemur.
2799 797 2921 854 Per.

1895 882 2038 937 Tunc
2069 882 2235 939 lineat
2259 901 2373 940 eam
2394 902 2514 940 cum
2558 886 2699 942 calce
2726 905 2844 958 qua:
2886 899 3007 944 ante
3055 891 3226 959 fuerat
3268 892 3413 960 prie?

1819 981 2029 1040 parata,
2056 981 2105 1026 et
2132 982 2406 1043 postquam
2441 973 2594 1031 linita
2626 976 2784 1043 fuerit
2815 977 2981 1047 faciat
3016 995 3223 1035 crucem
3252 982 3412 1036 desu-

1820 1077 1913 1130 per
1944 1077 2063 1115 cum
2114 1063 2395 1118 chrismate
2449 1065 2691 1122 dicendo.
2741 1067 2797 1122 In
2837 1070 3076 1125 nomine.
3129 1071 3198 1125 Et
3239 1073 3412 1128 mittat

1821 1150 2047 1207 chrisma
2076 1170 2168 1221 per
2186 1166 2413 1222 quatuor
2438 1174 2635 1211 cornua
2685 1158 2871 1214 altaris
2897 1161 3012 1231 ipsa
3053 1164 3416 1234 suprascripta

1822 1244 1908 1297 ubi
1929 1244 2148 1298 dicendo
2179 1256 2225 1299 et
2258 1262 2462 1302 crucem
2486 1247 2728 1317 faciendo
2763 1261 2902 1305 cant.
2930 1252 2992 1305 Α.
3022 1253 3266 1324 Corpora
3288 1270 3415 1310 san—

1821 1344 2032 1389 ctornm
2067 1336 2118 1390 in
2150 1353 2282 1407 pace
2310 1337 2520 1408 sepulta
2540 1349 2666 1395 sunt
2688 1351 2741 1395 et
2774 1343 2955 1398 vivent
2982 1346 3200 1400 nomina
3220 1361 3411 1401 eorum

1822 1424 1875 1499 in
1903 1435 2184 1480 alternum.
2212 1429 2443 1499 Adjung.
2474 1429 2656 1488 Gloria
2673 1431 2842 1486 Patri.
2872 1433 3015 1489 Tunc
3065 1437 3274 1491 diaconi
3326 1455 3414 1491 re-

1821 1514 1983 1567 stiant
2012 1514 2179 1569 altare
2201 1528 2246 1569 et
2270 1518 2415 1571 scola
2464 1519 2568 1574 dic.
2626 1523 2826 1592 (mtipli.
2874 1522 3219 1583 Circumdale
3267 1529 3415 1601 Syou

1820 1602 1996 1658 levitse
2020 1604 2193 1660 altare
2229 1605 2437 1661 Domini
2465 1610 2658 1665 vestite
2684 1612 3023 1670 vestimentis
3050 1614 3191 1672 albis
3239 1629 3416 1674 estote

1819 1705 1875 1749 et
1903 1710 1998 1750 vos
2024 1706 2286 1752 canentes
2307 1714 2530 1770 ymnum
2560 1717 2758 1756 novum
2791 1704 3039 1762 dicentes
3089 1710 3411 1767 benedictus

1821 1791 1982 1847 Dens.
2014 1793 2068 1861 in
2100 1792 2361 1850 Mirabilis
2395 1794 2535 1851 Deus
2583 1796 2637 1851 in
2694 1800 2899 1855 sanctis
2944 1802 3078 1858 suis.
3125 1802 3193 1858 Et
3243 1805 3416 1875 gloria

118 1901 277 1950 genso
320 1884 432 1939 velo
459 1885 593 1938 inter
618 1884 867 1954 populant
896 1896 943 1938 et
966 1885 1146 1939 altare.
1186 1886 1432 1956 Pontifex
1477 1890 1721 1943 recondat
1752 1891 1800 1952 Β
1831 1882 1999 1939 Patri.
2031 1883 2151 1939 Alia
2181 1888 2246 1938 Α.
2294 1886 2351 1941 ln
2397 1885 2702 1942 velamento
2746 1889 3056 1946 clamabunt
3103 1896 3276 1949 sancti
3339 1899 3417 1952 tui

117 1978 378 2049 reliquias
394 1979 447 2032 in
470 1976 628 2031 altari
654 1986 702 2031 et
724 1977 1009 2047 presbyteri
1032 1980 1118 2048 qui
1149 1997 1264 2034 cum
1285 1997 1344 2034 eo
1365 1992 1484 2035 sunt
1515 1992 1723 2038 cantent

117 2071 335 2140 amipli.

186 2164 263 2217 Α.
301 2162 633 2217 Exultabunt
656 2164 832 2219 sancti
861 2164 913 2219 in
936 2164 1127 2234 gloria,
1151 2164 1476 2221 laetabuntur
1499 2166 1550 2221 in
1571 2168 1724 2222 euhi-

117 2252 267 2308 libus
300 2252 430 2307 suis.
470 2250 603 2306 Cum
636 2253 856 2324 psalmo.
903 2254 1131 2310 Cantate
1171 2256 1400 2312 Domino
1448 2259 1720 2314 canticum

115 2360 355 2409 novum,
386 2343 503 2398 laus
530 2344 647 2414 ejus
672 2346 728 2401 in
760 2345 1002 2401 Ecclesia
1038 2356 1376 2403 sanctorum.

194 2437 269 2491 Et
305 2446 584 2509 antequam
612 2438 954 2494 recludantur
981 2440 1216 2512 reliquie:
1252 2441 1393 2495 dicat
1425 2443 1558 2497 lianc
1598 2460 1718 2497 ora-

120 2529 349 2583 tionem.

186 2619 341 2676 Deus
391 2620 482 2691 qui
527 2621 674 2676 omni
733 2620 851 2678 loco
892 2622 1283 2678 Dominationis
1329 2634 1433 2679 tute
1485 2625 1719 2681 clemens

116 2730 181 2770 ac
222 2715 496 2786 benignus
541 2714 821 2778 dedicator
868 2717 1099 2772 assistis.
1149 2718 1355 2773 Exaudi
1420 2735 1519 2774 nos
1567 2737 1717 2790 quae-

115 2820 317 2860 sumus
358 2813 415 2860 et
462 2806 697 2861 concede
743 2817 802 2860 ut
847 2807 1173 2864 inviolabilis
1225 2809 1384 2871 huius
1434 2810 1533 2865 loci
1588 2825 1716 2880 per-

116 2904 350 2952 maneat
418 2900 796 2964 consecratio,
869 2908 924 2955 et
995 2901 1257 2957 beneﬁcia
1333 2903 1408 2958 tui
1480 2906 1719 2963 numeris

115 2989 453 3045 universitas
478 3000 680 3046 sancta:
703 2991 959 3047 Ecclesiae
983 3008 1104 3062 qua:
1128 2994 1395 3065 supplicat
1424 3008 1714 3053 mercatur.

116 3080 252 3136 Per.

186 3170 316 3226 Hac
372 3172 576 3243 expleta
617 3182 777 3243 ponat
829 3172 1057 3227 chrisma
1102 3173 1157 3227 in
1199 3175 1574 3245 confessionem
1624 3195 1717 3249 per

1826 1974 2053 2030 Domine
2130 1977 2309 2042 tevia,
2374 1979 2540 2043 invia,
2613 1981 2767 2034 atria.
2852 1980 3145 2055 l’osteaque
3228 1988 3418 2057 offerat

1823 2066 2108 2131 incensum,
2158 2082 2432 2141 versusque
2456 2072 2684 2126 dicatur.
2716 2072 2904 2131 Omnis
2929 2083 3073 2132 terra
3124 2077 3312 2135 adoret
3362 2088 3413 2136 le

1826 2159 1965 2214 Dens
1994 2170 2048 2215 et
2098 2162 2313 2230 psallat.
2349 2163 2558 2219 Preces.

1824 2247 2067 2304 Fundata
2091 2261 2173 2304 est
2199 2252 2390 2307 domus
2416 2253 2625 2309 Domini
2654 2271 2817 2326 super
2837 2259 3095 2316 verticem
3124 2264 3412 2320 montium.

1894 2340 2037 2395 Bene
2065 2341 2284 2397 fundata
2313 2353 2397 2398 est
2426 2360 2588 2415 super
2609 2361 2799 2404 omnes
2823 2350 3007 2404 colles.

1824 2428 2083 2486 Dominus
2113 2433 2166 2487 in
2194 2433 2397 2503 templo
2439 2444 2633 2490 sancto
2678 2430 2794 2493 suo.
2858 2438 3117 2498 Dominus
3161 2443 3215 2500 in
3276 2446 3414 2503 cado

1891 2524 2048 2580 sedes
2069 2526 2204 2597 ejus.

1822 2614 2023 2671 Domus
2038 2632 2155 2673 mea
2175 2618 2305 2673 dicit
2321 2619 2601 2688 Dominus,
2618 2622 2819 2679 Domus
2835 2628 3098 2684 orationis
3113 2632 3413 2689 vocabitur.

1821 2704 2153 2762 Exultabunt
2186 2706 2371 2763 Sancti
2392 2714 2443 2763 in
2473 2709 2659 2781 gloria.
2694 2711 3045 2772 chtabuntur
3070 2718 3122 2774 in
3149 2721 3416 2778 cubilibus

1892 2797 2024 2853 suis.

1824 2888 2230 2963 Exultentjusti
2262 2894 2314 2947 in
2359 2905 2653 2967 conspectu
2699 2899 2813 2954 Dei.
2877 2900 2943 2955 Et
2970 2902 3308 2960 delectentur
3359 2907 3419 2963 in

1894 2980 2102 3035 laetitia.

1824 3069 2066 3127 Pretiosa
2092 3083 2174 3130 est
2197 3075 2249 3129 in
2279 3086 2571 3148 conspectu
2607 3081 2837 3138 Domini.
2883 3083 3027 3142 Mors
3084 3085 3415 3149 Sanctorum

1892 3178 2027 3232 ejus.

115 3263 345 3334 angulos
364 3274 588 3335 quatuor
613 3265 670 3318 in
700 3280 904 3317 crucem
929 3266 1171 3321 dicendo.
1211 3268 1266 3321 in
1299 3270 1513 3325 nomine
1540 3270 1716 3328 Patris
1747 3253 1791 3314 (ἶ
1825 3255 2039 3329 Εκιηεο
2068 3258 2293 3317 Domi”)
2342 3262 2533 3331 adiuva
2567 3281 2684 3321 "05-
2741 3266 2808 3322 Ει
2829 3267 2998 3325 “hem
3049 3287 3150 3328 "05
3194 3285 3418 3346 promer

114 3365 169 3407 et
196 3354 324 3409 Filii
351 3364 407 3409 et
429 3354 664 3426 Spiritus
693 3357 885 3411 sancti.
913 3356 1023 3411 Pax
1072 3366 1267 3414 tecum.
1326 3362 1391 3414 Et
1440 3378 1562 3417 cum
1603 3365 1715 3435 Spi-

115 3450 227 3503 ritu
264 3458 376 3504 tuo.

188 3540 401 3595 Deinde
428 3552 586 3612 ponat
614 3550 717 3598 tres
742 3544 1004 3612 portiones
1036 3544 1184 3615 (ΞΟΙ)
1246 3548 1479 3617 corporis
1524 3549 1622 3603 Dni
1664 3552 1718 3607 in

113 3632 523 3700 confessionem,
546 3645 595 3687 et
622 3644 724 3687 tres
755 3634 819 3687 de
846 3635 1054 3689 incenso
1081 3677 1095 3701 ,
1134 3646 1182 3689 et
1214 3648 1337 3691 tunc
1379 3639 1718 3694 recludantur

115 3723 359 3793 reliquire
403 3724 457 3777 in
503 3723 829 3793 confessione
874 3734 921 3777 et
972 3725 1098 3779 dum
1139 3727 1480 3782 recludantur
1523 3742 1714 3785 canunt

114 3814 326 3883 amipli.
352 3812 467 3869 Sub
496 3814 667 3870 altare
714 3816 929 3870 Domini
960 3818 1116 3873 sedes
1153 3820 1441 3890 accepistis
1488 3821 1718 3878 interce-

114 3904 237 3960 dite
283 3920 385 3974 pro
435 3905 591 3960 nobis
644 3906 713 3960 ad
764 3905 1050 3961 Dominum
1075 3910 1165 3978 qui
1204 3926 1300 3966 vos
1347 3913 1529 3984 elegit.
1584 3916 1716 3970 Cum

112 3994 347 4064 psalmo.
380 3995 715 4051 Exultabunt
750 3998 925 4053 sancti
954 3999 1006 4054 in
1050 4000 1240 4070 gloria,
1278 4002 1606 4061 laetabuntur
1654 4007 1708 4063 in

111 4084 392 4140 cubilibus
418 4085 553 4141 suis.

112 4191 323 4231 οιυτιο
350 4192 419 4231 AD
442 4192 781 4233 DEDICANDU!
804 4195 1014 4235 ALTARE
1056 4197 1185 4238 νοεῖ
1242 4200 1521 4243 ηίιιοδιτλε
1565 4205 1717 4245 Βειιο

832 4286 1007 4332 onus.

186 4357 341 4411 Deus
369 4358 459 4427 qui
493 4358 685 4414 altaria
716 4361 918 4414 nomini
968 4372 1062 4416 tuo
1107 4364 1334 4419 dicanda
1383 4367 1712 4435 sanctiﬁcas,

112 4458 320 4517 pnesta
353 4466 659 4519 quzesumus
680 4461 737 4506 ttt
765 4453 905 4521 quod
929 4463 1113 4508 nostra
1140 4454 1401 4526 fragilitas
1445 4476 1551 4514 non
1596 4477 1711 4516 mc-

112 4549 277 4595 retur
307 4538 694 4596 intercessione
723 4544 866 4598 beati
907 4543 969 4598 Ν.
999 4546 1105 4599 huc
1131 4546 1369 4616 Spiritus
1413 4549 1486 4602 tui
1542 4550 1714 4618 pleni-

115 4630 255 4684 tudo
284 4630 593 4697 descendat,
618 4632 709 4701 qui
746 4642 800 4688 et
831 4650 1049 4691 munera
1081 4648 1265 4692 nostra
1312 4640 1633 4705 sanctiﬁeet,
1658 4652 1713 4696 et

114 4720 516 4792 indulgentiam
545 4724 700 4779 nobis
725 4735 829 4779 ture
859 4727 1075 4794 pietatis
1095 4731 1359 4784 obtineat.
1393 4730 1517 4786 l’er.

195 4810 266 4865 Et
297 4813 555 4882 accipiens
578 4815 808 4869 tabulam
838 4817 901 4870 de
916 4819 1097 4873 subtus
1133 4822 1403 4890 conﬁrmet
1452 4840 1567 4877 eam
1593 4842 1709 4880 cum

115 4905 409 4959 chrismate
433 4906 487 4959 in
515 4923 720 4963 crucem
745 4910 817 4962 ita
842 4910 1037 4966 dicens.
1068 4912 1124 4966 ιιι
1177 4914 1395 4969 nomine
1444 4915 1619 4973 Patris
1657 4929 1712 4974 et

114 4996 251 5052 Filii
288 5003 343 5050 et
369 4996 603 5066 Spiritus
630 4999 828 5054 sancti.
873 5000 981 5055 Pax
1010 5011 1212 5058 tecum.
1238 5006 1305 5059 Et
1346 5022 1468 5061 cum
1514 5009 1707 5078 spiritu

118 5102 239 5149 tuo.
279 5087 424 5151 Tunc
450 5091 681 5160 imponat
710 5091 941 5148 tabulam
972 5112 1128 5164 super
1149 5098 1396 5168 reliquias
1419 5108 1466 5151 et
1493 5101 1574 5154 det
1597 5117 1718 5154 ora-

115 5182 325 5236 tionem
352 5180 507 5234 hanc.
528 5181 670 5237 Deus
690 5182 781 5251 qui
803 5198 869 5237 ex
908 5186 1057 5240 orniii
1101 5190 1445 5257 coaptatione
1497 5202 1711 5246 sancto-

117 5311 412 5378 Pisanum,
441 5317 583 5385 quod
615 5314 951 5372 Mabillonius
998 5320 1251 5375 describit
1278 5322 1329 5376 in
1363 5324 1553 5378 itinere
1582 5325 1705 5380 Ital.

120 5385 440 5458 Eodemque
481 5387 752 5458 pertinent
796 5389 1033 5442 oratoria
1080 5406 1199 5458 qua:
1249 5395 1568 5451 Anastasius
1624 5398 1707 5450 b.‘~

114 5455 325 5511 bliotb.
352 5472 382 5509 a
411 5456 678 5511 nonnullis
702 5458 1043 5527 pontiﬁcibus
1069 5455 1123 5514 in
1154 5463 1484 5533 baptisterils
1513 5468 1709 5522 lccissc

118 5533 338 5579 narrat.
1605 5578 1611 5583 .

200 5595 350 5673 r201)
383 5596 586 5673 Passim
613 5596 716 5651 hoc
737 5597 788 5652 in
822 5598 1271 5673 librisritualibus
1299 5602 1475 5673 legere
1513 5617 1597 5661 est
1643 5608 1709 5663 de

122 5666 307 5741 tribus
334 5666 672 5741 portionibus
699 5670 942 5741 corporis
969 5669 1168 5727 Christi
1190 5666 1456 5741 ponendis
1473 5677 1524 5730 in
1551 5678 1707 5733 altari

122 5737 450 5805 dedicanda.
491 5737 642 5805 Quod
670 5737 884 5805 quidem
913 5737 1275 5797 Durandus'in
1326 5746 1540 5800 liation.
1597 5750 1705 5804 div.

119 5803 293 5876 vilic,
325 5822 373 5864 c.
404 5808 454 5863 7.
487 5803 541 5863 n'.
568 5807 660 5877 9.5,
685 5803 989 5867 iaciendum
1018 5812 1129 5867 vult
1173 5829 1294 5869 cum
1339 5832 1563 5887 corpore
1609 5820 1708 5875 Do-

1890 3364 2088 3405 nomen
2117 3360 2289 3407 tuum.

1819 3438 2044 3494 Domine
2073 3442 2269 3496 exaudi
2302 3447 2603 3502 orationem
2637 3466 2831 3505 uncam.
2884 3452 2948 3507 Et
2988 3452 3192 3511 clamor
3234 3474 3406 3515 meus.

1889 3532 2018 3585 Dus.
2055 3533 2352 3589 vobiscum.
2384 3537 2446 3591 Et
2476 3554 2598 3592 cum
2626 3540 2717 3609 Sp.
2750 3551 2787 3595 t.

1820 3619 1889 3674 Et
1916 3621 2058 3675 dicat
2083 3625 2321 3693 pontifex
2344 3631 2633 3684 orationem
2662 3634 2817 3687 lianc.

1888 3711 2519 3785 Descendatqmesmnus
2547 3721 2774 3777 Domine
2805 3727 2943 3782 Dens
2992 3740 3181 3784 noster
3233 3733 3411 3802 Spiri-

1820 3812 1943 3859 tnns
1967 3814 2187 3861 sanctus
2215 3823 2378 3879 super
2408 3811 2512 3866 hoc
2537 3814 2728 3876 altare,
2758 3818 2848 3886 qui
2882 3828 2935 3872 et
2958 3823 3138 3890 populi
3166 3824 3238 3877 tui
3265 3825 3406 3881 dona

1819 3895 2145 3961 sanctiﬁcct,
2174 3907 2229 3951 et
2255 3902 2645 3956 summentium
2678 3905 2840 3960 corda
2877 3910 3149 3977 purilicet.
3178 3912 3301 3969 l’er.

1891 3987 2030 4043 Alia.
2068 3988 2423 4061 Omnipotens
2451 3997 2781 4066 sempiterne
2807 4001 2947 4058 Deus
2974 4003 3146 4061 altare
3168 4007 3270 4063 hoc
3315 4026 3407 4062 no-

1820 4078 1952 4133 mini
2005 4088 2094 4134 tuo
2140 4081 2400 4148 dicatum,
2464 4086 2704 4143 caelestis
2762 4091 2982 4147 virtutis
3034 4094 3412 4154 benedictione

1772 4217 1777 4221 _
1818 4170 2121 4239 sanctiﬁca,
2153 4181 2207 4227 et
2242 4174 2494 4231 omnibus
2520 4178 2572 4231 in
2616 4190 2667 4233 te
2696 4184 3041 4249 sperantibus
3095 4188 3282 4243 auxilii
3333 4193 3405 4244 tui

1819 4276 2016 4316 ltllltlllS
2042 4264 2285 4329 ostende,
2325 4275 2383 4319 ut
2413 4267 2500 4323 hic
2526 4282 2993 4329 sacramentorum
3028 4278 3197 4336 virtus
3225 4293 3279 4337 ct
3309 4298 3403 4335 vo-

1818 4358 1994 4404 torum
2023 4352 2333 4409 obtineatur
2366 4354 2609 4413 cﬂ‘ectus.
2644 4358 2765 4415 Per.

1893 4462 2088 4518 Deinde
2109 4477 2398 4522 revertatur
2424 4473 2660 4541 pontifex
2685 4476 2737 4529 in
2761 4482 3056 4536 sacrarium
3106 4485 3270 4541 donec
3320 4507 3406 4543 or-

1819 4562 1971 4605 netur
1994 4555 2232 4622 ecclesia,
2271 4567 2319 4611 et
2348 4562 2703 4617 accendantur
2756 4570 3060 4639 luminaria,
3102 4587 3150 4630 et
3192 4580 3405 4651 incipiat

1819 4653 2005 4698 cantor
2032 4647 2373 4717 antiphonam
2397 4650 2465 4703 ad
2489 4650 2796 4710 Introitum.
2830 4659 3113 4721 Terribilis
3146 4681 3229 4723 est
3257 4647 3407 4729 locus

1818 4735 1938 4788 iste.
1965 4733 2034 4787 Et
2065 4738 2312 4804 procedat
2340 4742 2575 4810 pontifex
2624 4761 2743 4799 cum
2784 4751 3056 4809 ordinibus
3100 4760 3232 4826 suis,
3268 4764 3405 4817 sicut

1815 4826 2134 4880 consuetudo
2165 4837 2238 4881 est
2269 4829 2323 4882 in
2346 4830 2735 4901 festivitatibus,
2762 4848 2808 4891 et
2831 4841 3116 4900 celebretur
3154 4852 3406 4907 solemni-

1813 4929 1892 4970 ter
1920 4920 2081 4974 missa
2103 4921 2238 4975 sicut
2263 4936 2710 4982 sacramentorum
2759 4930 2892 4988 libro
2946 4942 3243 4998 continetur
3286 4964 3404 5000 cum

1814 5013 1995 5069 Gloria
2020 5016 2072 5069 in
2098 5018 2331 5073 excelsis
2365 5019 2494 5085 Deo,
2519 5033 2566 5075 et
2593 5034 2771 5091 postea
2816 5046 2910 5098 per
2951 5043 3112 5089 totant
3156 5037 3406 5091 ebdoma-

1824 5106 1946 5163 dam
1975 5108 2106 5177 ﬁant
2136 5111 2311 5166 misere
2336 5113 2557 5180 publica'
2578 5115 2725 5190 (202)
2764 5120 2816 5175 in
2843 5122 2955 5193 ipsa
2982 5127 3199 5181 ecclesia
3240 5145 3405 5200 usque

1821 5198 1891 5250 ad
1918 5199 2029 5253 dies
2063 5209 2179 5254 octo
2208 5203 2507 5274 completos.

1819 5334 1972 5416 mini,
2001 5336 2217 5416 quando
2256 5338 2497 5416 reliquiae
2529 5342 2687 5416 nulla:
2712 5354 2839 5416 sunt
2881 5359 3097 5416 pra-sto,
3128 5352 3203 5405 uti
3234 5356 3400 5411 etiam

1816 5404 1978 5494 liabet
2019 5404 2336 5494 Pontiﬁczile
2374 5404 2627 5491 'Durandi
2681 5430 2696 5467 :
2748 5404 3117 5485 Deﬁcientibus
3171 5404 3401 5494 reliquiis

1811 5487 1969 5544 ponat
1994 5494 2179 5542 corpus
2208 5478 2421 5534 Christi.

1885 5546 2033 5629 (292)
2081 5548 2206 5631 ilice
2261 5552 2475 5632 rubrica
2501 5552 2562 5632 in
2581 5553 3019 5632 Sacramentario
3049 5560 3399 5632 Gregorium)

1811 5620 2124 5700 passimque
2155 5621 2402 5675 inordin.
2442 5623 2801 5703 dedica-tionis
2854 5620 3242 5703 ecclnlcgit‘nr
3293 5640 3400 5694 ritu

1812 5688 2212 5762 antiquissimo,
2242 5707 2402 5762 quem
2442 5693 2491 5747 in
2527 5693 2863 5751 dedicatione
2913 5688 3147 5757 basilica:
3204 5688 3396 5760 Hiero;

1812 5756 2148 5836 solymitanae
2176 5756 2471 5826 sei-'vatum,
2504 5764 2702 5819 Euseb.
2742 5764 2834 5821 lib.
2872 5784 2944 5835 iv,
2990 5756 3403 5836 υρνειίζώμ

1812 5828 2035 5883 stantini
2064 5840 2316 5898 testatur,
2354 5844 2856 5910 commemoratque
2882 5828 3137 5901 Sidonius
3160 5828 3399 5922 Appelli-
