3962 6326
125 363 151 420 l
162 359 260 420 οιι

1263 366 1670 429 BENEDICTIO
1705 371 1900 431 SALIS
1937 375 2025 432 ET
2063 378 2274 447 AQUcE

3265 390 3405 448 1049

124 480 287 554 stigis
315 477 400 536 vel
428 487 674 551 portenta
705 476 908 539 inimici
955 487 1011 537 et
1056 482 1298 538 omnium
1347 494 1712 543 monstrorum
1739 493 1791 552 Α
1816 504 1936 544 rum
1957 492 2200 547 custodia
2224 507 2439 565 semper
2458 494 2590 553 inibi
2612 510 2866 555 mansura
2891 499 3175 568 consistat,
3199 510 3252 558 te
3275 519 3409 575 prae.

125 586 347 644 genera,
371 571 587 645 longius
611 573 776 629 faciat
811 572 1058 645 ell'ugari.
1118 574 1453 633 Gravedines
1505 593 1716 645 omnes,

124 665 554 735 pbsntasiasque
573 677 902 737 compescat,
934 676 990 723 et
1013 682 1111 738 per
1137 669 1351 740 signum
1391 672 1720 730 crucis.Fi|ii

126 755 207 810 tui
241 755 450 810 Domini
480 756 653 811 nostri
682 756 775 812 lbu
798 756 903 827 Xpi
936 758 1157 813 tutelam
1200 758 1573 816 ﬁdelissimam
1621 763 1718 819 de-

127 843 495 902 siderantibus
521 853 762 915 prmstet.
790 844 896 902 Per
929 848 1201 902 eumdem.

654 973 987 1016 sxancrsuus
1022 977 1198 1027 aqua.

200 1072 430 1129 Discede
459 1071 736 1127 immnntle
778 1073 1001 1143 spiritus
1031 1075 1099 1129 ab
1131 1074 1382 1130 omnibus
1432 1075 1629 1147 quibus
1658 1074 1723 1131 ll-

123 1166 229 1220 des
253 1173 437 1219 nostra
476 1179 639 1218 usura
678 1172 762 1219 est
816 1163 1091 1236 religionis
1136 1164 1293 1220 olIicii
1338 1168 1723 1223 sacramentis.

126 1251 240 1328 Nec
268 1254 571 1325 prxteudas
592 1253 805 1323 culpam
836 1253 1100 1319 criminis,
1130 1255 1221 1326 qui
1256 1258 1506 1327 agnoscis
1532 1266 1720 1328 poten-

128 1347 264 1401 tiam
301 1345 602 1401 salvatoris.
628 1343 745 1399 Non
776 1355 861 1401 est
884 1348 1062 1401 meriti
1088 1346 1419 1404 conﬁdentia
1451 1349 1544 1405 sed
1576 1365 1717 1422 prin-

125 1437 298 1507 cepti,
325 1437 448 1492 licet
490 1438 603 1506 ipsa
646 1445 885 1506 potestas
927 1438 1234 1509 mysterii...
1278 1438 1355 1494 Te
1399 1440 1564 1511 igitur
1620 1456 1721 1511 per

123 1542 478 1582 communem
510 1525 796 1581 Dominum
825 1543 980 1599 aqua)
1008 1537 1257 1583 creatura
1312 1530 1601 1596 convenio,
1658 1540 1720 1585 ut

125 1633 466 1673 conservare
506 1627 711 1673 motum
739 1618 1116 1674 sensibilitatis
1146 1618 1476 1693 intelligens,
1523 1621 1716 1693 subjici

120 1710 366 1763 servicio
406 1723 512 1779 quo
562 1707 777 1779 placare
822 1708 993 1765 Deum
1046 1708 1273 1766 nitimur
1318 1727 1423 1767 non
1476 1727 1717 1783 recuses,

119 1813 348 1855 omnem
379 1816 409 1855 a
448 1809 500 1854 te
525 1800 829 1857 daemonum
860 1803 1321 1870 communionem,
1360 1818 1522 1859 omne
1558 1806 1719 1861 colle-

120 1893 280 1961 gium
316 1892 620 1963 iniquitatis
648 1902 1151 1966 expurgeshtotam
1204 1894 1601 1965 pbantasmatis
1643 1896 1721 1951 la-

120 1987 277 2049 bem,
307 2001 481 2057 capax
520 1987 814 2045 Dominicas
865 1989 1221 2060 protectionis
1267 1989 1619 2056 extermines,
1664 1997 1725 2044 ut

116 2079 305 2148 gratia
336 2080 781 2138 sanctiﬁcationis
810 2083 1023 2154 adepta,
1057 2093 1149 2138 tuo
1171 2092 1466 2155 nostroque
1516 2083 1725 2153 pariter

118 2173 366 2227 creatori
418 2173 771 2242 deserviens,
824 2190 1040 2232 onmem
1098 2176 1383 2248 spirituum
1432 2191 1722 2247 pravorum

119 2261 428 2332 nequitiam
454 2263 521 2319 ab
546 2263 649 2320 hoc
668 2265 926 2322 Ecclesia:
950 2267 1195 2338 dejieias,
1228 2275 1284 2323 ct
1316 2269 1370 2323 in
1396 2282 1722 2340 quocunque

120 2352 252 2407 lucu
304 2352 475 2409 lueris
513 2367 758 2425 aspersa,
813 2366 1017 2412 sancta:
1060 2359 1275 2428 copiam
1329 2356 1724 2415 benedictionis

115 2445 375 2501 inducas.
400 2445 700 2503 Prtestante
728 2449 844 2519 ipso
870 2451 1099 2506 Domino
1131 2450 1477 2521 redemptore
1529 2462 1723 2510 nostra

113 2535 225 2590 “su
257 2535 399 2608 Xpo,
431 2538 670 2609 quicum
700 2539 863 2596 Patre
886 2551 941 2596 et
986 2540 1189 2612 Spiritu
1237 2551 1428 2599 sancto
1482 2543 1616 2598 vivit
1669 2551 1725 2599 et

113 2637 324 2698 regnat
355 2627 408 2683 in
434 2629 631 2685 saecula
653 2630 997 2701 saeculorum,
1023 2647 1202 2688 amen.

654 2757 971 2799 BENEDICTIO
1026 2759 1201 2807 ΑΟυΑ-Σ.

195 2827 435 2887 Benedic
463 2829 690 2889 Domine
711 2833 854 2889 banc
879 2849 1076 2906 aquam
1092 2834 1467 2892 benedictione
1486 2834 1723 2905 ctelesti,

117 2932 175 2978 et
204 2925 436 2979 assistat
463 2940 629 2995 super
656 2940 775 2980 eam
803 2933 912 2982 etc.
940 2937 995 2980 ut
1029 2928 1084 2980 in
1121 2927 1444 2998 pontiﬁcalis
1474 2929 1537 2983 de
1566 2929 1721 2983 bene-

118 3017 358 3075 1idione
384 3034 675 3089 campanis.

506 3107 610 3164 Hic
635 3109 876 3164 mittatur
909 3110 990 3165 sal
1029 3112 1083 3166 in
1122 3128 1341 3183 aquam.

1819 591 1998 640 stante
2026 587 2392 657 omnipotente
2415 590 2545 657 Deo,
2574 590 2808 662 quicum
2840 592 2978 649 Filio
3007 603 3098 650 tuo
3122 604 3177 651 et
3203 594 3408 666 Spiritu

1819 686 2013 731 sancto
2042 692 2237 749 regnas
2265 681 2318 735 in
2351 682 2550 737 saecula
2577 682 2919 749 mulorum,
2946 700 3125 740 amen.

1894 764 2022 822 Post
2053 769 2162 824 hcec
2192 781 2477 826 cantantur
2500 772 2691 843 psalmi
2716 774 2804 827 isti
2827 788 2845 826 :
2871 774 3054 830 Lauda
3082 775 3261 830 anima
3287 792 3408 834 mea

1819 855 2127 913 Dominum.
2153 858 2393 916 Laudate
2408 861 2694 916 Dominum
2717 863 2970 932 quoniam
2994 864 3190 919 bonus.
3225 863 3410 921 Lauda

1819 944 2156 1003 llierusalem
2183 948 2493 1006 DOlllllllllll.
2517 952 2756 1008 Laudate
2780 954 3063 1009 Dominum
3114 956 3180 1010 de
3232 954 3407 1010 caalis.

1818 1035 2049 1093 Cautate
2116 1038 2346 1097 Domino
2395 1044 2689 1098 canticum.
2732 1043 2974 1100 Laudate
3025 1046 3311 1101 Dominum
3355 1047 3411 1101 in

1818 1128 2024 1183 sanctis
2044 1129 2180 1199 ejus.
2207 1128 2311 1196 Qui
2335 1131 2461 1186 dum
2485 1144 2767 1188 cantantur
2787 1133 2919 1189 lavet
2944 1136 3181 1205 pontifex
3205 1135 3411 1208 signum

1817 1218 1883 1271 de
1911 1236 2050 1289 aqua
2069 1221 2339 1276 benedicta
2366 1233 2414 1277 et
2435 1225 2547 1278 sale
2576 1224 2843 1279 benedicta
2887 1242 3005 1280 cum
3056 1225 3168 1281 olea
3225 1236 3410 1282 sancto

1819 1325 1996 1364 cruces
2018 1311 2072 1364 in
2094 1328 2152 1365 ea
2174 1312 2415 1381 faciendo
2448 1324 2495 1368 et
2535 1315 2675 1369 dicat
2728 1315 2862 1369 hanc
2911 1317 3241 1372 arationem:
3269 1316 3413 1374 Deus

1818 1403 1908 1472 qui
1936 1418 2033 1473 per
2051 1403 2270 1460 beatum
2320 1405 2539 1479 Moysen
2594 1405 2875 1480 legilerum
2928 1409 3085 1464 tubas
3128 1420 3413 1482 argenteas

1819 1494 1936 1550 ﬁeri
1952 1496 2252 1567 prtecepisti
2269 1506 2377 1555 etc.
2396 1509 2453 1553 ut
2474 1500 2529 1555 in
2545 1500 2835 1570 pontiﬁcali
2852 1518 3014 1573 usque
3030 1501 3098 1555 ad
3114 1501 3208 1557 illa
3221 1502 3372 1559 verba
3391 1518 3412 1555 :

1817 1587 1959 1640 Ante
1988 1595 2188 1642 sancta:
2213 1590 2394 1645 crucis
2420 1590 2477 1646 in
2503 1604 2569 1647 co
2593 1591 2864 1662 depictum
2888 1593 3163 1649 vexillum.
3187 1594 3275 1649 ubi
3301 1593 3413 1650 Itan:

1819 1680 1987 1732 oratio
2006 1677 2213 1746 linitur,
2246 1680 2455 1735 omissis
2476 1679 2605 1747 illis,
2629 1697 2746 1753 qua:
2776 1682 2832 1737 in
2870 1681 3162 1753 pontiﬁcali
3199 1682 3412 1739 addun-

1818 1777 1924 1822 tur.
1964 1771 2051 1825 cui
2075 1769 2313 1826 ﬂectitur
2344 1786 2505 1827 omne
2528 1787 2669 1844 genu
2698 1780 2809 1827 etc.

1749 1855 1794 1915 Β
1896 1858 2041 1914 Tunc
2065 1871 2299 1933 extergat
2322 1862 2455 1916 illud
2499 1880 2620 1918 cum
2667 1863 2826 1918 linteo
2860 1867 3051 1919 mundo
3080 1864 3130 1919 et
3167 1874 3416 1919 cantatur

1823 1951 2150 2017 antiphona:
2179 1951 2291 2006 Vox
2316 1951 2527 2008 Domini
2552 1968 2715 2022 super
2736 1968 2929 2022 aquas,
2948 1952 3090 2008 Dens
3114 1952 3415 2023 Maiestatis

1824 2041 2081 2112 intonuit.
2138 2044 2399 2101 Dominus
2451 2059 2614 2116 super
2663 2060 2831 2115 aquas
2867 2047 3083 2102 multas.
3126 2046 3269 2102 Psal.
3299 2048 3412 2103 Vox

1824 2132 2037 2205 Domini
2060 2134 2116 2189 in
2143 2135 2361 2191 virtute.
2392 2152 2555 2207 usque
2584 2136 2653 2190 ad
2682 2135 2839 2206 [iacnt
2857 2136 3049 2208 psalmi
3069 2154 3186 2192 cum
3206 2137 3413 2194 Gloria.

1894 2221 2023 2279 Post
2076 2225 2189 2280 lucc
2245 2234 2427 2297 tangat
2487 2225 2622 2281 illud
2678 2242 2797 2281 cum
2850 2228 3143 2299 cltrysmate
3198 2247 3233 2283 a
3281 2229 3417 2302 foris

1821 2314 2030 2384 septies,
2057 2314 2200 2369 intus
2227 2327 2413 2386 quater
2440 2324 2486 2369 et
2526 2315 2667 2369 dicat
2696 2319 2833 2370 hanc
2867 2319 3157 2371 arationem
3186 2332 3205 2374 :
3231 2318 3421 2375 Omni-

1821 2415 2017 2477 potens
2034 2407 2367 2478 sempiterno
2391 2409 2550 2474 Deus,
2576 2408 2668 2479 qui
2690 2418 2817 2465 ante
2834 2425 3017 2465 arcam
3040 2409 3278 2473 l'tnderis.
3302 2421 3416 2469 etc.

1824 2509 1882 2553 ut
1908 2499 1962 2553 in
1986 2499 2306 2570 pontiﬁcali.

1899 2588 2045 2644 Tunc
2084 2600 2315 2662 ponatur
2353 2591 2407 2646 in
2454 2592 2750 2649 inccnsoria
2787 2593 2922 2666 ignis
2957 2605 3004 2650 et
3056 2595 3418 2651 tltimiamatus

1822 2692 1871 2737 et
1924 2683 2111 2747 mirra,
2157 2691 2207 2736 et
2246 2682 2479 2757 erigatur
2514 2685 2721 2754 signum
2761 2702 2919 2757 super
2947 2688 3323 2755 incensorium,
3363 2700 3418 2742 ut

1822 2783 1989 2829 totum
2027 2772 2178 2828 illum
2218 2773 2424 2844 fumum
2474 2775 2687 2847 colligat
2731 2787 2780 2831 et
2828 2778 3038 2833 dicatur
3085 2780 3369 2849 antiphana
3398 2821 3414 2836 .

1826 2864 1968 2921 Deus
2017 2865 2073 2920 in
2119 2873 2312 2922 sancto
2353 2864 2439 2921 via
2488 2874 2603 2933 tua,
2644 2871 2765 2938 quis
2809 2868 2953 2925 Deus
3004 2887 3233 2941 magnus
3281 2883 3423 2927 scut

1825 2958 1969 3013 Dens
1999 2966 2203 3013 noster.
2236 2955 2501 3013 Viderunt
2531 2968 2584 3014 lc
2610 2974 2765 3031 aqua:
2793 2959 2956 3016 Deus.
2982 2978 3143 3033 usque
3164 2964 3232 3016 ad
3260 2963 3421 3032 ﬁnem

1824 3048 2021 3121 psalmi
2047 3064 2169 3104 cum
2193 3048 2401 3106 Gloria.

1896 3142 2250 3212 Omnipotens
2298 3143 2616 3201 Dominator
2656 3146 2793 3218 Xpe,
2843 3161 2953 3218 quo
2993 3148 3291 3203 secundum
3336 3163 3423 3202 as-

182 3199 311 3256 Fiat
339 3199 455 3255 lucc
489 3201 805 3257 commixtio
831 3211 885 3257 et
919 3204 1262 3258 consecratio
1286 3204 1417 3259 salis
1469 3213 1523 3260 ct
1570 3219 1724 3277 aqua:
1751 3218 1797 3284 ρ
1827 3199 2152 3291 summan
2192 3236 2379 3291 carnis
2422 3199 2734 3293 ἀυτηλίειξίέ
2853 3199 3425 3303 Esaia

120 3288 174 3349 in
210 3291 435 3345 nomine
459 3287 636 3347 Patris
662 3301 717 3347 et
736 3291 858 3347 Filii
888 3304 942 3348 et
974 3292 1209 3363 Spiritus
1232 3294 1439 3350 Sancti.

521 3383 709 3439 Oratio
746 3398 860 3458 post
888 3388 1331 3445 cantmixtiancm.

193 3475 560 3548 Omnipotens
592 3485 795 3531 aeterne
819 3475 984 3544 Deus,
1016 3477 1107 3549 qui
1131 3478 1289 3533 nobis
1316 3494 1346 3533 a
1373 3486 1425 3533 te
1450 3478 1725 3534 conditam

119 3580 438 3629 creaturam
463 3586 619 3642 aqua:
652 3569 842 3626 vivida:
870 3570 1189 3636 distinxisti,
1216 3579 1276 3625 ut
1299 3570 1566 3642 liquorem
1591 3571 1727 3627 sim-

117 3663 324 3741 plicem
353 3662 422 3719 ad
448 3661 765 3731 lavacrum,
821 3660 1022 3718 salsam
1081 3660 1409 3716 soliditatem
1456 3662 1728 3732 przeberes

118 3762 190 3813 ad
226 3757 660 3823 condimentum,
680 3766 946 3828 quatenus
976 3762 1029 3809 et
1053 3754 1276 3811 sordida
1305 3762 1528 3826 possent
1558 3753 1723 3818 ablui,

120 3865 178 3907 et
202 3850 358 3905 fatua
383 3850 573 3916 imbui,
599 3866 707 3921 quo
733 3858 789 3906 et
814 3848 977 3905 noxia
1008 3847 1331 3904 tollerentur
1350 3856 1407 3902 ct
1446 3845 1728 3917 originalis

120 3943 498 4013 corrigerelut
522 3957 678 3997 error
698 3941 767 3996 ad
787 3941 930 3995 viam
962 3938 1177 3995 salutis.
1235 3936 1313 3993 Te
1354 3935 1513 3993 ollicii
1554 3937 1728 3991 nostri

122 4032 470 4088 iunctionem
494 4030 752 4086 immeriti
783 4030 1160 4102 deprecemur,
1219 4036 1281 4082 ut
1335 4028 1451 4082 haec
1500 4026 1628 4082 salis
1674 4035 1732 4082 et

119 4124 360 4197 aquatin
384 4133 475 4179 tuo
512 4121 731 4178 nomine
759 4120 904 4177 iacta
934 4119 1249 4192 permixtio,
1292 4118 1598 4174 clementia:
1627 4128 1731 4175 tua:

121 4222 280 4276 dono
319 4218 712 4284 sanctiﬁcctur,
759 4217 827 4273 ad
872 4215 1273 4289 puriﬁcandutn
1331 4216 1436 4271 hoc
1481 4215 1730 4271 ecclesia:

119 4312 374 4382 signum,
403 4310 657 4380 quodque
705 4308 1139 4364 ministerialiter
1176 4307 1451 4379 baptismo
1490 4323 1730 4365 commo-

118 4406 290 4467 dum,
320 4400 491 4471 culpa:
517 4400 799 4456 inimicum
832 4401 1113 4471 sapientia:
1136 4409 1347 4470 aptum,
1379 4399 1555 4455 errori
1586 4414 1727 4468 pra:-

119 4502 254 4549 stas
275 4491 587 4557 adversum,
653 4491 828 4547 sancti
884 4491 1123 4562 Spiritus
1173 4490 1249 4545 tui
1295 4490 1727 4545 sanctiﬁcatione

1831 3334 2124 3396 tempestas
2159 3327 2330 3382 maria
2366 3331 2789 3385 conturbasset:
2826 3338 2879 3385 te
2905 3331 3153 3401 protinus
3182 3331 3424 3386 excitato

1825 3425 1882 3472 et
1916 3418 2220 3487 imperante
2246 3418 2503 3474 dissiluit.
2543 3419 2622 3475 Tu
2656 3420 3069 3477 necessitatibus
3107 3421 3289 3493 populi
3321 3422 3420 3486 tui,

1827 3510 2096 3580 benignus
2121 3525 2402 3574 succurre,
2436 3520 2490 3565 tu
2516 3512 2618 3567 bac
2648 3512 3069 3568 tintinnabulum
3094 3513 3267 3568 sancti
3302 3511 3425 3584 Spi—

1828 3600 1968 3654 ritus
1996 3615 2117 3655 rore
2161 3598 2445 3670 perfunde,
2485 3610 2544 3656 ut
2590 3612 2714 3657 ante
2734 3603 2976 3659 sonitum
3016 3603 3164 3658 illius
3207 3619 3423 3673 semper

1828 3687 2002 3758 fugiat
2045 3688 2318 3754 inimicus,
2359 3689 2617 3744 invitetur
2653 3692 2721 3747 ad
2770 3692 2931 3747 ﬁdem
2983 3693 3213 3763 papulus
3244 3692 3423 3760 Xnus,

1829 3779 2044 3834 hostilis
2092 3788 2359 3835 terreatur
2403 3782 2697 3847 exercitus,
2744 3780 3082 3839 conlortetur
3114 3785 3169 3838 in
3197 3783 3425 3840 Domino

1827 3884 1926 3939 per
1959 3884 2084 3924 eum
2121 3867 2351 3939 populus
2380 3877 2657 3936 evocatus,
2689 3878 2853 3941 atque
2886 3872 3029 3927 sicut
3065 3889 3164 3943 per
3210 3874 3426 3930 Davidi-

1828 3976 1949 4016 cam
1985 3960 2267 4031 cytbaram
2309 3960 2613 4017 delectatus
2652 3962 2886 4032 desuper
2916 3963 3208 4019 descendat
3251 3962 3425 4036 Spiri-

1831 4057 1918 4104 tus
1961 4058 2213 4113 sanctus,
2262 4056 2425 4120 atque
2479 4058 2537 4105 ιιι
2591 4047 2844 4106 Samuele
2897 4051 3170 4123 crinigero
3223 4069 3424 4126 agnum

1830 4149 2105 4197 tnactante
2132 4141 2186 4196 in
2214 4141 2531 4198 holocausm
2559 4156 2658 4198 suo
2703 4157 2800 4199 rex
2839 4145 3030 4200 :eterni
3069 4145 3282 4216 imperii
3311 4146 3423 4201 l'ra-

1829 4249 1962 4303 gore
1989 4249 2243 4289 aurarum
2272 4234 2489 4291 turbam
2523 4234 2719 4305 repulit
2742 4234 3144 4305 adversantem,
3181 4238 3258 4295 ita
3292 4238 3422 4294 dum

1831 4325 1991 4396 hujus
2039 4326 2245 4383 vasculi
2286 4327 2499 4382 sonitus
2556 4327 2752 4384 transit
2798 4343 2896 4399 per
2939 4329 3125 4385 nubila
3179 4330 3424 4387 ecclesias

1829 4428 1937 4475 tute
1973 4429 2273 4476 conventus
2297 4421 2609 4478 consoletur
2627 4464 2642 4490 ,
2670 4438 2835 4479 manu
2864 4434 3154 4482 serventur
3178 4428 3422 4499 angelica

1788 4511 2033 4589 :l’ruges,
2077 4513 2417 4568 credentium
2461 4523 2672 4571 mentes
2719 4524 2778 4571 et
2822 4532 3048 4587 corpora
3090 4517 3263 4574 salvet
3298 4534 3423 4589 pro-

120 4582 338 4641 reddas
379 4582 801 4648 sanctiﬁcatum,
852 4597 956 4638 nec
1003 4581 1114 4636 ulla
1161 4580 1413 4674 contagio
1468 4581 1728 4674 reddatur
1755 4576 1804 4637 ι)
1837 4576 2000 4660 “alio
2024 4604 2375 4674 sempiterna,
2407 4602 2513 4659 per
2541 4613 2593 4659 ιο
2624 4604 2876 4661 salvam,
2902 4576 3110 4662 ἥψησε,

120 4673 477 4739 inmundum,
503 4674 647 4745 quod
671 4682 762 4728 tua
784 4673 899 4728 lieri
947 4673 1221 4729 credimus
1273 4671 1557 4741 majestate
1603 4671 1731 4727 bea-

121 4777 278 4831 tum,
304 4764 400 4822 sed
436 4768 508 4820 ita
547 4779 646 4836 per
682 4772 732 4820 te
756 4764 974 4836 plenum
1005 4765 1246 4835 praebeat
1281 4762 1730 4819 sanctiﬁcationis

118 4858 414 4923 ell’ectutn,
464 4863 527 4910 ut
559 4856 868 4927 ubicunque
899 4856 1155 4913 invocato
1188 4865 1279 4910 tuo
1309 4854 1529 4911 nomine
1564 4869 1727 4911 manu

122 4950 305 5005 fuerit
326 4949 608 5015 emissum,
666 4947 749 5004 vel
784 4947 944 5004 modo
989 4945 1231 5018 quolibet
1281 4954 1581 5002 assumtum
1633 4960 1729 5001 ex-

122 5042 313 5116 pulsis
340 5050 397 5096 et
435 5039 676 5113 explosis
723 5040 975 5096 omnibus
999 5040 1211 5095 insidiis
1240 5039 1531 5095 contrariae
1568 5046 1723 5107 pote-

124 5136 303 5192 statis
339 5151 445 5190 non
478 5134 653 5190 solum
680 5132 946 5191 diabolica
986 5133 1422 5191 machinamenta
1444 5147 1511 5188 ex
1536 5132 1724 5195 eodem

125 5227 261 5283 loco
296 5225 483 5298 fugata
513 5224 791 5293 deﬁciant,
838 5225 936 5281 sed
978 5225 1145 5281 etiam
1167 5233 1481 5281 sanctorum
1507 5224 1728 5296 angelo-

208 5341 367 5417 (204)
417 5338 650 5417 Cr_tecis__
673 5341 837 5417 μένῃς
885 5340 1155 5417 ὅς’γιασμός.
1185 5339 1386 5417 dicitur
1419 5338 1729 5417 benedictio

124 5429 300 5485 aqua;
346 5410 686 5485 baptismajis
716 5410 847 5485 olim
908 5410 975 5485 in
1009 5410 1311 5485 pervigilio,
1346 5411 1584 5485 ntt_t_tc_in
1610 5410 1727 5485 ipso

127 5479 230 5554 tli'c
257 5479 573 5554 Epiphaniae
602 5483 816 5554 Domini
843 5479 1186 5554 celebratur:
1201 5481 1316 5554 Vid.
1342 5489 1378 5536 t.
1403 5479 1723 5554 ll,Adisquis._

129 5553 208 5620 V,
231 5572 287 5610 c.
306 5551 376 5618 'l,
406 5570 461 5608 n.
488 5554 576 5618 l8,
606 5553 696 5609 ubi
747 5554 814 5609 de
841 5552 1012 5608 veteri
1058 5567 1159 5607 usu
1186 5552 1447 5608 solemnis
1472 5551 1728 5621 baptismi

130 5626 288 5695 apud
329 5638 429 5680 nos
452 5622 877 5695 etiaminlesto
905 5622 1217 5694 Epiphaniae
1232 5621 1451 5695 Domini
1471 5637 1536 5677 ac
1563 5622 1729 5695 bene-

132 5691 385 5750 dictione
430 5709 587 5765 aqua:
626 5691 1061 5765 hodierna,_cttitt
1097 5708 1202 5765 qua
1230 5694 1334 5748 hoc
1363 5692 1416 5747 in
1453 5691 1727 5765 nonnullis

135 5766 421 5820 convenit.
460 5762 664 5836 Locum
695 5765 768 5836 ibi
796 5779 852 5835 p.
896 5763 1002 5819 4'59
1032 5763 1093 5836 8ἶ
1118 5762 1495 5836 Cbrysostomi
1537 5762 1723 5816 attuli-
1755 5764 1765 5775 '

138 5851 271 5900 unus
297 5836 363 5893 de
384 5835 612 5893 miriﬁca
644 5833 980 5908 hujus—aqua:
1010 5833 1304 5893 inﬁdelium
1334 5833 1584 5891 domibus
1607 5848 1724 5890 scr-

1883 4692 2109 4749 MAJon
2142 4694 2293 4764 (204)
2333 4682 2741 4751 BENEDICTIO
2774 4695 2990 4764 AQUAS
3033 4696 3122 4751 ET
3162 4697 3380 4756 SALlS.

1836 4786 1945 4859 (Ex
1975 4786 2168 4843 Codice
2202 4804 2338 4860 msc.
2366 4784 2720 4860 Τήιοι-θέω.
2750 4787 2919 4860 Cresa
2940 4787 3166 4846 Vindalt.
3195 4807 3320 4848 swc.
3347 4808 3379 4849 κ
3401 4834 3418 4860 ,

2261 4857 2339 4912 vel
2366 4872 2442 4922 ιι,
2472 4874 2526 4912 n.
2554 4857 2676 4922 359,
2707 4858 2833 4913 olim
2854 4858 3003 4931 551.)

1904 4952 2049 5010 Deus
2084 4951 2140 5010 in
2188 4948 2514 5022 adjutorium
2558 4964 2738 5005 meum
2787 4951 3028 5020 intende,
3065 4971 3182 5009 cum
3210 4954 3416 5010 Gloria.

1834 5045 1899 5099 Α.
1928 5042 2057 5099 Haec
2082 5052 2165 5099 est
2199 5039 2497 5115 generatio.
2528 5038 2624 5096 Ps.
2661 5041 2871 5097 Domini
2901 5053 2985 5099 est
3026 5052 3186 5097 terra.
3214 5041 3418 5098 Aﬁ‘erte

1833 5135 2084 5195 Domino.
2121 5133 2320 5211 Ipsum.
2356 5131 2421 5193 Α.
2463 5130 2773 5188 Secundum
2817 5148 3067 5205 magnam
3108 5132 3418 5187 misericor-

1834 5227 2000 5284 diam.
2052 5224 2147 5282 Ps.
2197 5223 2455 5281 Miserere
2499 5225 2607 5280 mei
2665 5225 2807 5280 Deus
2845 5224 3165 5280 secundum.
3216 5220 3417 5277 Deinde

1834 5349 1982 5417 vane
2001 5340 2225 5417 virtute.
2244 5338 2408 5417 ‘ldem
2439 5346 2480 5393 t.
2505 5335 2806 5417 Vlll,gopp.
2841 5353 2894 5407 p.
2922 5334 3047 5397 455,
3074 5335 3418 5417 mariscam-

1835 5411 2015 5485 muni‘s
2037 5409 2299 5485 meminit,
2342 5424 2538 5485 manus
2577 5403 3036 5485 ante'ingr'essum
3060 5403 3307 5459 ecclesia:

1831 5482 2018 5547 vandi,
2071 5481 2140 5535 ad
2178 5495 2338 5550 quem
2374 5479 2446 5550 in
2479 5473 2852 5550 usum_l‘ontes
2898 5475 3109 5550 (eodem
3147 5490 3270 5527 cum
3294 5473 3415 5550 aliis

1834 5561 1972 5626 teste
2004 5544 2045 5626 ιτ
2073 5550 2159 5616 lll,
2182 5544 2237 5621 ᾗ.
2261 5549 2408 5626 289),
2436 5550 2504 5605 ad
2556 5548 2912 5626 ecclesiarum
2963 5546 3100 5626 atria
3132 5552 3291 5626 erant
3316 5544 3416 5626 (ta-

1831 5622 1936 5677 lem
1976 5612 2273 5677 etiamnum
2324 5612 2507 5674 videre
2534 5627 2617 5673 est
2666 5619 2719 5672 in
2763 5616 2939 5670 vicina
2974 5614 3132 5669 nobis
3170 5612 3411 5668 Ecclesia

1826 5694 2089 5763 primaria
2122 5688 2604 5763 Friburgensi)__uti
2632 5702 2778 5763 nunc
2802 5687 2870 5740 ad
2905 5686 3277 5763 aspersionem
3304 5684 3415 5739 sal-

1831 5757 1942 5817 ient
1984 5776 2115 5817 vasa
2160 5766 2299 5829 aqua
2324 5757 2629 5814 benedicta
2658 5757 2884 5828 repleta.
2932 5757 3253 5829 Perseverat
3282 5768 3413 5829 vero

1829 5849 1947 5890 tuas
1992 5825 2423 5887 lavandimanus
2465 5829 2516 5884 in
2554 5829 2667 5899 ipsa
2710 5825 2898 5900 synaxi
2941 5827 3008 5884 ab
3048 5825 3291 5884 ecclesiae
3319 5825 3408 5881 in-
