3902 5334
511 4592 534 4627 ‘3

586 394 725 464 tots

1410 387 1695 446 APPEND.
1740 382 1830 441 AD
1870 381 2037 438 SxEC.
2085 369 2243 433 X.——
2277 373 2704 431 NONUMENTA
2736 368 3011 429 LITURG.

3660 354 3755 431 tiu

589 520 857 579 Ieiunium.
898 513 1058 590 Kyrie
1079 512 1299 569 eleison.
1346 504 1683 579 cheleison.
1723 499 1839 572 Xp'e
1868 498 1988 554 audi
2036 512 2152 551 nos.
2185 470 2234 530 Α
2328 488 2467 542 Alia.
2501 486 2764 542 Exercizo
2802 493 2853 540 te
2899 467 3145 540 creatura
3187 466 3337 553 aqua:
3379 481 3431 537 in
3469 483 3663 541 nomine
3693 487 3763 543 υεί

593 617 697 672 Sca
726 613 892 668 Maria
921 625 1015 664 ora
1043 621 1141 678 pro
1164 602 1337 659 nobis.
1362 598 1560 655 Deinde
1578 595 1835 651 Dominus
1861 590 2153 646 vobiscum.

590 717 646 766 et
671 721 790 763 cum
818 702 1009 773 spiritu
1041 708 1164 754 tuo-

665 800 759 855 0r.
796 799 940 851 Deus
980 791 1131 862 cujus
1177 789 1396 858 antiqua
1435 784 1693 843 miracula
1726 782 1890 837 etiam
1927 780 1981 833 in
2012 776 2158 833 omni

592 892 785 950 saeculo
834 901 1120 943 coruscare
1171 883 1453 942 sentimus,
1489 878 1613 933 dum
1651 875 1794 945 quod
1836 872 1928 925 uni
1966 867 2159 939 populo

589 982 964 1056 persecutione
1013 976 1232 1048 Egypti
1279 964 1347 1028 ad
1394 968 1729 1025 liberandum
1780 964 2014 1018 dexterre
2056 967 2161 1013 tua:

588 1076 827 1146 polentia
855 1069 1149 1127 contulisti.
1180 1068 1236 1122 ld
1266 1066 1318 1120 in
1347 1063 1575 1119 salutem
1605 1056 1842 1129 gentium
1872 1067 1971 1123 per
2010 1064 2161 1119 aqum

522 1153 527 1158 ’
590 1163 1055 1238 regenerationem
1109 1156 1384 1229 operaris,
1434 1160 1630 1223 praesta
1680 1155 1737 1201 ut
1789 1146 1840 1200 in
1895 1139 2161 1197 llabraha:

592 1228 734 1315 filios
762 1266 817 1313 et
848 1256 899 1310 iu
946 1228 1374 1308 Hisraheliticam
1421 1242 1732 1314 dignitatem
1779 1235 1942 1290 totius
1977 1228 2160 1285 mundi

593 1358 835 1406 transeat
857 1343 1152 1416 plenitudo.
1185 1340 1287 1394 Per
1318 1336 1475 1390 Dnm.

661 1438 836 1494 Lectio
859 1410 1113 1501 Epistolas
1140 1428 1274 1484 beati
1303 1423 1461 1479 Pauli
1488 1428 1653 1490 apost.
1681 1416 1749 1470 ad
1776 1410 2090 1469 Corinthios.

665 1529 884 1586 Fratres
933 1525 1179 1580 nolumus
1235 1528 1412 1573 autem
1460 1528 1556 1569 vos
1606 1511 1853 1581 ignorare
1912 1500 2164 1572 quoniam

595 1629 778 1689 patres
828 1615 999 1673 nostri
1054 1625 1242 1666 omnes
1282 1608 1381 1662 sub
1431 1602 1572 1659 nube
1621 1600 1852 1657 fuerunt,
1887 1602 1942 1649 et
1977 1602 2168 1646 omnes

597 1726 747 1764 mare
771 1707 1119 1766 transierunt,
1153 1710 1206 1756 et
1233 1712 1420 1755 omnes
1448 1696 1498 1750 in
1524 1693 1704 1763 Moyse
1731 1684 1987 1758 baptizati
2018 1688 2162 1744 sunt,

579 1805 647 1876 in
708 1802 869 1865 nube,
915 1807 972 1853 et
1014 1797 1071 1851 in
1104 1794 1258 1855 mari,
1287 1799 1341 1846 et
1369 1801 1559 1844 omnes
1587 1779 1829 1839 eamdem
1857 1791 2035 1832 escam
2060 1773 2167 1843 spi-

596 1894 807 1949 ritalem
860 1889 1339 1946 manducaverunt,
1362 1890 1415 1936 et
1467 1891 1657 1932 omnes
1712 1870 1957 1928 eumdem
1979 1873 2164 1936 potum

582 1976 898 2056 ‘Spiritalem
946 1981 1216 2036 biberunt.
1264 1973 1525 2028 Bibebaut
1570 1976 1746 2022 autem
1797 1963 1864 2017 de
1915 1956 2166 2028 spiritali,

602 2080 963 2142 consequente
1013 2085 1105 2125 eos
1139 2054 1321 2139 petra,
1345 2071 1498 2133 petra
1536 2067 1712 2113 autem
1749 2062 1865 2110 erat
1901 2049 2167 2105 Christus.

601 2165 695 2220 ον.
724 2163 950 2233 Adjutor
977 2163 1029 2216 in
1060 2168 1310 2228 oportun.
1336 2156 1389 2224 ἲ.
1422 2153 1674 2223 quoniam
1702 2162 1806 2201 non
1835 2146 1887 2199 in
1917 2143 2098 2196 tinem.

1070 2250 1366 2307 Secundum
1395 2245 1703 2301 Matt/tcum.

667 2350 723 2404 ln
760 2347 849 2402 illo
898 2354 1137 2415 tempore
1177 2341 1304 2394 dixit
1353 2336 1510 2391 Jcsus
1565 2328 1841 2400 discipulis
1885 2325 2016 2381 suis.
2064 2319 2173 2375 Vos

597 2444 729 2496 estis
756 2440 834 2495 sal
876 2446 1034 2491 terra:
1074 2453 1087 2487 :
1120 2430 1260 2503 quod
1303 2430 1346 2484 si
1385 2427 1462 2483 sal
1510 2421 1806 2480 evanuerit,
1846 2416 1913 2471 ad
1948 2412 2172 2469 nihilum

598 2534 742 2585 valet
766 2530 901 2584 ultra
922 2570 936 2594 ,
966 2525 1068 2579 nisi
1100 2501 1159 2577 ut
1197 2521 1441 2575 mittatur
1477 2515 1627 2584 foras
1649 2519 1703 2565 et
1731 2506 2079 2563 conculcetur
2105 2501 2173 2556 ab

598 2622 927 2679 hominibus.
958 2619 1066 2673 Vos
1091 2614 1225 2671 estis
1253 2612 1344 2666 lux
1388 2606 1546 2675 hujus
1589 2600 1793 2658 mundi.
1838 2597 1952 2652 Non
1997 2601 2176 2667 potest

599 2715 790 2770 civitas
819 2707 1073 2765 abscondi
1096 2719 1256 2774 super
1285 2709 1521 2756 montem
1549 2694 1743 2767 posita.
1772 2689 1956 2759 Neque
1984 2700 2176 2741 acet-n-

598 2805 734 2859 dunt
763 2803 1059 2862 lucernam,
1091 2805 1145 2851 et
1168 2800 1377 2864 ponunt
1400 2804 1518 2845 eam
1550 2786 1650 2841 sub
1679 2780 1856 2838 modio
1890 2779 1983 2834 sed
2013 2789 2175 2845 supra

598 2895 1001 2955 candelabrum,
1034 2897 1095 2943 ut
1118 2887 1296 2940 luceat
1335 2881 1587 2937 omnibus
1622 2875 1712 2945 qui
1752 2874 1805 2928 in
1838 2872 1997 2926 domo
2027 2875 2172 2924 sunt.

601 2987 693 3041 Sic
730 2986 903 3039 luceat
944 2982 1034 3035 lux
1081 2985 1260 3032 vestra
1314 2973 1452 3027 bona
1511 2982 1691 3023 coram
1735 2960 2066 3023 hominibus,
2116 2965 2178 3012 ut

597 3078 819 3130 videant
856 3076 992 3128 bona
1045 3078 1224 3125 vestra
1278 3076 1465 3136 opera,
1505 3068 1560 3114 et
1616 3053 1917 3129 glorificent
1964 3052 2175 3106 Patrem

598 3177 860 3231 vestrum,
896 3165 986 3236 qui
1027 3170 1109 3219 est
1139 3161 1192 3215 in
1224 3157 1395 3214 cmlis.

1123 3261 1437 3305 BENEDICTIO
1474 3258 1646 3307 aqua.

970 3344 1220 3399 Dominus
1245 3338 1521 3394 vobiscum.
1557 3333 1799 3387 Oremus.

680 3438 944 3497 Exorcizo
973 3445 1022 3490 te
1053 3441 1303 3489 creatura
1337 3442 1491 3496 aqum
1520 3440 1615 3492 per
1648 3423 1812 3475 Deum
1840 3418 2017 3472 vivum
2038 3456 2052 3481 ,
2080 3428 2179 3486 per

604 3535 769 3590 Deum
814 3537 1083 3587 sanctum,
1131 3539 1227 3594 per
1276 3522 1443 3574 Deum
1494 3512 1656 3570 toti'us
1701 3519 1992 3574 creaturas,
2034 3515 2094 3562 ut
2128 3516 2180 3561 te

574 3610 856 3683 ‘untudam
898 3620 1156 3676 exhibeas
1206 3622 1395 3669 contra
1439 3623 1652 3663 omnem
1699 3604 1966 3666 morbum,
2018 3608 2179 3670 atque

560 3746 561 3749 η
604 3717 830 3772 insidias
881 3710 1105 3773 inimici,
1151 3716 1210 3760 ut
1251 3705 1557 3771 ubicunque
1608 3712 1829 3766 aspersa
1878 3693 2067 3755 fueris,
2110 3692 2182 3746 sit

601 3808 837 3879 propitio
859 3804 971 3859 Deo
1005 3803 1195 3856 domus
1225 3799 1340 3868 ipsa
1367 3795 1606 3855 defensa,
1639 3792 1777 3845 sicut
1804 3787 2035 3843 defensae
2062 3784 2181 3839 fue-

608 3908 736 3970 runt.
758 3899 947 3951 domus
975 3892 1321 3948 llebrmorum
1356 3901 1452 3955 per
1482 3883 1693 3953 signum
1728 3875 2009 3941 sanguinis
2035 3874 2179 3943 agni.

608 3992 699 4047 Sic
733 3966 1094 4043 defenduntur
1126 3979 1348 4034 Domine
1379 3974 1571 4029 domus
1600 3969 1921 4024 famulorum
1952 3963 2181 4019 famula-

608 4092 838 4148 rumque
881 4085 1095 4130 tuarum
1144 4084 1241 4139 per
1290 4064 1653 4135 aspersionem
1709 4057 1870 4125 hujus
1912 4070 2082 4124 aquae.
2124 4054 2182 4108 lu

608 4170 777 4241 ipsius
802 4165 1016 4220 nomine
1047 4172 1095 4213 te
1121 4158 1371 4211 cxorcizo
1395 4168 1552 4222 aqua,
1578 4150 1668 4219 qui
1694 4150 1858 4201 verbo
1883 4160 1980 4201 suo
2010 4144 2186 4199 fontes

608 4272 864 4314 emanare
914 4250 1188 4323 prmeepit.
1240 4247 1295 4299 lu
1348 4244 1513 4311 ipsius
1563 4240 1779 4294 nomine
1825 4248 1874 4291 te
1912 4235 2182 4298 cxorcizo,

609 4351 700 4419 qui
734 4347 870 4401 fiiios
902 4341 1066 4399 lsrael
1115 4352 1211 4408 per
1252 4334 1483 4390 medium
1515 4345 1665 4386 mare
1694 4330 1898 4385 eduxit.
1929 4327 1986 4382 In
2020 4327 2186 4397 ipsius

607 4439 828 4497 nomine
864 4445 915 4490 te
942 4432 1210 4495 exorcizo,
1244 4428 1334 4498 qui
1370 4440 1530 4496 super
1575 4435 1625 4479 te
1659 4422 1770 4478 suis
1813 4421 2035 4491 pedibus
2066 4434 2181 4473 am-

609 4528 833 4587 bulavit.
864 4527 918 4582 In
949 4522 1115 4595 ipsius
1143 4519 1361 4575 nomine
1393 4526 1444 4572 te
1470 4514 1738 4578 cxorcizo,
1769 4520 1925 4582 quem
1952 4510 2187 4567 Joannes
2217 4521 2266 4582 ι)

615 4625 671 4679 in
704 4630 755 4676 te
782 4615 1101 4690 baptizavit,
1137 4621 1197 4667 ut
1226 4609 1402 4665 omnis
1431 4607 1655 4677 spiritus
1678 4606 1899 4668 erroris,
1924 4612 1978 4657 et
2003 4615 2190 4656 omnes

2257 579 2432 634 Patris
2470 574 2885 645 omnipotentis,
2936 581 2990 628 et
3030 573 3084 628 in
3126 573 3341 628 nomine
3395 572 3599 628 Domini
3638 577 3764 631 nostri

2255 671 2380 727 Jesu
2411 669 2538 739 Xpi,
2573 678 2634 723 ut
2675 656 2851 723 omnis
2891 665 3200 720 immundus
3249 664 3469 734 spiritus
3509 674 3561 718 et
3582 665 3768 720 incursio

2259 763 2473 819 Satanm
2514 767 2792 832 separetur
2829 758 2896 812 ah
2939 758 3041 813 hac
3093 764 3336 831 creatura
3388 768 3554 825 aqum.
3590 746 3769 810 Proinde

2260 870 2388 925 ergo
2427 852 2638 909 efficere
2678 865 2815 917 aqua
2839 848 3144 904 exorcizata
3189 847 3254 901 ad
3284 844 3612 917 effugandum
3649 861 3770 900 omne

2259 947 2526 1002 fantasma
2557 944 2783 1007 inimici,
2812 943 2878 997 'et
2916 942 3089 1011 ipsum
3141 939 3419 995 inimicum
3462 939 3704 994 eradicare
3732 948 3772 993 et

2262 1039 2587 1109 explantare.
2615 1036 2671 1090 In
2704 1034 2922 1090 nomine
2959 1032 3050 1088 Dei
3071 1031 3249 1086 Patris
3272 1032 3654 1101 omnipotentis,
3675 1031 3770 1086 etin

2262 1127 2479 1201 nomine
2508 1125 2718 1180 Domini
2750 1123 2919 1179 nostri
2946 1122 3073 1178 Jesu
3104 1120 3229 1191 Xpi,
3255 1122 3347 1192 qui
3376 1129 3637 1176 venturus.

2333 1217 2473 1272 Alia.
2510 1215 2587 1272 τε
2613 1223 2794 1271 autem
2842 1220 3091 1270 creatura
3139 1228 3291 1283 aqum
3330 1211 3520 1280 adjuro
3542 1226 3627 1279 per
3651 1213 3774 1267 Deum

2262 1310 2466 1375 vivum,
2513 1322 2610 1378 per
2641 1308 2807 1362 Deum
2837 1314 3106 1370 sanctum,
3140 1320 3238 1376 per
3272 1319 3395 1359 eum
3429 1312 3482 1358 te
3507 1301 3687 1371 adjuro,
3710 1305 3774 1374 qni

2264 1409 2317 1455 te
2356 1401 2409 1454 in
2448 1399 2711 1470 principio
2761 1398 3031 1469 separavit
3076 1397 3143 1452 ab
3189 1396 3360 1450 arida.
3399 1394 3595 1463 Adjuro
3635 1405 3676 1449 te
3709 1412 3778 1465 per

2265 1491 2434 1547 Deum
2461 1492 2665 1559 vivum,
2698 1490 2789 1561 qui
2816 1489 2991 1546 fontes
3017 1488 3268 1561 paradysi
3292 1502 3544 1543 emanare
3563 1489 3775 1558 pmeepit,

2268 1592 2323 1640 et
2349 1584 2401 1640 ln
2433 1592 2664 1654 quatuor
2694 1581 3002 1638 t'tuminibus
3034 1582 3186 1637 exire
3211 1580 3397 1650 jussit,
3436 1587 3493 1634 et
3529 1590 3673 1635 totam
3697 1590 3775 1634 ter-

2269 1692 2385 1732 ram
2431 1677 2608 1747 rigare
2654 1677 2928 1747 praecepit.
2972 1675 3174 1743 Adiuro
3210 1685 3262 1731 te
3289 1691 3390 1747 per
3418 1691 3560 1739 eum,
3591 1675 3666 1744 qui
3686 1675 3779 1728 inte

2271 1767 2508 1822 Neaman
2531 1767 2725 1839 Syrum
2761 1783 2790 1821 a
2822 1781 2921 1822 sua
2944 1766 3092 1836 lepra
3119 1766 3424 1831 mundavit,
3452 1774 3506 1821 et
3531 1781 3619 1836 per
3639 1781 3779 1820 manus

2272 1855 2480 1913 Helisaei
2531 1858 2808 1927 propheta:
2856 1857 3172 1913 inmissione
3240 1856 3561 1912 dulcoravit.
3610 1855 3779 1910 Etiiccre

2270 1962 2398 2014 ergo
2424 1962 2561 2016 aqua
2591 1958 2800 2013 sancta,
2829 1962 2968 2017 aqua
2998 1946 3302 2011 benedicta,
3332 1961 3474 2016 aqua
3512 1945 3674 1999 lavsus
3694 1959 3779 1999 sor-

2271 2043 2387 2103 des.
2434 2050 2490 2095 et
2537 2040 2803 2095 mundans
2853 2046 3094 2109 peccata.
3143 2038 3351 2108 Adjuro
3412 2045 3465 2097 te
3522 2050 3612 2103 per
3659 2035 3781 2088 Deum

2269 2131 2472 2194 vivum,
2512 2140 2573 2185 ut
2606 2139 2657 2185 te
2689 2130 2945 2185 mundam
2970 2128 3248 2193 exhibeas,
3275 2142 3382 2183 nec.
3420 2127 3474 2182 in
3520 2134 3569 2181 te
3603 2126 3781 2193 aliquam

2271 2222 2557 2278 fantasiam
2604 2222 2871 2286 retineas;
2919 2222 3013 2276 sed
3054 2218 3303 2276 eﬂiciaris
3337 2218 3461 2275 fons
3486 2217 3781 2280 exorcizatus,

2271 2326 2331 2371 ut
2350 2316 2657 2387 ubicunque
2684 2330 2937 2385 aspersus
2964 2314 3152 2379 fueris,
3184 2313 3299 2369 sive
3343 2313 3401 2368 in
3431 2313 3603 2375 domo,
3630 2311 3719 2366 sive
3744 2310 3783 2364 in

2273 2407 2484 2479 angulis
2507 2407 2896 2471 cubiculorum,
2924 2405 3039 2461 sive
3068 2406 3122 2461 in
3152 2420 3312 2476 agro,
3350 2405 3468 2460 sive
3492 2417 3640 2472 super
3658 2401 3785 2457 humi.

2273 2515 2392 2565 nes,
2433 2500 2548 2555 sive
2575 2514 2738 2568 super
2781 2512 2999 2567 pecora,
3027 2496 3108 2552 vel
3129 2495 3404 2564 jumenta,
3433 2493 3517 2549 vel
3550 2494 3591 2548 si
3624 2492 3784 2562 quise:

2274 2600 2327 2647 te
2365 2592 2678 2663 gustaverit,
2726 2590 2825 2646 fias
2858 2589 2909 2644 ei
2944 2586 3344 2645 defensaculum
3378 2586 3525 2652 vitae,
3553 2583 3785 2640 remedium

2274 2685 2544 2741 sanitatis.
2573 2682 2691 2754 ipse
2728 2697 2944 2752 quoque
2983 2680 3225 2736 diabolus
3249 2681 3533 2750 etongetur
3564 2683 3615 2731 et
3635 2672 3784 2743 etinge-

2274 2786 2382 2839 tur,
2412 2786 2686 2845 tamquam
2714 2774 3021 2845 elongatum
3063 2780 3147 2827 est
3186 2772 3387 2827 caelum
3429 2786 3460 2825 a
3499 2778 3647 2832 terra,
3680 2765 3785 2819 lux:

2276 2867 2533 2931 tenebris,
2573 2864 2779 2935 justum
2834 2866 2902 2917 ab
2954 2862 3174 2930 iujusto,
3222 2862 3384 2918 dulce
3429 2861 3495 2914 ab
3536 2871 3711 2921 amaro,
3734 2855 3786 2908 sic

2274 2968 2559 3028 separetur
2604 2956 2693 3011 ille
2743 2955 2967 3025 spiritus
3016 2955 3324 3010 immundus
3357 2954 3429 3008 ab
3468 2950 3602 3007 omni
3626 2946 3786 3002 habita-

2278 3052 2424 3107 tione
2474 3049 2795 3104 famulorum
2850 3047 3285 3117 famularumque
3335 3045 3467 3107 Dei,
3511 3043 3590 3098 vel
3641 3038 3787 3095 abhis

2202 3171 2247 3233 ο
2278 3141 2431 3204 locis.
2485 3140 2575 3195 ubi
2762 3139 2903 3195 unda
2961 3154 3207 3209 respersa
3250 3137 3451 3201 fuerit,
3490 3151 3582 3207 per
3624 3133 3787 3187 verbum

2277 3242 2331 3290 et
2344 3234 2597 3289 virtutem
2626 3232 2838 3286 Domini
2861 3232 3033 3287 nostri
3058 3231 3184 3288 Jesu
3204 3231 3329 3301 Xpi.
3354 3231 3459 3298 Qui
3480 3238 3704 3286 venturus
3716 3232 3786 3280 est.

2808 3338 3123 3379 BENEDICTIO
3161 3339 3334 3388 Αρυιε.

2348 3416 2615 3473 Exorcizo
2641 3425 2695 3471 te
2726 3423 2975 3470 creatura
3014 3429 3167 3484 aqua:
3194 3415 3246 3469 in
3289 3415 3508 3470 nomine
3554 3413 3636 3469 Dei
3662 3410 3788 3465 Patris
3874 3410 3875 3427 λ

2279 3506 2684 3576 omnipotentis,
2716 3513 2772 3560 et
2806 3506 2858 3560 in
2898 3505 3116 3559 nomine
3153 3504 3362 3559 Domini
3406 3504 3571 3560 nostri
3594 3498 3786 3568 Jequpi

2278 3598 2401 3653 Filii
2444 3596 2578 3665 ejus,
2622 3607 2681 3651 ut
2714 3596 2812 3650 fias
2856 3610 2995 3664 aqua
3044 3595 3351 3650 exorcizata
3402 3596 3471 3650 ad
3518 3590 3786 3663 eﬂ‘ugandam

2280 3703 2493 3744 omnem
2548 3693 2865 3756 potestatem
2922 3685 3147 3740 inimici.
3213 3684 3280 3738 Et
3344 3684 3522 3754 ipsum
3576 3681 3786 3738 inimicum

2282 3780 2558 3837 eradicare
2583 3789 2639 3834 et
2662 3778 2974 3848 explantare
3002 3777 3181 3833 valeas
3205 3794 3326 3831 cum
3356 3777 3562 3848 angelis
3584 3775 3680 3829 suis
3701 3784 3790 3838 apo-
3874 3796 3875 3819 ἀ

2283 3870 2510 3926 staticis.
2539 3869 2643 3923 Per
2665 3868 2920 3923 virtutem
2948 3866 3163 3922 Domini
3207 3866 3382 3922 nostri
3417 3866 3540 3923 Jesu
3578 3864 3684 3934 Xpi.
3718 3858 3789 3926 Qui
3874 3872 3875 3934 ᾖ

2281 3974 2540 4019 venturus
2564 3968 2669 4016 est.

2357 4055 2496 4110 Alia.
2524 4056 2663 4110 Deus
2685 4053 2776 4123 qui
2804 4053 2869 4108 ad
2894 4053 3121 4109 salutem
3153 4053 3367 4109 humani
3392 4052 3599 4124 generis
3616 4045 3791 4103 maxima

2286 4162 2511 4218 quaeque
2531 4153 2888 4206 sacramenta,
2923 4154 3029 4199 etc.
3221 4147 3224 4151 ’
3874 4136 3875 4207 t

2813 4251 3131 4292 BENEDICTIO
3168 4226 3334 4288 suis.

2358 4330 2621 4386 Exorcizo
2650 4338 2702 4383 te
2731 4337 2977 4383 creatura
3016 4327 3147 4383 salis
3188 4341 3285 4397 per
3324 4313 3488 4382 Deum
3528 4323 3792 4386 vivum,ptr

2286 4422 2453 4477 Deum
2484 4434 2671 4475 verum
2699 4426 2804 4474 etc.
2920 4478 2924 4481 I

2814 4526 3129 4567 BENEDICTIO
3165 4524 3329 4565 SALIS.

2360 4605 2623 4661 Exorcizo
2664 4612 2716 4659 te
2746 4612 2992 4659 creatura
3041 4602 3170 4656 salis
3208 4615 3307 4669 per
3339 4599 3503 4654 Deum
3530 4592 3792 4657 vivu'm,pe!
3874 4612 3875 4635 ξ

618 4711 861 4769 fantasia
933 4711 1235 4764 daemonum
1285 4715 1374 4759 tua
1425 4702 1736 4772 aspersione
1785 4699 2089 4770 ell'ugentur
2138 4704 2193 4752 et
2290 4696 2456 4750 Deum
2486 4704 2888 4764 sanctum,per
2920 4694 3084 4747 Deum
3110 4684 3653 4755 totiuscreaturze,qui
3676 4690 3791 4748 teper

581 4808 951 4873 'separcutur.
998 4799 1100 4853 Per
1136 4798 1388 4851 virtutem
1437 4793 1646 4848 Domini
1690 4790 1859 4845 nostri
1914 4787 2041 4844 Jesu
2085 4787 2188 4857 Xpi

616 4895 708 4966 qui
742 4900 1001 4947 venturus
1027 4897 1109 4943 est
1129 4886 1392 4957 judicare.

621 5025 908 5058 ,ιηηηιυιιςα
953 5022 1186 5058 ncilnlna
1230 5021 1281 5058 in
1338 5027 1566 5058 utr-arma
1590 5014 1852 5058 Fonlncin.
1882 5023 1936 5058 ut
1970 5013 2036 5058 «l0
2066 5026 2189 5058 nm-

2290 4788 2575 4842 lleliszeum
2605 4786 2917 4855 pmphetam
2962 4784 3016 4838 in
3064 4796 3256 4852 aquam
3299 4780 3437 4835 mitti
3483 4775 3632 4845 jussit
3674 4780 3717 4823 ut
3733 4782 3788 4820 sa-

2293 4888 2514 4935 naretur
2527 4878 2781 4934 sterilitas
2796 4892 2969 4947 aquae,
2984 4875 3074 4945 qui
3089 4873 3264 4928 divina
3279 4887 3410 4927 voce
3428 4868 3534 4926 oris
3552 4865 3789 4924 suilucutus
3874 4874 3875 4951 ξ

2292 5010 2547 5058 hillnnius
2587 5027 2715 5058 smn-
2748 5027 2803 5058 ν-
2858 5008 3086 5058 Βρηρᾶ..
3114 5023 3168 5058 n.
3208 5008 3296 5058 5|.
3352 5004 3662 5058 luculentum
3697 5006 3789 5048 τετυ
