3962 6326
115 328 254 385 1045

1245 333 1651 391 BENEDICTIO
1678 336 1870 394 SALIS
1904 340 1992 395 ET
2022 341 2254 410 ΑρυιΕ.

3256 354 3395 414 1086

113 458 196 504 est
233 446 301 504 ad
327 447 618 520 discipulos
668 463 795 505 suos
847 448 1076 504 dicens:
1108 451 1215 507 Vos
1244 453 1375 507 estis
1404 453 1479 508 sal
1509 461 1667 507 terra:
1700 472 1712 508 :
1743 463 1791 523 Α
1822 456 2052 515 medium
2102 476 2265 532 super
2316 463 2453 519 hanc
2504 475 2810 522 creaturam
2863 468 2994 525 salis
3039 480 3094 526 et
3134 487 3305 543 aquae,
3337 484 3400 531 ut

117 541 209 610 qui
240 555 336 611 per
364 540 663 610 apostolum
690 557 846 597 suum
877 541 1098 597 Paulum
1122 543 1305 599 dicere
1344 545 1591 617 dignatus
1610 554 1716 613 est,

118 630 205 685 Sit
255 645 436 685 sermo
478 639 661 686 vester
702 631 979 702 sapientiae
1022 632 1136 689 sale
1172 634 1442 700 conditus,
1492 635 1719 705 ideoque

116 720 331 777 edicere
386 722 466 777 sal
495 724 857 791 exorcizatus,
933 725 997 780 ad
1043 728 1414 782 evacuandum
1446 735 1501 783 et
1538 728 1719 799 expel—

114 811 339 865 lendum
374 812 969 878 iniinicum,etomnem
985 817 1238 871 virtutem
1254 819 1555 886 putredinis
1580 819 1715 890 ejus.

112 900 172 955 ln
233 903 454 960 nomine
505 906 731 961 .Domini
776 908 946 963 nostri
994 909 1085 964 lhu
1138 909 1260 978 Xpi.
1311 911 1412 979 Qui
1455 921 1718 970 venturus

113 1002 203 1048 est
223 994 471 1065 judicare
512 996 664 1053 vivos
696 1006 749 1053 et
776 1008 1038 1055 mortuos.

190 1108 335 1165 Alia.
368 1110 602 1167 Benedic
646 1101 988 1184 omnipotens
1027 1115 1170 1171 Deus
1216 1116 1359 1172 hanc
1407 1126 1715 1175 creaturam

113 1204 251 1260 salis
289 1215 376 1260 tua
431 1206 810 1263 benedictione
859 1209 1067 1265 caelesti
1119 1210 1172 1264 in
1226 1212 1447 1266 nomine
1496 1213 1749 1268 Domini

112 1302 293 1355 nostri
322 1299 417 1356 lhu
455 1300 580 1371 Xpi,
617 1311 672 1356 et
718 1302 769 1358 in
807 1303 1002 1358 virtute
1040 1305 1210 1359 sancti
1250 1302 1487 1374 Spiritus
1517 1306 1614 1372 tui,
1645 1308 1712 1363 ad

112 1390 468 1463 effugandum
525 1393 837 1460 inimicum,
876 1411 1037 1465 quam
1083 1405 1137 1451 tu
1192 1395 1417 1452 Domine
1468 1399 1714 1454 sanctiﬁ-

113 1484 300 1538 cando
327 1483 655 1549 sanctiﬁces,
688 1494 741 1539 et
775 1485 1140 1540 benedicendo
1171 1486 1477 1551 benedica’s,
1510 1488 1713 1558 ﬁatque

112 1575 374 1631 omnibus
402 1576 792 1646 accipientibus
817 1576 1054 1646 perlecta
1092 1577 1356 1632 medicina
1389 1594 1714 1648 permanens

115 1665 176 1718 in
207 1664 505 1719 visceribus
550 1666 957 1720 summeutium.
1001 1666 1059 1720 In
1105 1665 1321 1721 nomine
1363 1667 1462 1723 Dni
1502 1669 1584 1723 nri
1616 1668 1711 1725 lhu

114 1755 249 1826 Xpi.
281 1755 381 1824 Qui
406 1766 666 1814 venturus
693 1765 795 1813 est.

1821 551 2124 622 ubicunque
2164 555 2557 625 intercesserit,
2589 559 2655 614 ad
2682 560 2875 616 animae
2912 569 2967 616 et
3001 564 3246 635 corporis
3271 580 3403 637 pru-

1820 642 1967 697 ﬁciat
1990 645 2295 701 sanitatem.
2325 647 2446 703 Per.

1890 736 2028 791 Alia.
2089 737 2319 795 [Eterne
2372 742 2598 799 Domine
2651 745 2793 802 Deus
2846 749 3189 821 omnipotens
3240 749 3404 809 ofﬁcii

1820 828 1987 881 nostri
2019 827 2292 885 iunctione
2324 833 2577 889 immeriti
2614 835 2991 907 deprecamur,
3028 850 3089 895 ut
3122 840 3236 897 haec
3274 842 3405 897 salis

1818 930 1873 973 et
1901 934 2055 990 aqua:
2078 924 2390 992 permixtio,
2417 928 2468 979 in
2503 927 2723 983 nomine
2752 929 3052 986 clementia:
3081 940 3185 987 tute
3207 934 3406 987 sancti-

1818 1012 2001 1078 ﬁcata,
2037 1030 2163 1069 eum
2216 1032 2313 1086 per
2359 1028 2573 1076 nostras
2619 1019 2785 1076 fuerit
2833 1038 3024 1078 manus
3065 1024 3285 1089 emissa,
3320 1023 3404 1079 vel

1818 1104 2055 1175 quolibet
2103 1108 2260 1162 modo
2301 1120 2561 1177 assumta,
2590 1115 2829 1183 expulsis
2866 1116 3078 1171 cunctis
3114 1115 3401 1171 machina-

1819 1198 2016 1253 mentis
2059 1198 2362 1254 daemonum
2412 1218 2479 1257 ex
2514 1205 2704 1261 eodem
2744 1205 2863 1261 loco
2903 1206 3084 1277 fugata
3122 1206 3402 1274 deﬁciant,

1816 1298 1870 1344 et
1896 1298 2207 1344 sanctorum
2238 1291 2553 1361 angelorum
2579 1295 2821 1351 custodia
2846 1311 3063 1368 semper
3091 1295 3221 1353 inibi
3245 1312 3403 1353 man-

1817 1394 1944 1434 sura
1970 1382 2253 1436 consistat.
2285 1382 2390 1437 Per
2424 1385 2584 1442 Dum.
2873 1435 2877 1438 .

1886 1471 2145 1527 Dominus
2194 1473 2490 1531 vobiscum.
2542 1479 2608 1533 Et
2651 1495 2775 1535 cum
2808 1480 3001 1552 spiritu
3037 1489 3147 1537 tuo.
3174 1479 3405 1539 Sursum

1814 1562 1999 1617 corda.
2036 1562 2307 1621 Habemus
2333 1567 2399 1621 ad
2429 1569 2739 1626 Dominum.
2774 1571 2993 1628 Gratias
3036 1588 3260 1645 agamus
3294 1573 3404 1630 Do-

1814 1656 1963 1712 mino
1997 1655 2109 1712 Deo
2136 1665 2344 1714 nostro.
2388 1659 2618 1731 Dignum
2651 1672 2707 1718 et
2734 1661 2942 1732 justum
2974 1673 3078 1723 est.

2450 1752 2700 1825 Prwfatit

195 1820 344 1903 Alie.
376 1849 518 1904 Deus
548 1850 859 1919 invisibilis,
890 1852 1030 1907 Deus
1055 1852 1468 1919 inmstimahilis,
1493 1855 1584 1926 qui
1617 1870 1713 1927 per
1742 1820 1791 1881 Β
1887 1842 2113 1900 nomine
2164 1844 2303 1901 Dells
2358 1846 2480 1902 cm“
2515 1858 2571 1902 θῑ
2620 1855 2803 1915 lenm,
2848 1850 3006 1921 (illius
3040 1852 3224 1908 νῖΐιιιῑῖ
3270 1853 3403 1909 ειη)-

110 1948 319 1993 cuncta
350 1937 574 1994 diffusus
613 1955 693 2007 es,
722 1942 974 2011 pietatem
1015 1951 1158 1997 tuam
1194 1952 1250 1998 et
1280 1944 1711 2001 misericordiam

111 2046 221 2100 per
244 2041 490 2086 sanetum
521 2041 575 2086 et
604 2034 957 2088 tremendum.
976 2034 1095 2089 Filii
1127 2036 1202 2091 tui
1229 2051 1423 2092 nomen
1447 2037 1716 2109 supplices

112 2123 499 2191 deprecamur,
535 2131 595 2177 ut
635 2139 798 2194 super
839 2124 980 2179 hanc
1029 2135 1334 2181 creaturam
1385 2127 1513 2182 salis
1551 2127 1716 2183 bene-

113 2212 414 2267 dictionem
442 2225 584 2267 tuam
614 2229 710 2285 per
738 2216 1035 2285 potentiam
1068 2216 1355 2273 invisibilis
1381 2218 1715 2289 Operationis

114 2306 399 2372 infundas,
445 2316 504 2361 ut
538 2308 807 2378 jumenta,
852 2323 973 2378 qua:
1014 2309 1429 2365 necessitatibus
1464 2310 1714 2367 humanis

113 2398 369 2454 tribucre
396 2398 648 2470 dignatus
677 2414 758 2464 es,
787 2415 910 2454 cum
946 2417 1014 2455 ex
1035 2400 1222 2455 eadem
1264 2402 1596 2470 acceperint,
1631 2401 1716 2457 vel

113 2496 482 2564 gustaverint,
514 2495 629 2551 haec
674 2495 982 2551 benedictio
1022 2503 1075 2550 et
1119 2495 1479 2550 sanctiﬁcatio
1514 2507 1602 2550 tua
1634 2495 1717 2551 in-

111 2587 250 2641 hesa
281 2586 489 2652 reddat,
518 2595 574 2640 et
610 2585 679 2641 ab
707 2587 856 2641 omni
885 2586 1222 2657 temptatoris
1258 2585 1477 2642 incursu
1510 2594 1562 2642 te
1590 2601 1718 2657 pro-

116 2688 342 2749 tegente
372 2678 662 2734 custodiat.
698 2678 761 2733 P.

845 2773 984 2828 Alia.

189 2866 520 2943 Immensam
552 2866 895 2923 clementiam
936 2876 1083 2924 tuam
1124 2869 1470 2941 omnipotens
1512 2878 1717 2926 aeterne

111 2958 266 3013 Deus
315 2958 595 3013 humiliter
649 2958 1034 3029 imploramus,
1092 2968 1154 3016 ut
1205 2961 1348 3017 hanc
1403 2970 1716 3017 creaturam

110 3049 272 3113 salis,
297 3064 458 3118 quam
502 3049 554 3103 in
594 3065 748 3104 usum
780 3050 995 3121 generis
1025 3052 1246 3106 humani
1281 3053 1519 3108 tribuisti
1549 3053 1714 3108 bene—

112 3140 308 3196 dicere
338 3148 393 3194 et
444 3141 788 3197 sanctilicare
845 3150 932 3196 tua
976 3142 1177 3211 pietate
1234 3143 1495 3214 digneris,
1543 3151 1603 3197 ut
1647 3143 1715 3198 sit

112 3228 374 3285 erunibus
403 3231 744 3286 sumentibus
778 3232 986 3287 sanitas
1025 3233 1220 3288 animai
1247 3242 1305 3288 et
1333 3233 1612 3304 corporis;
1660 3242 1720 3288 nt

112 3321 386 3393 quidquid
441 3338 506 3378 eo
554 3331 759 3378 tactum
811 3323 896 3378 vel
942 3339 1254 3395 respersum
1305 3324 1488 3391 fuerit,
1536 3333 1722 3380 careat

113 3411 274 3467 omni
317 3412 682 3481 immunditia,
727 3413 986 3485 omnique
1027 3415 1431 3486 impugnatione
1460 3416 1721 3487 spiritalis

112 3505 400 3575 nequitiae.
449 3504 571 3562 Per.
1188 3562 1199 3578 ,

476 3614 796 3655 ΒΕΝευιοτιο
834 3615 1088 3655 AMBOBUPJ
1120 3616 1241 3655 ΡΑιιι
1251 3616 1375 3655 ΤΙ-ΣΒ.

565 3687 667 3742 Hic
701 3689 870 3759 sumat
904 3698 982 3742 ter
1003 3699 1050 3742 et
1080 3688 1279 3742 miscet.

193 3777 341 3832 Deus
385 3778 470 3833 cui
520 3794 683 3848 super
729 3779 1020 3833 Cherubim
1072 3790 1127 3833 et
1171 3779 1458 3848 Seraphim
1500 3779 1719 3835 sublimi

113 3868 325 3922 throno
347 3867 555 3922 sedenti
584 3869 761 3924 omnis
786 3868 1125 3939 profunditas
1155 3870 1355 3941 abyssi,
1388 3870 1565 3925 omnis
1592 3870 1719 3925 lati-

115 3956 258 4009 tudo
316 3957 599 4026 perspicua
660 3967 762 4013 est.
818 3959 960 4013 Deus
1015 3957 1168 4027 cujus
1230 3959 1450 4015 aeternis
1512 3959 1719 4029 legibus

110 4047 305 4102 omnis
326 4056 517 4103 natura
543 4049 903 4105 concluditur.
931 4050 1074 4106 Deus
1096 4050 1251 4121 cujus
1276 4050 1538 4106 voluntati
1563 4051 1718 4122 quid-

111 4135 256 4206 quid
288 4137 494 4192 resistit
526 4136 804 4192 inﬁrmum
836 4148 951 4203 est,
991 4140 1253 4210 quidquid
1285 4141 1436 4194 saevit
1468 4140 1719 4195 inimicus

111 4238 173 4282 et
200 4227 511 4283 immundus
532 4228 755 4299 spiritus
780 4230 885 4283 tuis
905 4231 1247 4285 sermonibus
1263 4232 1463 4285 sanctis
1487 4232 1719 4287 evictum

111 4328 229 4374 est.
261 4319 406 4374 Deus
450 4320 541 4389 qui
582 4319 945 4390 malignorum
976 4320 1215 4375 destrnis
1245 4321 1409 4382 vires,
1445 4330 1497 4374 et
1528 4322 1720 4376 adver—

111 4412 307 4469 santia
339 4427 436 4481 per
470 4413 700 4469 famulos
730 4423 849 4468 tuos
882 4421 1269 4483 temptamenta
1309 4413 1512 4467 inimici
1542 4414 1723 4468 extin-

111 4505 269 4576 guis.
311 4504 387 4558 Te
417 4504 646 4559 Domine
674 4504 944 4574 supplices
984 4518 1296 4567 exoramus,
1332 4511 1391 4557 ut
1420 4503 1486 4557 ad
1529 4501 1715 4557 defen-
1749 4532 1797 4593 υ

111 4599 338 4654 sionem
366 4606 609 4652 nostram
652 4597 899 4667 placatus
940 4597 1190 4665 aspicias,
1220 4605 1273 4649 et
1310 4595 1439 4650 salis
1469 4604 1524 4649 et
1564 4610 1718 4664 aqua:

108 4686 290 4757 hujus
312 4694 618 4759 creaturam
646 4687 833 4756 gratia:
859 4696 961 4738 tuae
985 4685 1360 4739 benedictione
1387 4684 1715 4750 sanctiﬁces,

112 4787 181 4832 et.
227 4777 550 4831 necessariis
606 4775 1072 4844 puriﬁeationibns
1130 4774 1299 4829 facias
1345 4772 1613 4839 efﬁcaces,
1661 4781 1719 4827 ut

111 4867 390 4938 quidquid
451 4868 615 4922 fuerit
670 4867 880 4936 liquore
938 4867 1053 4936 ejus
1110 4884 1413 4938 aspersum,
1464 4870 1533 4924 ab
1567 4868 1715 4923 omni

113 4956 469 5010 immunditia
506 4957 792 5025 spirituum
842 4957 1241 5013 immundorum
1274 4974 1501 5013 vacuum
1536 4960 1629 5011 ﬁat
1660 4967 1716 5012 et

112 5045 381 5099 liberum.
414 5046 556 5100 Nihil
588 5046 659 5099 ibi
692 5047 997 5115 pestilentia
1032 5047 1357 5109 morbidum,
1401 5047 1534 5103 nihil
1559 5047 1718 5102 ullius

115 5150 229 5191 Icri
245 5139 359 5192 oris
379 5138 449 5192 sit
470 5139 793 5208 inquietum,
816 5157 975 5197 omne
999 5142 1104 5196 illic
1127 5143 1472 5208 daemonium,
1500 5157 1714 5198 onmem

113 5227 499 5282 adversariam
546 5241 869 5301 potestatem
930 5249 1026 5304 per
1080 5232 1238 5302 hujus
1291 5245 1554 5293 creaturae
1614 5245 1718 5292 tute

113 5319 261 5374 salis
291 5328 347 5373 et
371 5335 523 5390 aqum
546 5320 911 5391 aspersionem
943 5325 1252 5394 deprecatio
1283 5334 1384 5379 ture
1414 5326 1715 5382 invocatio-

113 5411 214 5465 nis
253 5410 505 5480 expellat.
549 5411 661 5467 Nec
708 5413 841 5468 ullas
880 5415 951 5469 ibi
1000 5415 1194 5471 diaboli
1238 5416 1718 5488 ministrorumun

104 5500 248 5570 ejus
291 5500 515 5558 insidias
563 5520 761 5560 nocere
800 5516 892 5560 aut
946 5505 1138 5563 laedere
1177 5509 1480 5578 permittas,
1521 5508 1609 5562 ubi
1651 5510 1718 5563 de

122 5603 225 5647 tuo
255 5594 457 5650 auxilio
485 5597 832 5665 prmsmnitur
851 5605 903 5652 et
932 5598 1100 5653 virtus
1124 5600 1199 5653 tui
1228 5599 1463 5654 nominis
1496 5599 1715 5653 invoca-

124 5694 243 5738 lur.
271 5684 395 5739 Per.
848 5743 852 5747 ,
1271 5678 1282 5691 ’

206 5774 345 5829 Alia.
375 5773 574 5830 Praesta
610 5793 913 5844 qna‘sunms
948 5779 1170 5834 Domine
1202 5788 1349 5835 tuum
1386 5777 1600 5835 salubre
1629 5793 1716 5833 rc-

1810 1931 1951 2002 jccta
2006 1943 2132 1989 sunt
2187 1937 2462 2002 universa,
2519 1936 2674 2008 cujus
2721 1938 2890 1996 verba
2939 1952 3229 2014 procurata
3277 1954 3407 1999 sunt

1815 2023 2029 2087 omnia,
2089 2024 2347 2081 submitte
2409 2026 2672 2097 Spiritum
2727 2039 2874 2085 tuum
2941 2043 3186 2088 sanctum
3243 2050 3407 2104 super

1817 2112 1955 2166 hanc
1983 2125 2289 2170 creaturam
2322 2132 2496 2189 aqum,
2551 2129 2609 2173 ut
2662 2120 2756 2174 ﬁat
2795 2137 2934 2191 aqua
2972 2123 3311 2179 sanctiﬁcata
3353 2124 3404 2180 in

1815 2205 2033 2259 nomine
2061 2206 2153 2262 Dei
2185 2207 2383 2275 Patris,
2424 2219 2482 2266 et
2506 2210 2649 2279 Filii,
2690 2221 2745 2268 et
2780 2213 3017 2284 Spiritus
3055 2216 3251 2272 sancti.
3286 2216 3407 2287 Ipsa

1816 2303 1869 2350 te
1905 2298 2156 2369 cognovit
2189 2299 2452 2355 altissima
2492 2302 2638 2357 salus
2673 2294 3050 2375 et‘respcctor
3079 2315 3202 2361 tuus
3242 2322 3403 2375 aqua.

1816 2390 1957 2463 Ergo
1999 2396 2231 2453 humiles
2258 2415 2567 2465 exoramus,
2601 2411 2659 2456 ut
2688 2403 2949 2459 exaudias
2993 2414 3048 2459 ct
3096 2405 3409 2461 miserearis

1815 2485 2070 2555 precibus
2107 2489 2328 2555 nostris,
2375 2499 2435 2544 ut
2476 2491 2782 2563 ubicunque
2820 2495 3150 2566 aspcrsionis
3180 2506 3233 2549 et
3262 2497 3408 2565 puri-

1817 2575 2085 2632 ﬁeationis
2117 2586 2167 2632 te
2189 2576 2415 2647 iubente
2440 2596 2660 2653 aspersa
2690 2583 2854 2639 fuerit
2879 2584 2995 2641 haec
3025 2600 3185 2656 aqua,
3211 2586 3411 2641 habeat

1815 2663 1889 2719 ibi
1938 2665 2131 2721 domus
2159 2668 2437 2738 gaudium,
2467 2686 2640 2742 spem,
2682 2674 2941 2729 honorem
2974 2685 3316 2746 perpetuum,
3350 2683 3410 2730 ιιι

1816 2756 1995 2812 omnis
2023 2758 2262 2814 malivoli
2303 2760 2505 2816 invidia
2536 2763 2840 2832 expellatur
2878 2774 2931 2820 ct
2982 2771 3285 2837 separetur,
3311 2780 3409 2835 per

1816 2850 2074 2905 virtutem
2117 2852 2327 2908 Domini
2380 2856 2551 2911 nostri
2594 2855 2721 2913 Jesu
2760 2857 2962 2913 Christi
2990 2873 3151 2929 quem
3186 2857 3412 2913 laudant

1816 2939 2011 3010 angeli,
2057 2950 2113 2997 et
2158 2958 2263 2997 non
2309 2953 2529 3000 cessant
2566 2946 2803 3001 clamare
2846 2946 3110 3003 dicentes.
3152 2946 3406 3014 Sanctus,

1818 3030 2071 3101 Sanctus,
2098 3032 2350 3102 Sanctus,
2385 3035 2646 3094 Dominus
2671 3038 2813 3094 Deus
2839 3038 3090 3094 sabaoth.

2493 3126 2738 3182 Oremus.

1744 3179 1791 3243 α
1889 3213 2183 3287 Praiceptis
2231 3217 2561 3274 salutaribus
2613 3218 2801 3274 moniti
2853 3230 2910 3275 et
2953 3218 3137 3276 divina
3187 3219 3409 3276 institu-

1820 3306 1967 3362 tione
1998 3307 2211 3363 l‘ormati
2253 3310 2518 3365 audemus
2549 3309 2751 3366 dicere.
2785 3310 2948 3367 Pater
2976 3320 3181 3368 noster.
3215 3311 3411 3366 Libera

1819 3414 1919 3454 nos
1949 3414 2257 3469 quaesumus
2281 3401 2505 3457 Domine
2540 3403 2607 3456 ab
2629 3403 2882 3457 omnibus
2907 3403 3066 3459 malis
3096 3403 3409 3475 praeteritis.

1817 3491 2208 3559 praesentibus,
2258 3499 2312 3546 et
2356 3491 2584 3555 futuris.
2635 3502 2692 3548 et
2742 3494 2955 3549 custodi
3005 3509 3103 3550 nos
3154 3495 3206 3549 in
3262 3496 3411 3551 onmi

1818 3593 1983 3647 opere
2019 3580 2180 3646 bono,
2208 3596 2306 3650 per
2335 3580 2684 3638 liberatorem
2718 3583 3005 3638 Dominum
3049 3592 3294 3638 nostrum
3322 3581 3413 3638 Jco

1818 3662 1937 3723 sum
1965 3669 2239 3725 Christum
2268 3669 2463 3729 Filium
2496 3682 2667 3742 tuum,
2701 3675 2792 3746 qui
2843 3683 3022 3731 tecum
3060 3675 3193 3730 vivit
3231 3685 3285 3730 et
3326 3692 3411 3731 rc-

1818 3771 1968 3831 gnat.
2001 3760 2172 3818 Credo
2201 3764 2252 3818 in
2282 3763 2471 3820 Deum.

2166 3869 2483 3910 BENEDICTIO
2518 3870 2772 3912 Αιωοιιυιι
2811 3872 3064 3914 ΡΛῙΠΤΕΠ.

1893 3941 2035 3997 Deus
2066 3943 2277 4000 invicta:
2306 3945 2526 4002 virtutis
2551 3955 2763 4014 auctor,
2796 3956 2850 4004 et
2883 3949 3209 4021 insuperalis
3239 3951 3417 4024 impe-

1820 4035 1886 4090 rii
1918 4034 2032 4091 Rex
2058 4046 2165 4092 etc.

2104 4144 2425 4186 BENEDICTIO
2456 4146 2623 4187 MINOR
2658 4146 2805 4187 εΑιιε
2843 4148 2913 4189 ΕΤ
2948 4149 3124 4198 ΔΩυιΕο

1885 4220 2151 4277 Exoreizo
2182 4236 2232 4278 te
2262 4230 2509 4279 creatura
2548 4226 2679 4282 salis
2718 4242 2819 4297 per
2856 4227 3026 4283 Deum
3067 4229 3269 4297 vivum,
3310 4246 3411 4301 per

1816 4312 1991 4385 Deum
2019 4329 2231 4379 verum,
2252 4330 2351 4385 per
2384 4316 2553 4371 Deum
2574 4327 2848 4386 sanctum,
2878 4334 2977 4390 per
3002 4319 3290 4377 Dominum
3313 4322 3410 4393 qui

1822 4411 1874 4457 te
1903 4419 2000 4474 per
2027 4404 2314 4461 Helisaeum
2339 4416 2447 4463 etc.

2095 4495 2501 4556 BENEDICTIO
2540 4499 2736 4557 SALIS
2776 4501 2864 4557 ET
2901 4501 3139 4570 AQUxE.

1994 4584 2095 4653 (Ex
2127 4602 2227 4640 ms.
2257 4583 2416 4641 Vind.
2454 4588 2533 4643 th.
2563 4589 2691 4654 277,
2722 4605 2847 4645 saec.
2880 4606 2957 4646 xu
2990 4592 3074 4647 vel
3106 4593 3248 4665 xm.)

1899 4676 2039 4731 Deus
2089 4677 2140 4732 in
2200 4677 2524 4747 adjutorium
2573 4696 2753 4735 meum
2796 4670 3038 4740 intende.
3084 4683 3312 4742 Domine
3345 4689 3414 4743 ad

1825 4764 2186 4834 adjuvandum
2230 4784 2317 4823 me
2370 4768 2585 4823 festina.
2626 4788 2744 4824 cum
2792 4758 2981 4850 Gloria
3038 4773 3208 4830 Patri.
3251 4776 3415 4848 Kyric

1824 4858 2047 4913 eleisou.
2082 4858 2199 4930 Xpe
2247 4859 2317 4915 el.
2365 4861 2528 4933 Kyrie
2568 4862 2637 4918 el.
2688 4864 2849 4919 Pater
2892 4877 3096 4923 noster.
3144 4869 3320 4925 Credo
3360 4871 3412 4927 iu

1825 4948 2009 5004 Deum.
2051 4950 2120 5004 Et
2155 4951 2350 5007 lelauia
2387 4955 2622 5025 sequitur
2664 4956 2710 5012 si
2751 4959 2845 5012 vis.
2890 4953 3205 5017 Benedictio
3248 4962 3410 5018 Salis.

1819 5032 2088 5098 l‘lxoreizo
2116 5054 2167 5099 tc
2191 5058 2437 5100 creatura
2467 5047 2596 5102 salis
2637 5047 2687 5101 in
2712 5050 2928 5104 nmnine
2961 5052 3051 5105 Dei
3092 5051 3412 5106 Patris-em-

1827 5136 2140 5205 nipotentis,
2172 5146 2225 5192 et
2266 5138 2316 5192 in
2348 5139 2576 5194 caritate
2607 5141 2703 5195 Dni
2735 5144 2817 5198 nri
2846 5142 2942 5198 lhu
2981 5126 3105 5219 ij,
3144 5153 3205 5198 et.
3230 5144 3413 5199 inviu—

1826 5236 1941 5284 tnte
1978 5229 2213 5299 Spiritus
2256 5232 2451 5287 sancti.
2493 5232 2759 5290 Exoreizo
2790 5243 2844 5289 te
2879 5251 2974 5305 per
3005 5235 3175 5289 Deum
3206 5235 3409 5300 vivum,

1824 5334 1923 5388 per
1954 5320 2121 5374 Deum
2156 5335 2367 5387 verum,
2398 5323 2489 5392 qui
2522 5331 2574 5378 te
2604 5324 2670 5377 ad
2703 5323 2921 5378 tutelam
2949 5324 3170 5378 humani
3196 5326 3413 5391 generis

1822 5412 2149 5482 procreavit,
2195 5421 2249 5467 et
2291 5414 2488 5483 populo
2531 5415 2766 5470 venienti
2806 5416 2873 5469 ad
2897 5415 3273 5471 credulitatem
3313 5430 3412 5485 per

1821 5519 2008 5560 servos
2043 5521 2172 5561 suos
2218 5506 2523 5561 consecrari
2570 5508 2840 5577 praecepit.
2879 5506 3110 5562 Proin'de
3154 5525 3410 5579 rogamus

1823 5603 1874 5647 te
1904 5595 2016 5650 Due
2042 5597 2184 5652 Deus
2212 5605 2415 5661 noster,
2451 5606 2505 5650 ut
2538 5597 2655 5651 inec
2681 5607 2930 5652 creatura
2959 5598 3089 5653 salis
3113 5599 3164 5653 in
3189 5601 3409 5657 nomine

1822 5682 2109 5742 Trinitatis
2156 5687 2421 5742 eliiciatur
2466 5689 2704 5742 salutare
2739 5678 3138 5746 sacramentum
3178 5692 3245 5747 ad
3275 5693 3410 5748 ell'u-

1823 5777 2057 5847 gandmn
2109 5777 2386 5831 inimicum
2423 5793 2435 5828 :
2467 5777 2608 5846 quod
2654 5785 2717 5832 ltl‘
2751 5777 2975 5837 Domine
3015 5782 3405 5843 sanetiﬁeando
