3962 6326
601 377 739 439 1047

1464 376 1753 433 APPEND.
1786 376 1876 429 AD
1916 373 2090 433 SA‘IC.
2124 373 2191 435 Χ.
2228 403 2295 415 --
2333 374 2766 441 ΜΟΝΗΜΕΝΤΑ
2806 376 3084 436 ιιτυιιρ.

3674 389 3770 452 1048

600 494 925 557 sanetilices,
951 500 1002 546 et
1027 490 1391 549 benedicendo
1421 489 1727 555 benedicas,
1744 496 1802 544 ut
1824 488 1916 543 ﬁat
1935 487 2185 543 omnibus
2212 497 2260 556 Α
2288 503 2433 543 eum.
2481 487 2549 544 Et
2576 504 2699 545 cum
2726 491 2920 566 spiritu
2960 502 3071 549 tuo.
3111 491 3334 548 Sursum
3375 496 3543 550 corda.
3573 497 3772 560 Habemus

601 584 991 657 accipientibus
1002 582 1240 652 perfecta
1259 581 1523 637 medicina
1543 596 1866 650 permanens
1888 581 1942 635 in
1961 579 2186 637 visceri-

601 677 705 733 bus
724 690 913 731 eorum
937 676 989 728 in
1019 673 1236 729 nomine
1266 674 1366 730 Dni
1395 675 1483 729 nri
1508 673 1600 729 lhu
1633 672 1755 745 Xpi.
1780 673 1884 742 Qui
1906 682 2183 729 venturus.

672 763 847 819 Lectio
878 764 998 819 libri
1032 762 1250 836 Regum.
1289 763 1347 818 In
1389 763 1577 819 diebus
1620 764 1744 821 illis.
1783 764 2049 818 Dixerunt
2084 762 2187 829 viri

602 858 837 917 civitatis
864 859 933 913 ad
966 857 1273 929 llelyseunt.
1307 857 1447 914 Ecce
1471 857 1736 912 habitatio
1768 858 2004 914 civitatis
2027 858 2187 928 hujus

601 947 805 1019 optima
829 957 934 1013 est,
980 948 1122 1003 sicut
1163 956 1218 1004 tu
1263 947 1378 1017 ipse
1414 948 1700 1019 perspicis,
1724 949 1816 1003 sed
1849 964 2002 1019 aqua:
2034 964 2186 1003 ama-

601 1039 833 1094 rissinue
881 1045 1029 1105 sunt,
1082 1047 1138 1093 et
1187 1048 1330 1095 terra
1359 1038 1582 1094 sterilis.
1614 1039 1685 1094 At
1720 1038 1809 1094 ille
1846 1039 1924 1094 ait
1947 1057 1961 1095 :
1984 1038 2197 1095 Aﬁ'erte

600 1131 736 1186 mihi
764 1146 860 1187 vas
889 1146 1107 1195 novum,
1153 1140 1211 1187 et
1261 1131 1457 1186 mittite
1495 1130 1548 1186 in
1590 1131 1720 1186 illud
1757 1131 1858 1187 sal.
1885 1132 2039 1200 Quod
2063 1148 2188 1187 cum

602 1220 935 1288 attulissent,
982 1236 1234 1296 egressus
1281 1223 1349 1276 ad
1391 1219 1597 1276 fontem
1644 1238 1907 1293 aquarum
1939 1222 2087 1289 misit
2131 1224 2188 1284 in

600 1328 725 1369 eum
755 1313 835 1369 sal
855 1353 870 1380 ,
896 1321 951 1369 et
977 1315 1054 1369 ait
1082 1331 1094 1367 :
1130 1312 1254 1369 Haec
1288 1313 1423 1369 dicit
1448 1298 1751 1369 Dominus:
1793 1313 1992 1370 Sanavi
2018 1330 2188 1385 aquas

602 1411 727 1475 has,
758 1419 814 1467 et
843 1424 951 1465 non
981 1409 1090 1467 erit
1122 1410 1177 1464 in
1202 1408 1284 1467 eis
1322 1408 1461 1463 ultra
1488 1423 1655 1472 mors,
1690 1422 1867 1479 neque
1905 1409 2186 1466 sterilitas.

603 1499 821 1555 Sanataa
848 1507 975 1554 sunt
1015 1512 1145 1569 ergo
1182 1513 1337 1568 aqua:
1368 1513 1538 1567 usque
1568 1497 1636 1552 ad
1686 1497 1829 1553 diem
1864 1502 2003 1553 banc
2034 1498 2189 1569 juxta

602 1592 831 1647 verbum
890 1590 1131 1662 Helysei,
1183 1590 1325 1661 quod
1371 1589 1583 1651 locutus
1627 1599 1731 1645 est.
1765 1589 2063 1647 Secundum
2101 1589 2192 1644 Jo-

602 1688 729 1741 ltan.
763 1681 933 1754 (205).
976 1681 1033 1737 ιιι
1063 1679 1152 1735 illo
1204 1691 1462 1751 tempore.
1524 1678 1666 1734 Vidit
1700 1678 1974 1735 Jobannes
2004 1678 2189 1735 Iesum

597 1774 1006 1839 venientemad
1050 1788 1111 1837 se
1150 1781 1206 1829 et
1243 1774 1321 1826 ait
1354 1790 1367 1825 :
1403 1772 1542 1833 Ecce
1575 1772 1760 1842 Agnus
1789 1770 1907 1835 Dei,
1942 1784 2069 1825 ecce
2097 1771 2188 1841 qui

2287 581 2354 634 ad
2380 580 2684 635 Dominum.
2715 581 2935 640 Gratias
2976 598 3201 656 agamus
3242 585 3461 651 Domino
3491 587 3590 645 Deo
3626 605 3769 652 uestro.

2287 668 2518 742 Dignum
2551 678 2604 725 et
2619 670 2824 741 justum
2857 682 2962 731 est.

2927 762 3207 835 Prtefatio.

2362 857 2471 913 Ἣ).
2517 867 2575 916 et
2616 858 2827 930 justum
2869 867 2955 915 est
3004 874 3225 930 mquam
3267 869 3323 916 et
3357 861 3577 919 sabrtare
3601 878 3680 920 nos
3714 868 3780 921 tibi

2287 960 2502 1018 semper
2545 956 2598 1004 et
2644 948 2845 1021 ubique
2892 948 3096 1020 gratias
3137 964 3300 1021 agere
3347 951 3458 1006 Due
3483 950 3609 1008 Deus
3632 954 3781 1010 cretici

2290 1047 2471 1103 terne,
2531 1039 2688 1109 cujus
2737 1039 2927 1094 virtuti
2975 1038 3190 1096 subdita
3236 1050 3363 1096 sunt
3393 1042 3637 1107 universa,
3677 1045 3781 1114 cujus

2288 1130 2456 1186 verbo
2480 1138 2765 1202 procreata
2800 1139 2931 1187 sunt
2972 1131 3193 1199 omnia;
3232 1133 3632 1205 supermittendo
3654 1151 3784 1208 super-

2289 1221 2446 1278 mitte
2504 1221 2767 1293 Spiritum
2824 1229 3074 1283 sanetum
3148 1238 3311 1295 super
3371 1225 3507 1282 hanc
3556 1236 3783 1281 creaturar-

2291 1328 2464 1384 aquae,
2490 1324 2548 1368 ιιι
2570 1314 2664 1370 ﬁat
2709 1329 2852 1385 aqua
2894 1315 3234 1371 sanctiﬁcata
3263 1316 3316 1372 in
3350 1318 3558 1375 nomine
3581 1317 3787 1385 Patriset

2290 1403 2435 1468 Filii,
2467 1412 2521 1459 et
2551 1404 2787 1476 Spiritus
2820 1406 3017 1462 sancti.
3063 1406 3183 1478 Ipsa
3217 1415 3269 1463 te
3294 1418 3576 1479 cognoscat
3596 1409 3786 1465 altissima

2292 1493 2436 1550 salus
2461 1503 2515 1550 et
2548 1504 2825 1564 respector
2848 1504 3165 1568 perpetuus.
3199 1498 3281 1554 Ad
3308 1514 3467 1570 quem
3497 1499 3691 1555 humiles
3705 1516 3788 1554 ora-

2292 1601 2413 1641 mus
2433 1593 2488 1640 et
2515 1586 2771 1656 petimus,
2803 1594 2863 1641 ut
2887 1588 3148 1643 exaudias
3178 1596 3235 1645 et
3276 1588 3577 1645 miserearis
3599 1590 3785 1659 precibus

2294 1677 2517 1743 nostris,
2544 1687 2602 1732 ut
2632 1678 2941 1749 ubicunque
2972 1680 3302 1752 aspersionis
3350 1691 3405 1738 et
3433 1682 3790 1753 purgationis,te

2287 1769 2532 1840 jubente,
2556 1786 2776 1844 aspersa
2803 1771 2972 1828 fuerit
2999 1774 3116 1831 haec
3150 1789 3311 1846 aqua,
3345 1775 3537 1830 habeat
3557 1774 3713 1830 domus
3734 1776 3792 1829 illa

600 1865 741 1921 tollit
785 1873 1005 1936 peccata
1063 1864 1267 1918 mundi.
1322 1863 1420 1919 llic
1466 1872 1549 1919 est
1597 1862 1741 1918 enim
1769 1862 1836 1918 de
1887 1876 1996 1932 quo
2022 1861 2134 1917 dixi
2168 1879 2184 1917 :
2216 1848 2263 1909 Β
2290 1861 2569 1933 gaudium,
2609 1877 2780 1932 spem.
2825 1863 3200 1934 honoremque
3238 1873 3571 1936 perpetuum,
3596 1874 3645 1917 ut
3664 1880 3794 1917 omnes

599 1958 733 2014 Post
762 1974 848 2014 me
871 1958 1019 2017 venit
1043 1959 1148 2023 vir,
1173 1957 1264 2033 qui
1295 1965 1421 2011 ante
1446 1969 1531 2010 me
1557 1955 1734 2017 factus
1753 1964 1857 2020 est,
1881 1955 2008 2024 quia
2038 1954 2186 2023 prior

601 2066 692 2106 ine
718 2061 857 2118 erat,
886 2059 941 2106 et
968 2065 1069 2122 ego
1097 2050 1401 2105 nesciebam
1423 2064 1567 2103 CIIII].
1596 2046 1701 2102 Sed
1724 2056 1784 2106 ut
1810 2046 2186 2102 manifestare-

603 2149 695 2195 tur
720 2140 773 2195 in
808 2139 999 2207 Israel,
1050 2151 1335 2211 propterea
1370 2139 1489 2192 veni
1534 2138 1584 2193 in
1614 2152 1759 2207 aqua
1781 2138 2085 2208 baptizans.
2118 2137 2187 2192 Et

604 2232 976 2288 testimonium
1020 2231 1297 2301 perhibuit
1329 2228 1604 2284 Johannes
1644 2228 1830 2284 dicens
1862 2247 1874 2282 :
1912 2227 2051 2296 Quia
2079 2228 2187 2285 vidi

605 2321 871 2393 Spiritum
899 2322 1316 2379 descendentem
1338 2322 1494 2393 quasi
1526 2320 1829 2376 columbam
1853 2322 1919 2376 de
1947 2321 2105 2389 caelo,
2132 2330 2192 2378 et

602 2413 810 2469 mansit
856 2427 1021 2484 super
1070 2428 1215 2467 eum.
1255 2412 1361 2468 Sed
1389 2412 1481 2483 qui
1539 2412 1686 2468 misit
1709 2428 1797 2468 me
1825 2412 2110 2483 baptizare
2132 2414 2184 2468 in

603 2520 767 2574 aqua,
798 2502 888 2563 ille
918 2503 1047 2558 mihi
1079 2502 1217 2557 dixit
1251 2520 1264 2557 :
1294 2502 1468 2573 Super
1493 2516 1656 2573 quem
1695 2501 1896 2557 videris
1925 2500 2189 2573 Spiritum

603 2596 1019 2652 descendentem
1072 2609 1234 2663 super
1260 2587 1408 2654 enin,
1461 2593 1550 2648 hic
1585 2600 1691 2657 est,
1743 2592 1834 2661 qui
1875 2590 2114 2662 baptizat
2135 2592 2189 2648 in

607 2686 815 2755 Spiritu
865 2693 1071 2749 saneto.
1100 2685 1167 2739 Et
1212 2698 1312 2755 ego
1340 2684 1471 2746 vidi,
1502 2690 1557 2738 et
1606 2680 1977 2737 testimonium
2007 2682 2203 2752 perbio'

609 2777 726 2846 bni,
757 2777 883 2848 quia
912 2778 1001 2833 hic
1026 2785 1112 2833 est
1140 2777 1309 2832 Filius
1338 2775 1452 2830 Dei.

1136 2881 1454 2923 BENEDICTIO
1492 2881 1665 2930 aqua.

675 2959 941 3024 Exorcizo
972 2967 1026 3014 te
1062 2968 1312 3014 creatura
1343 2972 1496 3027 aquae
1518 2973 1617 3029 per
1663 2957 1833 3012 Deum
1861 2955 2065 3019 vivum,
2094 2970 2194 3029 per

603 3050 775 3107 Deum
796 3059 1063 3113 sanctum,
1093 3064 1192 3121 per
1221 3049 1389 3103 Deum
1423 3048 1588 3105 totius
1629 3046 1811 3104 saeculi
1862 3059 2189 3112 creatorem,

603 3153 667 3197 ut
720 3142 973 3198 mundam
1027 3149 1081 3205 te
1125 3141 1385 3201 exhibeas
1432 3150 1619 3196 contra
1674 3153 1890 3197 omnem
1942 3137 2192 3199 morbum

606 3240 781 3303 atque.
796 3230 1020 3286 insidias
1047 3229 1269 3292 inimici,
1297 3239 1355 3283 ut
1403 3229 1728 3298 ubicumque
1753 3241 1975 3299 aspersa
2002 3225 2192 3294 fueris,
2221 3206 2267 3270 (ἶ

607 3324 682 3380 sit
733 3322 967 3394 propitio
1009 3320 1119 3375 Deo
1146 3322 1367 3375 delensa
1399 3319 1591 3375 domus
1617 3318 1756 3390 ipsa,
1781 3319 1924 3375 sicut
1960 3314 2196 3373 defensae

606 3418 829 3472 fuerunt
876 3414 1067 3469 domus
1124 3412 1475 3467 Hebraeorum
1530 3424 1629 3482 per
1652 3408 1865 3483 signum
1916 3406 2198 3483 sanguinis

606 3506 841 3573 Christi,
876 3505 955 3567 sic
1017 3502 1338 3561 defendatur
1379 3501 1606 3558 Domine
1633 3501 1826 3556 domus
1870 3498 2197 3569 famulorum

606 3598 1041 3668 fanmlarumque
1060 3606 1293 3652 tuarum.
1315 3595 1373 3650 ιιι
1402 3594 1574 3664 ipsius
1597 3594 1817 3653 nomine
1846 3602 1898 3649 te
1921 3592 2195 3663 exorcizo,

607 3694 701 3763 qui
731 3692 870 3748 ﬁlios
896 3689 1064 3755 Israel
1114 3704 1211 3761 per
1242 3688 1482 3744 medium
1513 3702 1665 3744 mare
1704 3687 1910 3743 eduxit.
1942 3684 2000 3740 ln
2029 3685 2199 3757 ipsius

608 3783 829 3843 nomine
858 3789 911 3841 te
963 3779 1236 3842 cxorcizo,
1269 3777 1362 3856 qui
1398 3790 1560 3849 super
1592 3785 1643 3831 te
1689 3775 1917 3845 pedibus
1946 3774 2060 3829 suis
2084 3788 2199 3828 am-

606 3874 834 3932 bulavit.
866 3872 922 3927 in
968 3871 1138 3941 ipsius
1168 3869 1385 3926 nomine
1409 3876 1462 3923 te
1489 3866 1763 3933 exoreizo,
1794 3882 1955 3936 quem
2000 3864 2203 3921 Johan~

611 3981 708 4021 nes
749 3965 801 4018 in
847 3973 902 4027 te
953 3960 1271 4033 baptizavit,
1324 3967 1384 4014 ut
1426 3958 1605 4013 omnis
1634 3958 1859 4028 spiritus
1898 3955 2105 4011 erroris
2146 3963 2202 4011 et

610 4073 800 4113 tarmes
834 4055 1080 4111 fantasia:
1115 4054 1421 4118 dgemonum
1455 4065 1552 4122 per
1595 4049 1737 4104 hanc
1786 4064 1983 4119 aquam
2016 4061 2203 4118 asper-

611 4151 781 4207 sionis
807 4148 1113 4221 etfugentur
1158 4154 1214 4201 et
1243 4130 1566 4216 separentur
1604 4157 1701 4214 per
1744 4141 1885 4212 Xpm
1913 4142 2203 4197 Dominum

612 4258 757 4306 lll‘m,
789 4241 880 4310 qui
914 4246 1174 4299 venturus
1195 4245 1280 4291 est
1303 4234 1570 4305 judicare.

686 4331 827 4383 Alia.
876 4328 1083 4383 Praesta
1131 4325 1361 4382 Domine
1416 4332 1566 4378 tuum
1614 4322 1853 4378 salutare
1906 4321 2204 4379 remedium

613 4436 776 4493 super
806 4421 945 4475 hanc
983 4428 1288 4485 creaturam
1318 4417 1446 4483 salis
1496 4424 1553 4471 et
1588 4430 1761 4485 aqum,
1792 4424 1851 4469 ut
1900 4414 2206 4485 ubicunque

614 4513 1004 4579 intercesserit,
1032 4513 1099 4567 ad
1126 4512 1322 4568 innima:
1349 4519 1405 4565 et
1452 4510 1696 4582 corporis
1726 4508 1975 4583 proﬁciat
1998 4507 2206 4563 sanita-

615 4620 743 4665 tem.
778 4607 883 4663 Per
922 4608 1056 4662 Dntn
1083 4622 1225 4661 nrm.
1258 4602 1360 4659 Hic
1393 4605 1541 4674 arma
1571 4613 1649 4658 ter
1675 4603 1729 4656 in
1758 4602 1971 4655 martum
2011 4600 2201 4669 crucis,

613 4710 661 4755 et
690 4699 871 4753 misces
895 4697 1057 4753 salem
1081 4714 1129 4751 et
1150 4713 1364 4768 aquam,
1392 4704 1438 4749 et
1463 4694 1603 4748 dices
1625 4693 1706 4746 Itis
1728 4690 1911 4746 verbis.
2182 4766 2185 4769 Δ

686 4790 950 4845 Exoreizo
995 4798 1047 4842 te
1091 4796 1340 4844 creatura
1370 4786 1501 4841 salis
1528 4799 1627 4855 per
1668 4785 1837 4839 Deum
1864 4781 2068 4847 vivum,
2108 4780 2202 4853 qui

617 4891 671 4937 te
717 4896 813 4951 per
846 4878 1130 4933 Heliszeum
1158 4879 1476 4949 prophetam
1521 4878 1576 4932 in
1621 4893 1817 4949 aquam
1849 4876 1991 4933 mitti
2015 4876 2199 4946 jussit,

615 4970 708 5040 qui
761 4968 938 5025 divina
988 4984 1120 5022 voce
1168 4983 1263 5023 ore
1312 4983 1411 5023 suo
1455 4967 1669 5023 locutus
1694 4968 1870 5026 estad
1907 4968 2201 5041 discipulos

616 5076 767 5128 suos,
794 5060 978 5116 dicens
999 5081 1014 5124 ι
1033 5060 1141 5115 Vos
1164 5059 1296 5121 estis
1320 5060 1398 5114 sal
1431 5068 1612 5119 terrm.
1643 5058 1743 5128 Qui
1774 5075 1871 5130 per
1899 5058 2201 5130 apostolum

616 5148 841 5204 Paulum
877 5148 1014 5204 dixit
1057 5149 1166 5204 Cor
1195 5157 1432 5203 vestrum
1464 5148 1579 5203 sale
1607 5147 1887 5203 conditum
1916 5147 2022 5213 sit;
2055 5147 2204 5201 ideo-

615 5255 723 5310 que
748 5239 958 5295 edicere
989 5239 1067 5294 sal
1094 5240 1463 5317 exorciaatum
1486 5240 1551 5293 ad
1578 5238 1993 5310 expugnandum
2026 5238 2206 5292 inimi-

617 5348 742 5388 cum
792 5341 849 5390 et
889 5348 1106 5391 omnem
1139 5333 1419 5388 incursum
1453 5332 1714 5387 dmmnuis
1735 5347 1830 5403 per
1858 5331 2114 5386 virtutem
2150 5337 2207 5384 et

618 5439 818 5482 nomen
848 5424 949 5480 Βιιί
994 5426 1076 5480 nri
1115 5425 1207 5479 lhu
1255 5422 1380 5495 Xpi.
1413 5422 1514 5491 Qui
1544 5434 1801 5478 venturus
1830 5433 1916 5478 est
1957 5422 2205 5491 judicare

620 5518 899 5584 szeculum,
924 5526 981 5574 et
1016 5529 1068 5574 te
1113 5518 1331 5573 inimice
1358 5531 1456 5588 per
1505 5518 1704 5588 ignem.
1736 5515 1997 5573 Dominus
2020 5517 2204 5572 vobis-

692 5653 862 5737 (205)__
898 5654 1172 5737 Hodierna
1226 5654 1545 5737 benedictio
1584 5668 1739 5737 aqua:
1791 5653 1852 5737 in.
1901 5652 2201 5737 Epiphania

625 5722 959 5795 evangelium
976 5725 1155 5795 habet
1188 5725 1407 5794 quidem
1429 5725 1495 5781 de
1532 5722 1803 5794 baptismo
1825 5722 2073 5789 Joannis,
2107 5724 2201 5780 sed

629 5794 919 5857 Secundum
974 5794 1206 5862 Lucam;
1250 5795 1581 5853 concordant
1619 5810 1750 5852 vero
1782 5803 1892 5852 tres
1916 5804 2204 5867 sequentes

2290 1951 2526 2007 malivoli
2551 1963 2607 2008 et
2646 1953 2813 2010 invidi
2835 1954 3176 2025 expellantur
3202 1965 3259 2011 et
3302 1966 3624 2027 separentur.
3654 1955 3794 2010 lteram

2292 2053 2344 2099 te
2366 2044 2610 2115 alloquar
2637 2061 2799 2117 aqua,
2829 2048 2921 2117 qui
2949 2045 3088 2102 lucis
3127 2047 3533 2103 similitudinem
3562 2047 3712 2101 habes.
3742 2045 3793 2098 'l'u

2291 2138 2391 2192 sub
2418 2138 2575 2203 coelo,
2608 2147 2664 2192 tu
2693 2153 2855 2209 super
2902 2139 3122 2206 emtum,
3166 2148 3221 2194 tu
3247 2141 3352 2196 sub
3410 2148 3568 2203 terra,
3600 2148 3646 2193 tu
3681 2155 3795 2208 super

2293 2238 2513 2284 terram.
2546 2229 2723 2300 Super
2748 2239 2799 2285 te
2826 2229 3021 2286 invoco
3047 2245 3245 2286 nomen
3282 2239 3548 2295 sanctum,
3575 2240 3705 2299 atque
3728 2230 3794 2281 uii-

2293 2318 2459 2373 rabile
2484 2317 2600 2383 Dei,
2628 2318 2721 2388 qni
2749 2328 2799 2374 te
2816 2334 2911 2374 sua
2933 2319 3171 2389 potentia
3194 2320 3480 2391 suspendit
3503 2335 3644 2390 super
3664 2319 3797 2383 cuius,

2291 2409 2640 2482 congregavit
2664 2409 2717 2465 in
2759 2418 2928 2476 terra,
2952 2410 3171 2466 miscuit
3198 2411 3251 2465 in
3276 2410 3450 2465 mari:
3492 2411 3576 2480 qui
3601 2420 3643 2463 te
3661 2409 3797 2462 arrha-

2290 2500 2399 2565 nis,
2428 2510 2483 2555 et
2512 2500 2747 2570 limpidis
2778 2510 2941 2571 atque
2953 2499 3231 2557 velocibus
3259 2502 3440 2557 ventis
3470 2500 3637 2572 pluere
3660 2516 3800 2572 prece-

2292 2590 2393 2660 pit,
2415 2601 2468 2645 et
2499 2589 2567 2645 ad
2606 2605 2737 2646 usus
2784 2591 3063 2646 hominum
3100 2591 3282 2646 carnis
3327 2590 3592 2646 lavacrum
3618 2591 3800 2651 dedit,et

2293 2680 2599 2737 sitientibus
2620 2689 2806 2751 potum
2837 2681 3295 2749 subministravit,
3326 2698 3492 2754 super
3511 2698 3653 2753 quam
3685 2682 3798 2737 etiam

2295 2773 2531 2844 Spiritus
2572 2773 2786 2829 Domini
2831 2773 3112 2830 ferebatur
3155 2775 3260 2832 sed.
3314 2777 3603 2831 etiamnum
3663 2773 3799 2830 fertur.

2294 2864 2500 2935 Adjuro
2528 2874 2581 2920 te
2628 2881 2725 2936 per
2763 2880 2954 2921 vocem
2988 2865 3215 2921 tonitrui
3255 2858 3632 2930 corruscantis,
3656 2874 3698 2919 et
3734 2879 3797 2935 per

2293 2956 2551 3011 virtutem
2604 2957 2869 3012 tremendi
2920 2956 3161 3013 caelestis
3205 2940 3373 3029 regis.
3429 2957 3618 3027 Adiuro
3661 2965 3702 3010 te
3741 2970 3803 3025 per

2295 3045 2499 3117 lignum
2522 3047 2788 3119 mysterii,
2809 3047 2875 3103 de
2898 3063 3007 3118 quo
3041 3063 3181 3118 aqua
3210 3063 3473 3119 percussa
3501 3047 3663 3104 statim
3684 3045 3803 3100 dulcis

2297 3136 2441 3195 facta
2468 3147 2571 3194 est.
2599 3137 2804 3210 Adjuro
2825 3149 2878 3194 te
2906 3154 3004 3210 per
3022 3153 3171 3204 eum,
3198 3140 3293 3211 qui
3339 3139 3520 3195 omnia
3556 3138 3737 3199 creavit,
3757 3150 3800 3190 ue

2298 3238 2656 3299 contempnas
2696 3244 2885 3285 vocem
2933 3229 3261 3286 humilitatis
3299 3247 3458 3297 meae,
3501 3232 3588 3287 sed
3634 3228 3806 3300 expelles

2297 3338 2516 3380 omnem
2542 3324 2810 3388 umbram,
2843 3338 3060 3379 omnem
3083 3332 3361 3391 satanam,
3389 3333 3443 3381 et
3462 3339 3635 3382 omnes
3662 3323 3804 3378 machi-

2299 3421 2551 3479 nationes
2574 3422 2870 3479 diabolicas
2890 3424 3180 3495 spirituum
3199 3425 3597 3483 immundorum
3618 3425 3709 3482 sive
3726 3422 3803 3477 bio-

2301 3511 2606 3576 thanatum,
2634 3511 2784 3585 (206)
2808 3514 2925 3570 sive
2952 3516 3277 3582 errantium,
3310 3515 3427 3572 sive
3459 3530 3524 3571 ex
3552 3513 3807 3571 invocatione

2299 3605 2522 3676 magicae
2534 3606 2684 3670 artis,
2702 3606 2816 3662 sive
2824 3615 3280 3677 przecantatorum
3294 3616 3621 3679 argunrenta,
3634 3605 3808 3662 sivedra-

2301 3711 2521 3763 conum,
2543 3699 2658 3752 sive
2687 3697 2967 3753 volucrum
2982 3708 3037 3754 et
3063 3699 3397 3771 viperarum,
3411 3700 3535 3771 quia
3549 3700 3735 3769 imperat
3748 3692 3807 3747 tibi

2300 3786 2412 3841 Dus
2432 3786 2520 3841 llis
2540 3786 2653 3858 Xps
2671 3786 2839 3843 Filius
2859 3787 2953 3842 Dei
2974 3788 3102 3854 vivi,
3121 3798 3179 3844 ut
3195 3805 3318 3847 mox
3346 3806 3470 3845 cum
3484 3803 3677 3860 aspersa
3698 3782 3809 3838 fuerit

2282 3875 2356 3932 .in
2378 3876 2595 3931 nomine
2612 3876 2703 3931 Dei
2725 3877 3108 3948 omnipotentis
3122 3879 3356 3934 sabanth
3379 3880 3492 3935 sive
3514 3880 3563 3933 in
3578 3880 3723 3939 domo,
3736 3873 3809 3927 site

2303 3966 2359 4023 in
2390 3968 2581 4032 vineis,
2611 3968 2724 4023 sive
2760 3969 2815 4023 in
2856 3969 3164 4038 pecoribus,
3202 3971 3315 4026 suis
3354 3972 3409 4026 in
3444 3967 3692 4026 seminatis
3715 3977 3810 4017 cam-

2299 4060 2409 4132 pis,
2438 4059 2552 4116 sive
2577 4059 2630 4114 in
2663 4060 3050 4131 qualicumque
3080 4069 3356 4129 creatura,
3390 4064 3504 4119 sive
3531 4061 3580 4116 in
3609 4065 3711 4131 potu
3728 4055 3810 4108 data

2304 4153 2473 4209 fueris
2495 4153 2704 4208 homini
2728 4150 3039 4208 valetudine
3076 4153 3319 4220 detento,
3370 4163 3427 4209 et
3453 4170 3484 4207 a
3513 4148 3697 4221 maligni
3721 4141 3811 4198 inlc-

2306 4244 2542 4301 statioue
2568 4258 2849 4315 percusso,
2877 4258 3003 4300 mox
3024 4242 3286 4315 expellas,
3316 4253 3376 4300 et
3402 4242 3642 4300 excludas
3660 4246 3810 4293 omnem

2306 4336 2623 4407 malignum,
2653 4345 2709 4391 ut
2734 4336 2906 4406 possit
2940 4336 3105 4391 homo
3147 4336 3393 4393 velocius
3432 4336 3606 4392 salvus
3635 4329 3726 4386 ﬁeri
3748 4339 3811 4397 per

2307 4425 2566 4482 virtutem
2588 4436 2645 4482 et
2671 4442 2867 4482 nomen
2900 4426 3000 4482 Dni
3040 4426 3124 4482 ιιι-ἰ
3155 4427 3250 4482 lhu
3278 4427 3410 4499 Xpi,
3450 4426 3538 4499 qui
3560 4437 3707 4494 neque
3724 4416 3811 4479 dicit

2311 4532 2487 4587 neque
2523 4518 2706 4579 scribi.
2768 4533 2945 4588 neque
2997 4518 3301 4597 computari
3348 4526 3545 4591 potest,
3567 4516 3642 4571 cui
3674 4522 3830 4587 natm,

2307 4617 2392 4663 est
2412 4607 2573 4663 Dens.
2603 4607 2704 4675 Qui
2732 4608 3256 4679 perangelumtuum
3281 4609 3508 4663 Domine
3522 4605 3695 4662 fontem
3715 4600 3811 4668 Agat

2306 4699 2610 4764 ostendisti,
2650 4706 2707 4755 et
2730 4714 2797 4754 ex
2832 4714 2899 4755 eo
2933 4699 3169 4756 Ismahel
3212 4700 3487 4757 sitientem
3532 4695 3724 4770 potasti:
3751 4686 3810 4758 (ιιιί

2304 4788 2457 4860 pueri
2485 4787 2719 4843 Abrahae
2739 4788 2793 4843 in
2820 4788 3207 4861 Mesopotamia
3240 4805 3431 4861 preces
3451 4788 3649 4852 audisti,
3677 4794 3720 4839 et
3735 4796 3811 4833 om-

2306 4879 2397 4935 nia
2452 4880 2722 4937 desideria
2777 4882 2960 4938 cordis
3009 4883 3127 4956 ejus
3181 4884 3456 4956 implesti:
3496 4882 3581 4954 qui
3617 4876 3808 4935 famulqu

2306 4983 2458 5030 tuum
2487 4972 2707 5045 Moysen
2738 4974 2793 5030 in
2822 4974 3040 5032 deserto
3078 4986 3287 5048 petram
3315 4986 3608 5049 percutere,
3634 4983 3679 5027 et
3702 4984 3748 5024 cx
3769 4977 3810 5017 ti

2307 5080 2504 5137 aquam
2544 5065 2869 5136 producere,
2904 5076 2961 5122 et
3000 5067 3256 5137 populum
3290 5068 3470 5139 rigare
3508 5061 3720 5136 iussisti:
3748 5050 3808 5122 qui

2307 5170 2502 5227 aquam
2524 5171 2771 5211 amaram
2801 5157 3046 5215 immisso
3070 5156 3215 5239 ligno
3240 5157 3547 5219 dulcorasti,
3569 5155 3631 5207 ita
3655 5142 3809 5239 hostili:

2306 5260 2434 5301 cere
2471 5245 2711 5318 digneris
2737 5246 2880 5303 hanc
2908 5229 3189 5319 aquam‘in
3228 5262 3449 5305 nomine
3473 5244 3635 5300 Patris
3665 5229 3807 5292 etﬁlii

2306 5343 2363 5401 et
2392 5333 2631 5406 Spiritus
2669 5338 2867 5405 sancti,
2921 5348 2981 5392 ut
3010 5338 3321 5409 ubicunque
3363 5351 3571 5408 aspersa
3613 5328 3740 5385 fuerit
3771 5321 3807 5373 in

2309 5437 2402 5484 tuo
2430 5429 2650 5484 nomine
2692 5445 2881 5486 omnes
2915 5430 3240 5505 jactationes
3267 5447 3435 5487 saevas
3469 5425 3651 5485 inimici
3681 5415 3809 5505 θινός

2307 5516 2406 5575 las.
2436 5519 2571 5576 [llud
2601 5520 2764 5576 etiam
2792 5497 3069 5593 rogamus,
3098 5532 3159 5579 ut
3184 5523 3325 5581 sicut
3349 5522 3415 5577 ad
3445 5520 3641 5576 domum
3662 5497 3805 5577 Βεευίδ

2309 5652 2585 5709 orationes
2635 5670 2760 5709 cum
2811 5655 3075 5711 hodierno
3121 5655 3252 5722 ritu,
3293 5671 3357 5709 ex
3396 5652 3582 5723 quibus
3598 5638 3802 5710 collisi!”

2309 5724 2704 5780 benedictionis
2729 5725 3018 5781 destinatio
3044 5726 3097 5780 in
3124 5720 3370 5783 domibus
3398 5720 3637 5778 ﬁdelium.

2381 5793 2530 5869 (206)
2557 5796 2621 5851 ln
2641 5794 2801 5853 editis
2829 5795 3245 5869 damnatorum.
