3902 5334
70 225 187 284 1019

1186 229 1594 288 BENEDICTIO
1630 229 1824 286 SALIS
1852 231 1939 288 ET
1978 234 2213 304 AQUE.

3092 206 3099 291 ί
3188 245 3325 304 1111111

65 345 291 416 angelum
319 342 564 414 napbael
597 343 814 400 mittere
842 344 1094 416 dignatus
1119 361 1197 411 es,
1227 360 1284 404 et
1307 347 1634 405 Asmodeum
1663 354 1709 413 Α
1740 348 1967 404 ulterius
1997 350 2048 405 in
2078 365 2144 404 eo
2168 348 2288 404 loco
2329 347 2527 406 habeat
2568 359 2893 422 potestatem
2926 361 3319 418 commorandi.

65 434 367 492 daemonium
416 433 713 506 colligavit,
761 436 924 492 simili
977 437 1241 495 benelicio
1288 441 1471 497 domui
1507 442 1633 497 huic

65 534 285 598 praestes,
326 532 387 578 ut
411 540 560 589 mox,
588 541 712 580 cum
748 542 970 598 aspersa
1010 528 1177 584 fuerit
1216 546 1490 600 nunquam
1524 530 1635 589 illic

64 616 133 671 vel
169 614 219 669 in
246 612 430 668 anima
476 614 557 670 vel
599 615 650 669 in
673 617 863 671 eadem
889 617 1051 673 domo
1091 619 1514 676 consistentibus
1538 622 1635 676 ha—

63 711 167 764 beat
194 705 431 776 aliquam
464 714 811 776 potestatem,
844 708 939 765 sed
969 709 1230 766 confusus
1274 722 1330 767 et
1355 713 1634 768 districtus

63 800 315 855 abscedat.
342 798 451 855 Per
476 799 615 870 Xpm
644 799 780 854 Dum
807 816 955 865 nrm,
986 818 1083 876 per
1112 818 1273 874 quem
1296 804 1632 876 majestatem

66 907 214 951 luant.

574 1002 891 1043 BESEDICTIO
933 1002 1097 1045 SALIS.

123 1078 306 1135 Sancte
323 1078 439 1135 Dne
461 1091 679 1136 creator
694 1081 935 1155 omnium
959 1089 1208 1138 creatura
1219 1098 1361 1147 rum.
1383 1093 1439 1138 et
1467 1083 1633 1140 totius
1660 1138 1663 1151 κ

67 1182 247 1224 natura:
276 1168 498 1231 artifex,
531 1179 587 1225 et
632 1186 770 1226 unus
801 1171 1058 1243 magister
1090 1172 1447 1243 gignentium,
1477 1173 1632 1243 origo

70 1262 338 1326 nationum,
373 1262 690 1334 utilitasque
717 1264 1005 1331 virtutum,
1029 1265 1183 1336 cujus
1211 1265 1548 1336 providentia
1576 1268 1628 1323 111

69 1355 152 1409 hac
175 1368 384 1425 quoque
433 1365 688 1410 creatura
736 1356 1011 1429 liquentes
1047 1374 1219 1430 aquas
1268 1360 1474 1418 cmlesti
1508 1362 1631 1434 igne

70 1447 301 1513 solidasli,
351 1458 414 1502 ut
457 1451 576 1505 1111111
626 1459 822 1506 czetera
872 1452 1126 1510 humanis
1168 1456 1355 1513 usibus
1389 1458 1630 1513 admixta

69 1541 299 1604 condiret,
329 1549 384 1597 et
415 1543 469 1596 in
504 1541 802 1613 longiorem
825 1560 983 1601 usum
1012 1547 1321 1618 incorrupta
1348 1560 1624 1618 servaret;

71 1630 121 1682 da
142 1630 184 1685 ei
207 1630 313 1686 Due
342 1633 701 1691 exoraulibus
729 1633 885 1690 nobis
915 1650 1035 1690 eam
1065 1651 1131 1692 ex
1170 1646 1257 1692 tua
1295 1638 1631 1695 benedictio-

1735 439 1857 495 Per.

1804 530 1927 585 Alia
1968 532 2175 587 Oratio.
2216 533 2417 590 Praesta
2461 535 2689 592 Domine
2718 551 2814 607 per
2838 538 2983 595 hanc
3012 549 3321 600 creaturam

1706 674 1707 677 η
1735 622 2067 691 aspersionis
2094 622 2193 695 (vel
2219 623 2378 693 hujus
2405 634 2671 682 creatura:
2690 629 3091 703 aspersionem)
3116 635 3323 690 sanita-

1736 719 1840 765 tem
1888 713 2104 777 mentis,
2138 714 2508 786 integritatem
2554 720 2825 789 corporis,
2853 723 3073 779 tutelam
3102 726 3317 793 salutis,

1732 801 2079 858 securitatem
2127 806 2267 875 spei,
2316 809 2815 867 corroborationem
2842 812 2990 880 ﬁdei,
3034 816 3124 872 hic
3169 827 3225 873 et
3265 816 3319 872 in

1730 902 1934 969 teterna
1972 895 2190 951 sarcula.

2010 1000 2329 1043 BESEDICTIO
2368 1005 2520 1054 AQUJE
2566 1007 2632 1046 AD
2675 1007 3040 1051 SPABGENDUI.

1800 1074 1943 1131 Deus
1963 1078 2055 1148 qui
2086 1078 2154 1132 ad
2187 1078 2415 1134 salutem
2448 1084 2664 1137 humani
2696 1087 2912 1156 generis
2939 1095 3046 1142 etc.

1801 1164 1939 1221 IIem
1974 1166 2104 1222 alia.
2145 1168 2412 1225 Esorcizo
2444 1180 2496 1226 te
2522 1182 2773 1228 creatura
2823 1175 2955 1231 salis
2982 1188 3037 1231 ct
3074 1193 3230 1249 aqua:
3261 1179 3317 1235 in

1731 1258 1948 1312 nomine
1988 1260 2081 1314 Dei
2132 1260 2312 1317 Patris
2360 1265 2769 1336 omnipotentis,
2798 1269 2937 1323 etin
2984 1272 3200 1327 nomine
3220 1272 3317 1328 lhu

1728 1352 1830 1422 Xpi
1863 1352 1982 1408 Filii
2006 1352 2142 1423 ejus,
2167 1365 2221 1411 et
2244 1357 2479 1426 Spiritus
2508 1360 2704 1425 sancti,
2725 1363 2904 1419 omnis
2927 1364 3098 1420 virtus
3124 1365 3319 1420 adver-

1729 1443 1879 1509 sarii,
1913 1446 2092 1501 omnis
2123 1447 2363 1505 incursio
2411 1452 2630 1518 diaboli,
2670 1457 2956 1527 onmisque
2981 1459 3182 1514 inimici
3216 1475 3315 1529 po-

1730 1545 1898 1597 testas
1948 1541 2230 1598 eradicare
2272 1554 2328 1600 et
2364 1544 2603 1616 clfugare
2629 1549 2698 1603 ab
2731 1550 2832 1605 hac
2860 1561 3113 1606 creatura
3161 1567 3321 1622 aqua:

1726 1644 1826 1700 per
1854 1630 2020 1686 Deum
2048 1648 2259 1701 verum,
2291 1649 2388 1705 per
2433 1634 2600 1692 Deum
2636 1639 2841 1705 vivum,
2871 1655 2968 1709 per
2995 1640 3161 1696 Deum
3190 1657 3318 1697 sau-

72 1738 125 1776 ne
146 1722 518 1787 substantiam,
549 1735 607 1778 ut
644 1724 1030 1797 cujuscumque
1065 1727 1269 1783 viscera
1307 1739 1626 1799 peuetrave-
1659 1725 1701 1783 Β
1730 1730 1896 1786 Clum.
1924 1731 1978 1776 οι
2006 1722 2181 1778 Dﬂllm
2235 1741 2357 1781 Mm
2402 1727 2516 1783 111111
2568 1727 2726 1798 Χρ111,
2768 1740 2828 1786 111
2874 1731 3132 1788 eﬂiciaris
3175 1749 3316 1804 aqua

74 1818 145 1879 rit,
187 1815 376 1886 eﬂ‘uget
411 1832 477 1871 cx
525 1817 607 1872 bis
651 1827 813 1887 atque
855 1817 1087 1890 depellat
1113 1820 1374 1891 quidquid
1403 1821 1625 1887 erroris,

74 1907 382 1974 confusionis,
426 1909 783 1979 malignitatis
817 1908 1039 1967 fraudes
1078 1912 1359 1968 diabolica:
1400 1922 1628 1984 tempta-

75 2000 205 2053 tiouis
226 1999 542 2065 inl'uderiul,
565 2001 712 2054 omni
745 2002 915 2056 hostis
942 2004 1024 2056 nri
1058 2003 1403 2059 iul'estatione
1436 2004 1625 2075 depul-

77 2108 138 2156 sa,
159 2093 203 2147 id
225 2093 271 2147 iu
305 2092 530 2149 homine
558 2104 764 2149 tantum
791 2095 933 2167 quod
972 2112 1001 2150 a
1037 2104 1089 2152 te
1115 2096 1318 2153 factum
1354 2098 1629 2153 5511111111·-

78 2193 254 2253 quatur.

128 2274 246 2329 Alia.
311 2274 540 2330 Domine
589 2285 780 2332 sancte
832 2276 995 2333 Pater
1036 2279 1381 2350 omnipotens
1422 2290 1626 2335 mterne

78 2364 218 2430 Deus,
273 2375 322 2423 te
365 2367 687 2439 suppliciter
726 2368 1113 2440 deprecamur,
1192 2378 1250 2423 ut
1302 2370 1626 2425 benedicere

78 2457 271 2525 digneris
308 2458 447 2515 hanc
477 2468 792 2515 creaturam
835 2461 984 2523 salis,
1016 2477 1180 2532 quam
1227 2462 1281 2516 iu
1323 2477 1478 2517 usum
1524 2462 1625 2517 1111-

78 2547 192 2600 mani
225 2548 429 2618 generis
486 2550 749 2615 tribuisti,
793 2558 856 2604 ut
899 2551 989 2620 qui
1021 2566 1087 2606 ex
1142 2566 1205 2606 ea
1260 2553 1620 2623 gestaverint,

81 2650 161 2690 non
199 2640 493 2695 moriantur
540 2641 594 2696 in
635 2649 923 2707 aeternum,
963 2642 1057 2697 sed
1105 2652 1158 2698 te
1197 2644 1429 2713 sapiant,
1462 2644 1515 2698 iu
1571 2654 1623 2700 te

82 2726 375 2795 roborentur,
406 2740 574 2803 atque
597 2733 665 2787 ad
693 2743 896 2788 aeterna
926 2732 1064 2789 dona
1089 2748 1186 2806 per
1216 2724 1362 2792 tuam
1389 2736 1619 2807 gratiam

81 2817 224 2873 venire
255 2832 585 2891 mereantur,
630 2824 684 2879 in
711 2825 930 2881 nomine
973 2825 1075 2880 Dui
1117 2826 1201 2881 uri
1240 2825 1337 2880 lhu
1378 2826 1502 2898 Xpi,
1527 2827 1620 2898 qui

81 2916 294 2965 VCDllll'llS
313 2922 413 2968 CSI.

361 3021 684 3063 BENEDICTIO
719 3023 867 3081 SALiS
895 3025 964 3064 AD
1003 3024 1226 3069 Ρεεοιιλ.

1732 1811 2033 1877 benedicta,
2068 1822 2130 1868 ut
2171 1814 2480 1886 ubicunque
2532 1817 2700 1874 1111⁵11511
2751 1808 2933 1885 fuerit,
2962 1821 3044 1875 vel
3087 1836 3310 1892 aspersa

1729 1904 1842 1960 sive
1870 1905 1926 1961 iu
1967 1906 2149 1971 domu,
2193 1906 2310 1963 sive
2361 1907 2415 1963 iu
2444 1924 2598 1981 agro,
2630 1909 2836 1984 cll’uges
2862 1927 3080 1967 omnem
3132 1912 3314 1967 fanta-

1729 1996 1888 2061 siam,
1925 2010 2142 2053 onmcm
2173 2007 2498 2068 potestatem
2544 2001 2748 2058 inimici
2774 2020 2790 2057 :
2822 2001 3063 2072 Spiritus
3092 2012 3316 2059 sanctus

1728 2086 1938 2144 habitet
1991 2086 2047 2145 in
2076 2087 2238 2146 domo
2299 2088 2421 2146 hac.
2478 2088 2584 2147 Per
2629 2093 2768 2148 Dum
2830 2107 2972 2148 nrm.
3026 2091 3128 2160 Qui
3181 2108 3314 2148 ven-

1729 2190 1899 2235 turus.

1760 2271 1926 2327 ITEM
1962 2273 2405 2331 EXORCISMUS
2443 2276 2638 2332 SALIS
2678 2276 2767 2333 ΕΤ
2790 2275 3006 2345 AQUE
3042 2276 3273 2333 SUPER

1955 2364 2281 2423 INFIRMOS
2317 2366 2421 2423 SCl
2465 2367 2795 2426 GREGORII
2838 2368 3069 2424 PAPJE.

2036 2455 2054 2525 (
2070 2455 2144 2510 Ex
2177 2457 2299 2513 cod.
2337 2457 2566 2514 Viudob.
2592 2458 2758 2515 theol.
2783 2457 2934 2527 685.)

1793 2546 1937 2604 Deus
1969 2548 2024 2604 in
2067 2548 2396 2619 adjutorium
2423 2565 2602 2606 meum
2632 2551 2868 2607 intende.
2896 2550 3088 2605 Tribus
3117 2550 3313 2605 viribus

1723 2656 1841 2694 cum
1884 2639 2089 2696 Gloria.
2124 2641 2291 2713 Kyrie
2315 2642 2386 2697 el.
2413 2641 2576 2699 Pater
2601 2651 2804 2699 noster.
2836 2643 3013 2699 Credo
3036 2643 3089 2698 iu
3116 2644 3311 2697 Deum.

1726 2729 1898 2786 Lectio
1919 2731 2040 2786 libri
2087 2732 2305 2803 Regum.
2349 2732 2406 2788 In
2437 2733 2627 2789 diebus
2657 2734 2764 2791 illis
2816 2735 3071 2790 dixerunt
3098 2735 3202 2789 viri
3228 2735 3311 2789 ci-

1723 2822 1908 2877 vitatis
1946 2823 2014 2878 ad
2047 2822 2344 2879 lleliseum.
2389 2825 2530 2881 Ecce
2579 2825 2842 2881 habitatio
2877 2825 3118 2882 civitatis
3154 2823 3313 2895 hujus

1722 2912 1925 2982 optima
1961 2923 2064 2976 cst.
2090 2914 2233 2970 sicut
2260 2923 2316 2970 tu
2347 2915 2463 2984 ipse
2506 2915 2795 2986 prospicis,
2835 2916 2932 2971 sed
2980 2929 3135 2985 aqua:
3160 2931 3343 2970 amat

1724 3004 1955 3061 rissimze
1998 3014 2129 3061 sunt
2169 3015 2225 3062 et
2267 3014 2411 3062 terra
2458 3006 2679 3063 sterilis.
2725 3008 2800 3062 At
2842 3007 2932 3063 ille
2956 3007 3035 3062 ait
3061 3022 3078 3062 :
3107 3006 3315 3063 Aﬂ‘erte

129 3093 247 3150 Deus
273 3096 567 3154 invisibilis
613 3109 671 3155 et
716 3076 1130 3167 inaestimabilis,
1162 3102 1255 3172 qui
1289 3119 1386 3172 per
1422 3115 1617 3159 cuncta
1644 3076 1690 3138 Ο
1723 3097 1852 3152 mihi
1892 3112 1992 3153 vas
2020 3113 2242 3165 novum,
2278 3107 2335 3155 et
2378 3100 2579 3155 mittite
2630 3100 2683 3154 in
2722 3098 2852 3156 illud
2904 3099 3005 3155 sal.
3055 3099 3159 3169 Qui
3187 3108 3341 3155 cum‘

76 3185 257 3243 diti'usus
288 3205 366 3254 es,
429 3191 693 3261 pietatem
750 3202 895 3247 tuam
946 3204 1003 3249 et
1050 3194 1484 3250 misericordiam
1524 3213 1621 3266 per

75 3286 277 3333 sanctum
323 3288 379 3336 et
432 3282 779 3337 tremendum
811 3283 932 3338 Filii
983 3283 1057 3338 tui
1107 3298 1303 3339 nomen
1347 3286 1618 3356 supplices

75 3367 403 3439 deprecamur,
441 3384 506 3430 ut
536 3375 587 3429 in
620 3375 760 3430 hanc
786 3385 1092 3433 creaturam
1121 3376 1250 3432 salis
1288 3376 1620 3433 benedictio-

77 3472 170 3513 nem
200 3471 249 3516 et
275 3466 574 3534 potentiam
623 3465 910 3522 invisibilis
960 3467 1294 3537 operationis
1342 3467 1616 3532 infundas,

73 3557 119 3600 ιιι
135 3549 373 3623 iumenta,
399 3571 525 3627 quae
550 3557 967 3614 necessitatibus
997 3559 1250 3614 humanis
1276 3559 1532 3630 dignatus
1557 3575 1617 3615 es

76 3639 270 3701 tribuere
295 3662 415 3703 cum
444 3665 516 3705 ex
549 3650 739 3707 eadem
778 3652 1112 3723 acceperint,
1145 3652 1230 3709 vel
1257 3653 1612 3724 gustaverint,

74 3726 162 3785 haec
181 3732 474 3795 benedictio
513 3750 572 3794 et
598 3740 957 3797 sanctiﬁcatio
984 3752 1075 3799 tua
1106 3742 1270 3800 illzesa
1321 3744 1532 3806 reddat,
1561 3752 1617 3798 et

74 3820 124 3873 ab
143 3826 269 3880 omni
285 3831 624 3901 temptatoris
645 3832 867 3890 incursu
891 3842 944 3890 te
984 3843 1301 3907 protegente
1321 3834 1612 3894 custodiat.

74 3909 169 3969 Per.

128 4004 250 4062 Alia.
274 4010 513 4072 Defende
529 4018 755 4074 Domine
785 4033 978 4090 pecora
1018 4034 1115 4089 per
1143 4019 1284 4075 hanc
1305 4027 1613 4075 creaturam

75 4097 224 4157 salisa
258 4106 392 4178 lupis
434 4113 750 4182 rapacibus,
814 4129 845 4168 a
887 4113 1211 4177 latronibus,
1257 4128 1287 4166 a
1322 4113 1529 4174 morbo,
1581 4128 1611 4167 a

77 4189 317 4260 mortibus,
345 4212 374 4250 a
409 4199 619 4271 laqueis
641 4202 862 4267 diaboli,
907 4203 974 4258 ab
1015 4204 1165 4258 omni
1219 4203 1553 4268 inﬁrmitate,
1581 4219 1611 4259 a

79 4285 402 4360 lemlitatione,
433 4310 464 4349 a
496 4297 723 4363 malitia,
757 4297 827 4353 ab
864 4298 1013 4362 odio,
1044 4297 1113 4352 ab
1138 4298 1364 4362 invidia,
1405 4313 1435 4352 a
1467 4298 1613 4352 malo

81 4366 277 4474 homine,
303 4395 330 4435 a
356 4385 511 4442 malis
540 4388 772 4457 eloquiis
795 4389 863 4459 (i.
897 4406 944 4444 11.
975 4389 1452 4453 incantationibus,
1484 4402 1613 4443 cxc-
1642 4425 1686 4483 Β

81 4463 404 4544 nationibus),
446 4490 476 4530 a
523 4477 679 4533 malis
706 4478 893 4542 oculis,
928 4493 960 4534 a
1007 4477 1308 4545 veneﬁciis,
1344 4478 1412 4533 ab
1462 4478 1607 4533 omni

84 4555 382 4625 temptatione
449 4583 669 4627 sacrare
726 4581 782 4626 et
833 4570 1049 4627 salvare
1084 4570 1337 4641 'digneris
1380 4571 1610 4626 Domine

84 4652 240 4738 bifora
256 4664 449 4726 nostra,
474 4670 531 4717 et
563 4663 745 4717 omnia
773 4662 1164 4733 quadrupedia,
1195 4679 1317 4733 quae
1343 4664 1532 4719 morbo
1553 4669 1608 4717 ct

88 4730 349 4833 infirmitate
371 4762 633 4808 vexantur
657 4769 754 4822 per
774 4730 911 4811 hanc
936 4730 1243 4813 creaturam
1272 4755 1403 4829 salis
1430 4755 1483 4811 in
1510 4771 1605 4810 no-

94 4833 202 4881 mule
241 4842 319 4889 tuo
363 4838 540 4909 Pater,
575 4845 801 4915 Filiique
851 4850 929 4905 tui
993 4849 1090 4904 lhu
1139 4847 1244 4919 Xpi
1271 4859 1325 4906 et
1370 4848 1606 4918 Spiritus

91 4920 238 4974 Sancti.
266 4925 357 4992 Qui
380 4931 430 4987 in
463 4934 733 4992 Trinitate
757 4940 1024 5006 perfecta.

202 5027 480 5084 BENEDIC‘I‘IO
521 5044 666 5084 5Αι15
699 5044 766 5082 ΕΤ
790 5045 949 5096 Δοῦλε
1002 5048 1072 5090 ΔΙ)
1105 5048 1459 5094 ενΔιιαι-ζαοωι
1492 5098 1501 5107 ι

653 5113 705 5151 111
744 5112 908 5167 nouo,

154 5166 334 5271 Demine
372 5198 543 5244 sancte
575 5188 728 5242 Pater
762 5202 1129 5271 omnipotens
1183 5198 1522 5256 instaurator
1548 5206 1603 5253 et

96 5259 284 5320 θθηάὶῑοτ
303 5277 517 5334 omnium
557 5259 978 5334 elementarrm'L
1013 5284 1104 5334 nui
1148 5301 1256 5334 nm-
1291 5290 1430 5334 Xnm
1467 5288 1599 5334 nnm

1719 3189 2053 3255 attulissent,
2103 3206 2359 3264 egressus
2403 3193 2470 3248 ad
2522 3191 2698 3248 fontes
2739 3207 3030 3264 aquarum,
3079 3193 3228 3249 misit
3257 3194 3341 3249 in'

1715 3293 1839 3334 eum
1863 3280 1944 3336 sal
1974 3289 2030 3336 et
2067 3282 2182 3337 ait:
2221 3282 2349 3341 llaec
2386 3284 2519 3340 dicit
2547 3283 2847 3341 Dominus:
2891 3284 3107 3341 Salvavi
3140 3302 3309 3356 aquas

1718 3372 1836 3439 has,
1873 3382 1930 3429 et
1975 3390 2082 3429 non
2111 3375 2217 3431 erit
2244 3375 2384 3431 ultra
2415 3376 2468 3431 in
2512 3377 2593 3432 eis
2624 3392 2791 3443 mors,
2823 3391 3001 3449 neque
3025 3377 3309 3433 sterilitas.

1718 3463 1936 3521 Sanata:
1963 3473 2091 3520 sunt
2134 3481 2265 3538 ergo
2293 3482 2447 3538 aqua;
2487 3482 2658 3538 usque
2698 3467 2767 3522 ad
2798 3468 2941 3524 diem
2972 3466 3311 3535 banc,juxta

1715 3557 1941 3612 verbum
1988 3556 2204 3621 Helisei,
2238 3559 2380 3628 quod
2426 3560 2634 3614 locutus
2695 3568 2781 3615 est
2808 3559 2862 3614 in
2910 3560 3063 3615 Dom.
3112 3558 3335 3614 Secum‘

1715 3648 1841 3702 dum
1868 3646 2029 3703 Joan.
2058 3648 2116 3702 In
2158 3649 2253 3705 illo
2284 3660 2525 3720 tempore
2554 3651 2690 3705 vidit
2740 3649 2977 3706 Joannes
3006 3649 3190 3706 Jesum
3215 3664 3316 3707 γει-ι

1716 3739 1955 3795 nientem
1983 3740 2051 3796 ad
2081 3755 2141 3798 se
2186 3750 2245 3797 ct
2292 3742 2406 3798 ait:
2457 3742 2597 3798 Ecce
2645 3742 2832 3813 Agnus
2890 3742 3005 3806 Dei,
3054 3736 3182 3798 ecce
3216 3744 3309 3814 qui

1717 3830 1854 3886 tollit
1894 3843 2117 3901 peccatu
2159 3833 2366 3889 nmndi.
2398 3832 2495 3888 Hic
2520 3843 2605 3888 est
2626 3834 2692 3889 de
2719 3849 2829 3905 quo
2870 3833 3021 3889 dixi:
3058 3832 3188 3890 Post
3218 3850 3312 3890 me

1714 3924 1862 3980 venit
1899 3922 2002 3989 vir,
2055 3923 2147 3994 qui
2188 3932 2315 3980 ante
2359 3938 2445 3979 me
2494 3923 2669 3979 factus
2720 3934 2827 3991 est,
2874 3924 2999 3995 quia
3028 3925 3179 3995 prior
3218 3938 3307 3978 me

1712 4026 1850 4081 erat,
1876 4023 1933 4071 et
1959 4030 2060 4087 ego
2089 4016 2396 4072 nesciebam
2426 4030 2573 4071 cum.
2616 4015 2724 4072 Sed
2764 4024 2824 4070 ut
2867 4015 3311 4072 manifestarclur

1714 4108 1767 4162 in
1791 4107 2022 4174 Israhel,
2057 4117 2344 4179 propterea
2371 4122 2471 4179 ego
2504 4109 2625 4165 veni
2653 4109 2707 4163 in
2735 4123 2876 4180 aqua
2914 4107 3215 4178 baptizans.
3240 4106 3311 4161 Et

1714 4198 2080 4255 testimonium
2125 4200 2397 4270 perhibuit
2428 4198 2707 4256 Johannes
2753 4200 2942 4257 dicens
2977 4217 2992 4254 :
3027 4198 3164 4267 Quia
3193 4198 3308 4254 vidi

1713 4289 1977 4360 Spiritum
2000 4290 2416 4347 descendentem
2445 4292 2603 4360 quasi
2639 4291 2946 4348 columbam
2973 4291 3040 4347 de
3074 4290 3233 4355 1111110,
3252 4298 3337 4346 et‘

1712 4381 1913 4437 mansit
1943 4397 2107 4451 super
2127 4398 2274 4450 eum,
2300 4394 2357 4438 et
2390 4396 2492 4452 ego
2537 4383 2849 4439 nesciebam
2879 4397 3027 4438 cum.
3058 4381 3165 4437 Sed
3207 4381 3303 4450 qui

1718 4470 1866 4527 misit
1892 4486 1980 4527 me
2005 4471 2285 4542 baptizare
2327 4472 2378 4526 in
2408 4486 2571 4541 aqua,
2618 4472 2709 4528 ille
2757 4472 2891 4527 mihi
2921 4471 3092 4526 dixit:
3127 4468 3310 4541 Super-

1716 4575 1876 4630 qucm
1907 4561 2109 4617 videris
2148 4562 2409 4633 Spiritum
2440 4562 2858 4618 descendentem
2891 4571 2947 4619 et
2993 4571 3332 4616 manentem‘

1715 4666 1880 4721 super
1900 4665 2050 4718 eum,
2098 4652 2187 4710 hic
2213 4664 2319 4719 est,
2350 4654 2439 4724 qui
2482 4651 2798 4723 haptizatin
2836 4653 3040 4724 Spiritu
3089 4662 3306 4710 sancto.

1715 4743 1783 4797 Et
1820 4758 1922 4813 ego
1965 4742 2077 4799 vidi
2115 4754 2173 4800 et
2201 4742 2573 4800 testimonium
2616 4744 2890 4816 perhibui,
2918 4743 3048 4815 quia
3094 4743 3182 4798 hic
3219 4747 3307 4799 est

1715 4836 1882 4892 Filius
1912 4834 2030 4892 Dei.

2247 4941 2570 4985 BENEDICTIO
2608 4943 2773 4984 SAIJS.

1786 5017 2054 5077 Exoreizo
2085 5029 2138 5078 te
2165 5027 2419 5079 creatura
2451 5016 2588 5072 salis
2618 5019 2670 5073 in
2709 5017 2926 5073 nomine
2952 5010 3049 5065 Dei
3091 5007 3315 5078 Paftris

1713 5108 2166 5187 omnii-potentis,
2213 5120 2270 5169 et
2322 5109 2375 5164 in
2427 5106 2661 5164 caritate
2705 5103 2912 5162 Domini
2963 5100 3140 5154 nostri
3183 5096 3313 5154 Jesu

1712 5201 1939 5267 Christi,
1971 5216 2030 5261 et
2058 5207 2112 5261 in
2149 5208 2352 5263 virtute
2387 5199 2631 5270 Spiritus
2660 5198 2828 5257 sancti
2862 5214 2877 5251 :
2908 5191 3225 5260 Benc'i‘dico
3261 5198 3316 5243 ιο

1711 5312 1810 5334 nm-
1838 5293 2008 5334 nolam
2038 5299 2259 5334 ινί.1.ι,.ηη
2314 5309 2412 5334 ωη-
2442 5290 2615 5334 Delum
2644 5291 2895 5334 “vl-rum-
2924 5282 3017 5334 nui
3044 5292 3098 5334 lt:
3135 5282 3202 5334 ad
3234 5290 3318 5334 111-
