3902 5334
502 316 633 374 1031

1356 315 1647 372 APPEND.
1693 315 1781 369 AD
1815 315 1987 371 SJEC.
2029 315 2093 369 Χ.
2137 345 2205 355 --
2239 313 2678 373 MONUMEN'I‘A
2715 317 2995 375 LITURG.

3651 319 3799 377 {051’

504 424 745 485 salutare
792 437 1197 486 sacramentum
1245 427 1309 483 ad
1362 428 1702 500 ell‘ugandum
1758 431 2034 485 inimicum
2079 447 2090 481 :
2124 433 2172 490 Α
2200 429 2480 498 suspendit
2511 446 2674 499 super
2701 430 2889 495 cmlos,
2914 431 3260 501 congregavit
3287 432 3341 486 in
3376 442 3541 498 terra,
3566 434 3787 491 miscuit

505 536 669 592 quam
708 528 763 579 ιιι
797 521 1023 578 Domine
1052 520 1438 576 sanetiticando
1478 521 1806 586 sanctiﬁces,
1844 530 1897 575 et
1929 522 2096 576 bene-

510 613 741 672 dicendo
789 611 1107 680 benedicas,
1154 623 1215 667 nt
1264 612 1354 665 liat
1407 614 1660 667 omnibus
1710 613 2099 681 accipientibus

512 707 754 775 perfecta
788 705 1057 761 medicina
1106 720 1430 775 permanens
1480 705 1531 759 in
1576 706 1872 760 visceribus
1912 720 2097 760 eorum

514 796 569 850 in
600 796 817 851 nomine
842 795 939 849 Dni
968 796 1051 849 nri
1077 794 1181 849 Jhu
1215 794 1314 862 Xpi
1344 796 1434 864 qui
1469 806 1684 849 ventur.

556 936 566 949 ,
1044 900 1363 941 BENEDlCTIO
1401 903 1572 949 ΑρυΑῖ.

558 1010 563 1013 Α
587 978 851 1033 Exorcizo
883 987 933 1032 te
955 989 1204 1032 creatura
1237 992 1389 1046 aqua:
1417 991 1515 1048 per
1542 979 1708 1032 Detnn
1740 978 1982 1048 vii-vum,
2006 993 2102 1048 per

482 1118 485 1119 ν
516 1070 685 1125 Deum
718 1080 990 1135 sanctum,
1030 1085 1128 1141 per
1167 1069 1333 1125 Deum
1368 1072 1530 1125 totius
1559 1071 1739 1125 mundi
1777 1078 2098 1136 creatorem,

517 1173 575 1214 ut
624 1162 877 1215 mundum
930 1172 982 1216 te
1027 1161 1286 1216 exhibeas
1337 1171 1522 1215 contra
1570 1176 1784 1215 omnem
1832 1159 2098 1226 morbum,

517 1262 680 1321 atque
714 1252 937 1307 insidias
969 1253 1194 1318 inimici,
1228 1260 1286 1306 ut
1323 1252 1632 1320 ubicunque
1677 1266 1896 1321 aSpersa
1943 1250 2106 1306 fuerit

517 1343 587 1397 sit
633 1343 867 1413 propitio
899 1344 1007 1398 Deo
1035 1343 1255 1398 defensa
1283 1343 1492 1397 domus.
1527 1340 1681 1396 Sicut
1718 1341 1953 1396 defensae
1986 1341 2105 1395 fue-

518 1442 647 1489 runt
673 1435 866 1490 domus
896 1434 1245 1490 Hebrteorum
1277 1450 1375 1505 per
1400 1435 1610 1505 signum
1642 1435 1923 1506 sanguinis
1950 1434 2107 1490 Chri-

520 1527 615 1593 sti,
668 1527 749 1582 sic
792 1526 1114 1583 defendatur
1162 1527 1387 1583 Domine
1439 1528 1631 1583 domus
1675 1526 2108 1597 famularumque

520 1628 754 1674 tuarum.
786 1620 843 1675 ln
877 1620 1044 1691 ipsius
1076 1621 1294 1677 nomine
1320 1629 1371 1676 te
1398 1621 1670 1688 exorcizo,
1702 1622 1792 1692 qui
1817 1621 1981 1677 verbo
2010 1635 2108 1677 suo

522 1710 698 1768 fontes
726 1727 982 1768 emanare
1013 1713 1287 1784 praecepit.
1328 1714 1383 1769 In
1425 1714 1593 1785 ipsius
1622 1715 1841 1771 nomine
1871 1724 1923 1770 te
1952 1730 2111 1770 exor-

2203 520 2256 574 in
2290 522 2424 575 mari
2457 541 2469 574 :
2504 523 2595 591 qui
2628 530 2678 576 te
2708 523 2958 576 archanis
2987 532 3044 576 ct
3073 521 3325 593 limpidis,
3360 524 3640 581 velocibus
3664 542 3787 582 ven-

2204 614 2490 683 tisfpluere
2520 615 2795 684 praecepit,
2828 624 2883 668 et
2915 624 2965 668 te
2988 614 3051 668 ad
3086 630 3213 669 usus
3243 615 3483 671 hominis
3511 616 3788 672 lavacrum

2201 704 2382 760 carnis
2412 704 2591 769 dedit,
2624 705 2931 760 sitientibus
2969 713 3156 775 potum
3202 721 3298 776 per
3326 716 3379 759 te
3409 708 3792 763 subministra-

2203 798 2296 862 vit,
2349 811 2510 867 super
2553 812 2710 866 quem
2752 797 2914 850 etiam
2956 795 3191 866 Spiritus
3220 797 3435 853 Domini
3474 815 3584 853 non
3617 798 3792 854 solum

2202 889 2501 954 ferebatur,
2549 890 2642 945 sed
2684 890 2847 944 etiam
2891 890 3080 945 fertur.
3126 890 3329 961 Adjuro
3380 899 3433 946 te
3480 907 3581 963 per
3629 891 3793 962 Spiri-

2207 991 2316 1036 tum
2345 981 2438 1035 Dei
2464 980 2593 1035 vivi.
2628 980 2832 1051 Adjuro
2856 990 2909 1036 te
2937 995 3033 1051 per
3073 997 3258 1038 vocem
3287 983 3513 1038 tonitrui
3543 998 3795 1039 corusca-

2204 1073 2367 1128 tionis
2390 1072 2680 1127 tremendte
2701 1072 2937 1128 caelestis
2981 1074 3144 1143 regis.
3165 1071 3371 1142 Adjuro
3393 1084 3447 1129 te
3471 1089 3570 1144 per
3591 1074 3795 1145 lignum

2205 1165 2446 1237 mysterii
2488 1167 2554 1221 de
2587 1182 2695 1236 quo
2743 1180 2881 1236 aqua
2913 1180 3169 1237 percussa
3219 1165 3404 1221 statim
3437 1166 3617 1222 dulcis
3656 1167 3794 1221 facta

2204 1267 2306 1316 est.
2335 1258 2537 1329 Adjuro
2568 1269 2620 1316 te
2644 1274 2740 1330 per
2767 1274 2911 1324 eum,
2940 1260 3033 1329 qui
3064 1258 3243 1314 omnia
3271 1258 3502 1322 creavit,
3527 1273 3638 1313 non
3669 1273 3797 1313 con-

2209 1358 2452 1419 tempnas
2471 1362 2657 1404 vocem
2681 1349 3001 1404 humilitatis
3025 1363 3176 1414 meae,
3201 1350 3295 1405 sed
3316 1347 3559 1418 expellas
3581 1362 3797 1402 omnem

2205 1440 2477 1506 umbram,
2509 1455 2723 1495 omnem
2763 1450 3033 1506 satanam,
3062 1449 3119 1495 et
3142 1454 3332 1495 omnes
3363 1438 3799 1493 machinationes

2209 1530 2507 1587 diabolicas
2534 1531 2822 1600 spirituum
2848 1531 3269 1597 immundorum,
3295 1530 3411 1587 sive
3441 1529 3746 1584 errantium
3780 1548 3794 1582 :

2209 1624 2324 1678 sive
2348 1637 2415 1677 ex
2442 1623 2779 1678 invocatione
2810 1622 3034 1694 magiae
3071 1622 3226 1689 artis,
3256 1622 3372 1676 sive
3403 1629 3799 1692 pmcantorum

2212 1724 2551 1786 argumenta,
2589 1714 2704 1769 sive
2743 1714 3040 1769 draconum
3071 1721 3124 1768 et
3160 1712 3404 1768 omnium
3434 1711 3721 1767 volucrum
3751 1721 3801 1765 et

520 1806 661 1869 cizo,
692 1805 783 1874 qui
827 1804 965 1861 filios
1006 1805 1171 1861 Israel
1213 1823 1310 1877 per
1334 1809 1571 1864 medium
1602 1824 1750 1864 mare
1793 1809 2000 1864 eduxit.
2049 1810 2107 1864 In
2137 1807 2185 1867 B
2212 1809 2543 1879 viperarum.
2576 1809 2809 1880 Imperet
2835 1810 2928 1865 tibi
2957 1808 3216 1865 Dominus
3246 1818 3435 1864 noster
3463 1808 3626 1863 Jesus
3656 1808 3803 1863 Chri-

522 1896 690 1964 ipsius
723 1897 942 1951 nomine
975 1909 1026 1952 te
1051 1898 1323 1966 exorcizo,
1358 1901 1446 1969 qui
1479 1917 1643 1971 super
1670 1911 1721 1956 te
1750 1902 1863 1958 suis
1887 1902 2113 1971 pedibus

521 1984 837 2039 ambulavit.
868 1986 925 2041 In
948 1987 1117 2055 ipsius
1138 1989 1357 2043 nomine
1381 1998 1431 2043 te
1457 1992 1703 2046 exorciso
1724 2006 1884 2061 quem
1909 1991 2112 2047 Johan-

524 2090 624 2129 nes
667 2076 721 2129 in
756 2084 808 2130 te
840 2077 1156 2146 baptizavit,
1206 2086 1265 2131 ut
1314 2080 1492 2134 omnis
1540 2082 1764 2150 spiritus
1811 2082 2015 2137 erroris
2062 2090 2116 2138 et

525 2180 713 2221 omnes
761 2165 1005 2223 fantasia:
1033 2168 1333 2224 daemonum
1365 2185 1464 2240 per
1500 2171 1641 2227 hanc
1684 2187 1880 2243 aquam
1926 2189 2115 2245 asper-

526 2256 698 2311 sionis
726 2256 1028 2329 etingentur
1051 2267 1106 2315 et
1147 2272 1468 2332 separentur
1505 2278 1606 2333 per
1633 2263 1771 2335 Xpm
1810 2264 1949 2321 Dum
1994 2282 2116 2321 nrm

527 2349 616 2418 qui
642 2358 855 2404 ventur.

597 2439 738 2494 Alia.
777 2441 983 2498 Praesta
1013 2445 1127 2502 Dne
1179 2455 1329 2502 tuum
1361 2448 1597 2505 salutare
1628 2452 1923 2508 remedium
1957 2469 2120 2525 super

528 2526 673 2582 banc
709 2540 1016 2587 creaturam
1048 2535 1219 2605 sa-j-lis
1260 2545 1316 2592 et
1348 2540 1564 2610 a-j-quaa,
1602 2550 1659 2596 ut
1689 2543 1997 2615 ubicunque
2034 2547 2118 2601 in-

494 2623 500 2629 ’
533 2624 883 2679 tercesserint
915 2627 983 2682 ad
1019 2628 1214 2685 anima:
1239 2638 1294 2688 et
1336 2635 1580 2703 corporis
1606 2636 1892 2705 proﬁciant
1916 2639 2122 2694 sanita-

533 2720 662 2768 tem.
709 2713 812 2770 Per
854 2717 1016 2787 Xpm.
1070 2719 1170 2774 Hic
1216 2723 1385 2794 stt/ﬂat
1433 2733 1513 2779 ter
1553 2726 1608 2781 in
1653 2728 1868 2783 modum
1913 2733 2119 2795 crucis;

531 2814 579 2859 et
616 2806 838 2862 miscens
871 2809 1054 2873 salem,
1087 2822 1135 2867 et
1166 2814 1272 2869 dic.
1310 2815 1573 2873 Exorcizo
1606 2828 1680 2885 te,
1707 2831 1959 2878 creatura
1991 2824 2121 2879 salis

532 2913 630 2969 per
676 2900 845 2957 Deum
886 2903 1134 2976 vi-j-vum,
1180 2921 1278 2977 per
1322 2909 1491 2964 Deum
1520 2902 1784 2983 vel-rum,
1817 2930 1913 2986 per
1953 2917 2121 2971 Deum

535 2990 847 3061 sani-ctum,
878 3008 975 3063 per
1008 2996 1197 3062 Deum,
1229 3001 1320 3068 qui
1359 3012 1411 3055 te
1455 3018 1553 3072 per
1582 3004 1854 3061 Heliseum
1885 3009 2121 3077 prophe-

537 3092 647 3137 tam
671 3084 722 3137 in
745 3100 942 3155 aquam
966 3087 1287 3157 mittijussit
1319 3109 1332 3146 :
1370 3094 1462 3163 qui
1490 3095 1671 3151 divina
1700 3112 1853 3163 voce,
1885 3114 1980 3154 ore
2001 3115 2120 3165 suo,

2214 1911 2328 1958 stus
2362 1901 2532 1956 Filius
2576 1902 2669 1957 Dei
2699 1901 2827 1969 vivi,
2873 1912 2930 1956 ut
2968 1917 3092 1957 mox
3123 1916 3245 1956 eum
3274 1916 3497 1972 aspersa
3538 1899 3710 1956 fueris
3752 1901 3799 1955 in

2216 1995 2433 2049 nomine
2454 1993 2548 2049 Dei
2572 1994 2957 2065 omnipotentis
2984 1993 3231 2058 sabaoth,
3255 1993 3371 2048 sive
3400 1993 3454 2046 in
3481 1992 3669 2058 domo,
3696 1992 3805 2047 sive

2216 2088 2270 2143 in
2308 2088 2501 2151 vincis,
2532 2087 2645 2142 sive
2682 2088 2737 2141 in
2784 2087 3089 2158 pecoribus,
3125 2088 3239 2142 sive
3266 2087 3322 2141 in
3350 2086 3640 2142 seminatis
3667 2101 3805 2140 eam-

2216 2181 2321 2252 pis,
2350 2180 2465 2236 sive
2502 2180 2557 2235 in
2584 2179 2947 2250 qualicunque
2976 2188 3247 2246 creatura,
3279 2178 3394 2234 sive
3425 2179 3479 2232 in
3522 2186 3655 2248 potu
3687 2178 3803 2232 data

2219 2271 2386 2326 fueris
2417 2269 2617 2325 homini
2661 2269 3068 2323 invalitudinem
3096 2267 3382 2332 detinenti,
3413 2282 3446 2320 a
3472 2266 3700 2336 maligni
3728 2266 3805 2320 in-

2220 2365 2508 2420 festatione
2552 2377 2826 2433 percusso,
2861 2377 2985 2415 mox
3030 2360 3290 2430 expellas,
3324 2369 3379 2414 et
3406 2358 3670 2414 excludas
3701 2374 3809 2413 om.

2221 2473 2343 2512 nem
2377 2456 2696 2526 malignum,
2728 2464 2787 2508 ut
2816 2454 2989 2525 pcssit
3026 2454 3189 2507 homo
3223 2452 3465 2509 velocius
3490 2452 3677 2507 salvus
3702 2452 3807 2506 ﬁeri

2220 2566 2318 2621 per
2345 2550 2599 2605 virtutem
2632 2558 2688 2604 et
2721 2562 2916 2602 nomen
2950 2546 3046 2601 Dni
3088 2545 3170 2600 nri
3207 2544 3313 2600 Jhu
3356 2544 3485 2615 Xpi,
3516 2543 3613 2614 qui
3644 2558 3809 2613 neque

2222 2643 2350 2708 dici,
2381 2656 2555 2712 neque
2583 2640 2769 2706 scribi,
2803 2655 2975 2710 neque
3004 2638 3306 2709 computari
3339 2646 3521 2709 potest
3555 2656 3571 2692 :
3604 2638 3691 2693 cui
3722 2652 3807 2691 no-

2224 2751 2347 2790 men
2380 2735 2556 2800 Deus,
2598 2731 2688 2802 qui
2732 2747 2830 2802 per
2858 2730 3105 2801 angelum
3148 2737 3298 2783 tuum
3349 2728 3584 2782 Domine
3618 2726 3806 2781 fontem

2224 2826 2368 2896 Agar
2384 2822 2688 2883 ostendisti,
2711 2829 2765 2874 et
2791 2835 2857 2875 ex
2885 2834 2950 2873 eo
2979 2816 3254 2873 lsmaelem
3287 2816 3571 2871 sitientem
3601 2815 3805 2884 potasti.

2198 2914 2326 2981 ‘Qui
2360 2911 2511 2983 pueri
2545 2911 2618 2965 tui
2658 2909 2888 2964 Abrahae
2920 2910 2972 2963 in
3001 2906 3389 2978 Mesopotamia
3427 2919 3625 2975 preces
3655 2919 3809 2958 exau-

2227 3005 2383 3068 disti,
2411 3013 2468 3058 et
2501 3001 2683 3058 omnia
2725 3000 2989 3057 desideria
3029 2999 3211 3054 cordis
3253 2996 3369 3066 ejus
3408 2996 3644 3069 implesti
3676 3013 3691 3049 :
3730 2995 3809 3065 qui

2227 3092 2490 3148 famulum
2524 3101 2675 3146 tuum
2704 3090 2925 3161 Moysen
2952 3089 3005 3144 in
3032 3089 3246 3144 deserto
3276 3097 3491 3157 petram
3516 3097 3807 3158 percutere,

541 3172 750 3230 locutus
792 3185 875 3232 est
904 3180 972 3234 ad
998 3181 1288 3252 discipulos
1317 3200 1443 3240 suos
1472 3187 1658 3243 dicens
1687 3208 1700 3245 :
1735 3190 1843 3245 Vos
1872 3193 2003 3247 estis
2047 3192 2125 3247 sal
2155 3198 2199 3259 ρ
2231 3194 2286 3242 et
2309 3184 2562 3256 populum
2593 3192 2780 3254 potare
2804 3181 3015 3253 jussisti
3050 3198 3063 3234 :
3099 3180 3189 3250 qui
3222 3196 3418 3251 aquam
3452 3194 3699 3233 amaram
3722 3179 3810 3231 itu-

538 3270 732 3329 terrar;
760 3266 971 3335 qui-per
1003 3270 1302 3338 apostolum
1324 3272 1550 3328 Paulum
1573 3276 1727 3343 dixit,
1754 3278 1861 3333 Cor
1889 3290 2125 3336 vestrum

541 3350 613 3404 sit
647 3352 761 3406 sale
787 3355 1087 3411 conditum.
1122 3358 1354 3430 Ideoque
1382 3362 1597 3420 ellicere
1638 3367 1717 3421 sal
1761 3370 2127 3425 exorcizatum

545 3440 611 3492 ad
641 3446 1059 3514 expugnandum
1086 3449 1361 3506 inimicum
1392 3464 1447 3509 et
1474 3468 1689 3512 onmem
1720 3458 1992 3514 incursum
2025 3462 2130 3518 dre-

545 3532 721 3587 monis
749 3549 845 3603 per
866 3536 1120 3593 virtutem
1153 3550 1208 3595 et
1251 3559 1445 3600 nomen
1488 3547 1584 3602 Dni
1630 3549 1712 3604 nri
1749 3549 1852 3605 Jhu
1893 3552 1995 3622 Xpi
2038 3555 2130 3623 qui

544 3634 806 3682 venturus
850 3637 952 3684 est.
1007 3632 1267 3689 Dominus
1303 3637 1603 3693 vobiscum.
1656 3640 1724 3695 Et
1764 3658 1886 3696 cum
1937 3632 2139 3713 spiritui

547 3724 659 3771 tuo.
692 3717 917 3773 Sursum
954 3723 1138 3778 corda.
1182 3725 1453 3783 Habemus
1481 3730 1547 3783 ad
1577 3730 1885 3787 Dominum.
1917 3734 2134 3790 Gratias

547 3820 771 3873 agamus
796 3807 1023 3866 Domino
1053 3813 1163 3869 Deo
1191 3824 1397 3871 nostro.
1427 3818 1656 3887 Dignum
1699 3831 1755 3875 et
1793 3822 2001 3892 justum
2028 3834 2130 3880 est.

552 3895 658 3950 VD.
694 3908 745 3953 et
787 3899 991 3969 justum
1021 3913 1104 3959 est
1132 3921 1343 3975 atquum
1375 3916 1432 3963 et
1474 3909 1708 3964 salutare
1735 3912 1961 3969 Domine
1983 3916 2136 3969 Deus

549 3988 672 4043 cmli
717 3999 773 4046 et
812 4001 969 4048 terra:
997 3994 1150 4062 cujus
1195 3998 1383 4053 virtuti
1430 4000 1643 4056 subdita
1689 4012 1814 4058 sunt
1861 4006 2131 4074 universa,

550 4083 704 4153 cujus
733 4086 898 4140 verbo
946 4100 1226 4156 procreata
1276 4100 1402 4146 sunt
1447 4096 1660 4161 omnia,
1710 4098 2136 4166 supermittendo

552 4174 871 4242 supermitte
901 4175 1162 4245 Spiritum
1189 4188 1337 4233 tuum
1361 4191 1610 4236 sanctum
1636 4198 1800 4254 super
1826 4187 1966 4241 hanc
1986 4202 2138 4242 crea-

554 4271 734 4317 turam
783 4280 970 4335 aquaa,
1003 4276 1062 4321 ut
1105 4268 1200 4324 ﬁat
1240 4286 1377 4341 aqua
1414 4275 1766 4329 sanctificata.
1817 4276 1874 4330 In
1921 4278 2138 4334 nomine

556 4353 776 4423 Pal-tris
803 4367 859 4411 et
889 4357 1011 4412 Filii
1035 4370 1088 4415 et
1110 4361 1341 4431 Spiritus
1362 4365 1402 4435 -ια
1429 4367 1624 4420 sancti.
1648 4367 1826 4436 Ipsum
1856 4381 1907 4425 te
1934 4386 2137 4442 cogno-

557 4445 759 4524 scimus
809 4448 1069 4505 altissima
1117 4454 1264 4509 salus
1298 4465 1352 4511 et
1399 4467 1673 4528 respector
1716 4471 2028 4533 perpetuus,
2071 4464 2138 4517 ad

557 4552 717 4606 quem
757 4539 985 4598 humiles
1014 4560 1234 4603 oramus
1272 4558 1329 4604 et
1373 4552 1626 4622 petimus,
1679 4563 1738 4609 ut
1782 4556 2040 4611 exaudias
2086 4565 2142 4611 et
2169 4550 2219 4610 D

560 4629 874 4690 miserearis
902 4636 1152 4705 precibus
1181 4641 1402 4707 nostris,
1432 4652 1493 4697 ut
1529 4645 1837 4715 ubicunque
1865 4647 2139 4717 aspersio-

560 4722 646 4777 nis
675 4731 730 4777 et
773 4729 1127 4797 purgationis,
1172 4741 1221 4785 te
1262 4731 1513 4801 jubente,
1554 4750 1772 4805 aspersa
1820 4737 1983 4793 fuerit
2029 4740 2143 4794 haec

561 4826 723 4881 aqua,
764 4816 957 4874 habeat
986 4821 1085 4875 sibi
1119 4823 1309 4878 domus
1351 4827 1636 4895 gaudium,
1667 4844 1849 4898 spem,
1884 4830 2141 4883 honorem

562 4913 920 4973 perpetuum,
951 4918 1007 4962 ut
1040 4926 1230 4967 omnes
1261 4915 1531 4980 malivoli,
1568 4917 1734 4970 invidi
1783 4917 2141 4986 expellantur,

562 5002 619 5046 ει
664 5006 1000 5046 senarentnr.
1052 5000 1249 5046 llprntn
1297 5012 1346 5046 Ιρ
1386 5005 1628 5046 nllnnnnr
1657 5023 1788 5046 natm
1846 5022 1967 5046 nn-n
2012 5006 2148 5046 limi:

2230 3277 2399 3332 misso
2425 3275 2570 3345 ligno
2597 3273 2925 3338 dulcorasti;
2957 3273 3030 3327 ita
3060 3272 3383 3327 benedicere
3415 3271 3661 3340 digneris
3686 3270 3809 3322 hanc

2199 3382 2426 3437 ‘aquam
2459 3366 2512 3420 in
2556 3365 2774 3420 nomine
2804 3362 3019 3433 Pal-tris
3046 3371 3100 3417 et
3126 3361 3247 3417 Filii
3280 3369 3333 3417 et
3367 3360 3611 3429 Spiritus
3635 3360 3674 3429 ’ξ’
3701 3374 3808 3412 san-

2232 3460 2327 3525 cti,
2363 3468 2421 3514 ut
2447 3458 2755 3528 ubicunque
2784 3470 3004 3526 aspersa
3034 3454 3197 3510 fuerit
3236 3454 3288 3508 in
3322 3463 3417 3506 tuo
3450 3453 3673 3507 nomine
3708 3466 3809 3504 oni.

2233 3564 2329 3604 nes
2362 3548 2688 3619 jactationes
2727 3562 2897 3602 Stevas
2926 3545 3132 3601 inimici
3172 3542 3431 3614 expellas.
3478 3542 3616 3596 Illud
3661 3541 3807 3596 etiam

2235 3654 2488 3710 rogamus
2521 3647 2572 3694 te
2602 3637 2848 3703 Domine,
2877 3645 2936 3691 ut
2963 3636 3106 3692 sicut
3146 3635 3367 3690 domum
3411 3632 3622 3703 Raguel
3659 3646 3808 3701 ange-

2234 3733 2344 3786 lum
2375 3729 2653 3799 Raphahel
2701 3729 2916 3784 mittere
2962 3728 3214 3798 dignatus
3257 3740 3350 3789 es,
3396 3734 3453 3778 et
3499 3722 3809 3777 Asmodeum

2235 3823 2535 3877 daemonem
2567 3818 2861 3891 colligavit,
2894 3817 3071 3874 simile
3111 3817 3336 3873 Domine
3373 3813 3696 3870 beneﬁcium
3723 3813 3803 3866 do-

2237 3915 2346 3968 mui
2380 3914 2505 3968 huic
2534 3921 2776 3984 praestes,
2806 3920 2865 3966 ut
2890 3925 3014 3966 mox
3046 3926 3167 3965 cum
3198 3923 3417 3979 aspersa
3448 3906 3635 3971 fuerit,
3666 3919 3809 3959 num-

2237 4022 2399 4077 quam
2428 4006 2536 4060 illie
2562 4005 2647 4060 vel
2676 4006 2730 4060 in
2761 4005 2968 4069 anima,
2998 4002 3082 4059 vel
3123 4003 3176 4058 in
3214 4002 3402 4056 eadem
3441 4000 3607 4055 domo
3648 3995 3812 4052 oonsi-

2238 4099 2507 4154 stentibus
2532 4097 2728 4152 habeat
2764 4096 3000 4165 aliquam
3047 4100 3387 4165 potestatem,
3429 4090 3531 4147 sed
3574 4087 3810 4146 confusus

2239 4200 2293 4246 et
2318 4190 2597 4246 districtus
2626 4188 2899 4244 abscedat.
2928 4187 3050 4243 Per.

2761 4316 3092 4358 EXORCISIUS
3129 4316 3304 4364 AQUE.

2313 4415 2575 4471 Exercizo
2608 4423 2657 4470 te
2683 4423 2933 4469 creatura
2966 4427 3137 4483 aquas.
3169 4410 3235 4464 Ut
3264 4425 3446 4478 supra.

2314 4508 2454 4562 Alia.
2496 4509 2637 4563 Deus
2664 4507 2756 4577 qui
2787 4505 2853 4560 ad
2900 4506 3129 4562 salutem
3168 4503 3390 4559 humani
3433 4516 3560 4573 gen.
3607 4498 3673 4554 Ut
3707 4514 3802 4566 sup.

2318 4602 2460 4655 Deus
2501 4600 2735 4664 invictae,
2775 4606 2881 4654 etc.
2921 4597 3051 4652 Ant.
3087 4597 3357 4666 Asperges
3395 4607 3507 4648 me.
3551 4591 3694 4648 Ρωι.
3730 4588 3808 4643 lti-

2248 4707 2451 4748 serere.

2593 4802 2777 4857 Oratio
2805 4811 2917 4872 post
2945 4815 3293 4871 asperstonem
3321 4813 3499 4869 aqum.

2320 4921 2553 4975 Praestes
2583 4917 2723 4987 (Prs)
2743 4915 2995 4993 .Domine
3024 4929 3118 4984 per
3142 4914 3279 4967 hanc
3307 4918 3626 4966 creaturam
3657 4921 3815 4975 asper-

2256 5013 2422 5046 ρῖηηιο
2483 5010 2770 5046 conn-nom
2829 5007 3028 5046 mnntie
3125 5013 3176 5046 nt
3239 5002 3489 5046 mvrnm‘in
3556 5000 3813 5046 imperil:-
