3902 5334
68 403 213 461 1053

932 546 1149 571 'm

1307 397 1714 456 BENEDICTIO
1751 394 2150 455 CEREORUM.

1152 538 2715 567 W

3210 388 3350 449 {05‘

974 699 1715 795 BENEDICTIO
1788 698 2483 794 CEREORUM.

843 943 911 984 ut
957 921 1118 985 Non.
1163 920 1342 983 Febr.
1389 919 1724 999 I'papanti.
1766 918 1925 999 (207)
1953 916 2050 978 Ad
2074 924 2348 977 sanctam
2378 915 2673 977 Mariam.

1194 1108 1293 1180 (Ex
1327 1108 1447 1164 cod.
1478 1106 1638 1164 Vind.
1669 1105 1834 1162 theol.
1865 1120 1921 1158 u.
1952 1104 2056 1161 685
2088 1120 2211 1161 smc.
2254 1104 2334 1172 χ.)

148 1447 383 1504 Domine
412 1446 554 1501 Deus
587 1444 927 1514 omnipotens
973 1452 1188 1497 creator
1233 1438 1356 1496 ρωιὶ
1406 1448 1461 1493 et
1509 1446 1667 1493 terrm
1696 1417 1745 1475 Α
1844 1434 1988 1489 Tunc
2022 1433 2329 1487 dividantur
2356 1431 2592 1487 candela:
2620 1449 2713 1503 per
2737 1432 2991 1504 singulos,
3022 1443 3069 1489 et
3101 1438 3352 1491 accenda-

72 1555 175 1594 τες
202 1555 396 1609 regum
421 1538 679 1593 Dominus
702 1536 1114 1598 dominantium,
1141 1533 1333 1591 exaudi
1368 1547 1467 1587 nos
1498 1531 1670 1586 famu-

70 1629 160 1684 los
207 1639 334 1685 tuos
377 1629 675 1684 clamantes
716 1636 771 1682 et
813 1635 1033 1681 orantes
1062 1625 1127 1680 ad
1157 1634 1227 1681 te.
1273 1620 1567 1679 Prceamur
1593 1632 1665 1687 te,

73 1720 311 1774 Domine
349 1728 536 1775 sancte
571 1717 733 1773 Pater
765 1718 1107 1786 omnipotens
1140 1726 1341 1772 :elerne
1369 1714 1542 1779 Deus,
1575 1713 1667 1783 qui

69 1808 263 1863 omnia
314 1822 379 1864 ex
428 1806 596 1863 nihilo
646 1808 882 1873 creasti,
932 1816 987 1862 et
1033 1805 1186 1874 jussu
1240 1815 1331 1861 tuo
1372 1819 1468 1877 per
1502 1817 1668 1875 opera

73 1916 247 1968 apum
280 1902 425 1974 hunc
452 1902 716 1972 liquorem
750 1901 815 1954 ad
852 1899 1238 1970 perfectionem
1283 1913 1422 1954 cerae
1451 1900 1670 1955 evenire

72 1992 284 2055 fecisti,
314 2002 370 2046 et
397 1992 487 2063 qui
512 1991 771 2046 hodierna
795 1992 883 2047 die
910 1992 1225 2064 petitionem
1245 1991 1376 2060 justi
1401 1989 1670 2045 Simeonis

74 2082 339 2151 implesti,
369 2092 422 2137 te
452 2083 729 2138 humiliter
754 2084 1125 2153 deprecamur,
1150 2092 1207 2137 ut
1240 2083 1338 2136 has
1374 2080 1670 2151 cati-’{dclas

76 2175 148 2228 ad
181 2189 315 2228 usus
342 2174 641 2240 hominum,
667 2183 723 2229 et
752 2174 1037 2229 sanitatem
1074 2188 1360 2244 corporum
1385 2182 1438 2227 et
1464 2173 1672 2226 anima-

72 2282 199 2320 rum
234 2267 352 2321 sive
386 2267 616 2321 interra
664 2267 779 2323 sive
826 2268 880 2322 in
925 2267 1080 2336 aquis
1129 2282 1239 2351 per.
1273 2266 1669 2322 invocationem

73 2360 253 2414 sancti
300 2360 382 2414 tui
427 2360 693 2427 nominis,
742 2369 796 2416 et
839 2376 935 2431 per
977 2360 1418 2416 intercessionem
1470 2368 1673 2415 sanetae

74 2455 267 2511 Maria:
294 2456 582 2528 genitricis
617 2466 739 2520 tute,
769 2454 922 2524 cujus
948 2455 1105 2510 hodie
1136 2455 1274 2510 festa
1319 2457 1510 2509 devote
1552 2469 1672 2524 per-

72 2548 336 2613 colimus,
380 2555 435 2603 et
482 2563 577 2619 per
616 2562 807 2618 preces
830 2547 1071 2602 omnium
1103 2544 1427 2601 Sanctorum
1458 2555 1671 2600 tuorum

70 2640 452 2711 bene-{dicere
482 2632 550 2696 "et
596 2640 940 2697 sanetilicare
971 2639 1231 2710 digneris,
1265 2650 1322 2693 ut
1368 2639 1483 2693 lucc
1521 2636 1673 2707 plebs

75 2744 169 2788 tua
199 2733 331 2788 illas
355 2733 406 2788 in
434 2734 684 2790 manibus
714 2732 1010 2790 honorifice
1040 2742 1281 2803 portans,
1308 2743 1358 2787 te
1384 2731 1671 2796 cantando,

74 2836 240 2895 teque
289 2825 665 2891 laudando,tu
711 2825 972 2881 exaudies
1006 2839 1163 2881 voces
1212 2823 1377 2887 illius,
1424 2823 1491 2877 de
1537 2822 1677 2878 cmln

73 2929 274 2973 sancto
308 2926 401 2973 tuo
465 2927 521 2973 et
547 2918 612 2972 de
641 2918 771 2974 sede
798 2918 1099 2988 majestatis
1136 2926 1260 2972 tum.
1302 2916 1576 2985 Propitius
1602 2916 1679 2971 sis

72 3008 342 3062 omnibus
374 2996 734 3064 clamantibus
761 3010 829 3065 ad
858 3017 931 3073 te,
961 3022 1096 3078 quos
1126 3007 1402 3063 redemisti
1432 3007 1678 3076 pri-cinso

73 3100 351 3171 sanguine
381 3112 487 3166 tuo,
516 3100 607 3171 qui
632 3101 771 3158 vivis
799 3111 854 3158 et
897 3117 1093 3174 regnas
1127 3116 1224 3171 per
1264 3100 1447 3156 omnia
1479 3099 1676 3154 sarcula

75 3192 437 3247 sa'culorum.
475 3194 672 3248 Amen.
712 3194 972 3249 Dominus
1000 3193 1295 3249 vobiscum.
1328 3191 1386 3247 Et
1418 3207 1542 3248 cum
1569 3190 1680 3260 spi-

73 3283 189 3337 ritu
248 3291 370 3337 tuo.
422 3282 648 3340 Sursum
692 3285 876 3340 corda.
930 3283 1203 3339 Habemus
1247 3287 1314 3339 ad
1369 3282 1675 3339 Dominum.

73 3375 306 3432 Gratias
335 3391 559 3448 agamus
586 3377 815 3433 Domino
859 3378 969 3433 Deo
1005 3387 1213 3433 uestro.
1248 3376 1472 3447 Dignum
1502 3386 1554 3431 ct
1596 3376 1680 3447 ju-

76 3476 225 3520 stum
262 3476 370 3522 est.
405 3468 544 3524 Vere
574 3468 801 3539 dignum
822 3478 876 3524 et
898 3466 1104 3538 justum
1135 3479 1240 3531 est.
1271 3484 1482 3538 a‘fIlllillt
1513 3482 1565 3522 et
1594 3483 1681 3521 sa-

75 3557 282 3613 hilare.
310 3559 442 3624 Quia
469 3576 565 3630 per
587 3562 992 3617 serenissimam
1020 3576 1082 3617 ac
1111 3561 1529 3629 placidis-timum
1552 3564 1652 3616 stci

76 3649 186 3703 lam
219 3651 538 3719 genitricem
573 3661 754 3719 tuam,
799 3654 953 3724 cujus
996 3652 1421 3708 sacratissimum
1466 3667 1677 3706 nomem

73 3757 176 3811 per
223 3740 498 3797 inellahile
529 3755 583 3798 et
622 3745 983 3800 inenarranile
1030 3748 1284 3799 meritum
1330 3743 1479 3798 stella
1517 3757 1682 3798 maris

77 3833 500 3902 interpretatur,
535 3834 827 3887 humanum
876 3850 1044 3903 genus
1095 3835 1401 3888 illuminare
1442 3834 1683 3903 lignatus

76 3936 157 3975 es.
186 3921 303 3975 Pro
334 3921 433 3986 huc
463 3924 701 3978 maxime
730 3924 927 3993 gaudio
955 3925 1213 3978 hodierna
1246 3922 1334 3977 die
1357 3931 1600 3983 ovantes,
1627 3929 1676 3975 el

80 4014 186 4068 has
217 4014 479 4069 candelas
506 4015 557 4068 in
590 4015 837 4070 manibus
871 4016 1069 4070 nostris
1098 4013 1471 4070 venerabiliter
1504 4014 1681 4067 teren-

78 4118 189 4164 tes.
213 4114 274 4160 et
308 4105 610 4160 incessabili
645 4121 772 4162 voce
799 4108 1119 4172 clamantes,
1147 4115 1205 4161 ut
1234 4120 1332 4175 pro
1365 4104 1679 4160 dulcissimo
1707 4147 1752 4175 ,,

78 4213 302 4260 amore,
346 4207 399 4250 et
448 4199 865 4254 clementissima
912 4199 1303 4254 intercessione
1355 4207 1459 4251 une
1501 4197 1680 4266 dignm

79 4289 374 4360 genitricis
404 4305 726 4359 semperque
753 4288 995 4361 Virginis
1034 4306 1130 4345 nos
1159 4290 1436 4360 indignos,
1467 4288 1560 4342 sed
1602 4299 1682 4341 ta-

77 4398 207 4435 men
256 4380 501 4449 pretioso
531 4382 791 4452 sanguine
830 4390 921 4435 tuo
957 4382 1261 4450 redemptos
1299 4389 1351 4433 te
1386 4387 1588 4433 aeterno
1618 4392 1683 4433 ac

77 4487 215 4526 vero
245 4471 457 4525 lumine
486 4469 649 4526 facias
676 4472 974 4528 clementer
1000 4472 1225 4543 perfrui.
1254 4470 1377 4526 Per.

152 4561 421 4617 Oremus.
457 4560 811 4631 Omnipotens
857 4563 1185 4633 sempiterue
1230 4561 1401 4623 Deus,
1446 4558 1536 4629 qui
1584 4559 1684 4613 ho-

80 4655 281 4709 dierna
315 4654 404 4707 die
437 4651 782 4723 Unigenitum
814 4666 962 4708 tuum
1008 4654 1150 4708 ulnis
1186 4652 1357 4708 sancti
1400 4650 1686 4721 Symconis

82 4746 138 4800 in
168 4744 376 4814 templo
399 4755 493 4800 tuo
512 4755 704 4799 sancto
725 4745 1126 4813 suscipiendum
1149 4744 1511 4815 praiscutasti,
1536 4751 1686 4797 tuam

84 4835 370 4904 supplices
409 4836 765 4906 deprecamur
808 4836 1183 4899 clementiam,
1229 4846 1290 4889 ut
1336 4836 1435 4890 hos
1476 4849 1686 4896 cereos,

85 4940 231 4996 quos
280 4940 381 4980 nos
426 4928 501 4981 tui
541 4926 723 4981 famuli
777 4928 829 4981 in
879 4927 954 4981 ιιιί
1001 4928 1236 4982 nominis
1285 4926 1685 4997 magnificentia

88 5016 458 5087 suscipientes
482 5026 693 5087 gestare
720 5016 969 5088 cupimus
1007 5017 1370 5085 bene-idicem
1396 5028 1447 5069 et
1475 5017 1691 5085 sancti-i-

92 5107 267 5140 Ωιταε-α
291 5117 457 5140 nlnnn
482 5106 680 5140 lumina
703 5122 951 5140 cunni-nm
971 5106 1364 5140 ῑυιηοίηηιῖηηῖρ
1392 5107 1692 5140 annon-(Inuum

1771 1535 1889 1587 tur,
1937 1524 2297 1593 stantibuqu
2342 1522 2582 1578 omnibus
2632 1526 2687 1580 in
2735 1526 2915 1579 eodem
2955 1524 3068 1579 loco
3112 1536 3357 1580 cantatur

1770 1616 1879 1668 Ita’r
1911 1614 2252 1680 anthiphona.

1842 1707 1965 1760 Ant.
2011 1706 2123 1761 Ave
2162 1707 2333 1778 gratia
2379 1707 2535 1776 plena
2585 1708 2680 1762 Dei
2727 1707 2960 1780 genitrix
3004 1706 3181 1778 virgo,
3210 1723 3275 1763 ex
3306 1716 3358 1763 te

1771 1800 1915 1854 enim
1947 1806 2097 1853 ortus
2125 1808 2211 1853 est
2242 1795 2334 1853 Sol
2361 1798 2616 1869 justicite,
2654 1799 2963 1854 illuminans
2982 1814 3103 1870 quae
3126 1800 3178 1854 in
3208 1807 3358 1854 tene-

1770 1889 1883 1944 bris
1912 1896 2056 1943 suut.
2103 1888 2313 1944 Latiare
2351 1899 2403 1944 et
2456 1898 2510 1944 tu
2559 1891 2741 1945 senior
2763 1889 2932 1958 juste,
2972 1890 3273 1962 suscipiens
3302 1890 3359 1945 in

1771 1981 1927 2036 ulnas
1964 1981 2313 2037 liberatorem
2349 1982 2654 2038 animarum
2694 1991 3025 2050 nostrarum,
3067 1983 3357 2041 (leuantem

1771 2073 1928 2129 nobis
1955 2074 2435 2130 resurrectionem.

1843 2163 2048 2219 Oratio.
2094 2165 2298 2219 Exaudi
2347 2180 2657 2235 quaesumus
2700 2164 2814 2220 Due
2853 2164 3064 2235 plebem
3106 2175 3275 2229 tuam,
3305 2174 3360 2221 et

1772 2275 1891 2329 qum
1924 2259 2266 2313 extrinsecus
2304 2273 2481 2311 annua
2525 2258 2718 2314 tribuis
2756 2258 3047 2314 devotione
3089 2259 3356 2318 venerari,

1774 2349 2000 2404 interius
2032 2350 2242 2418 assequi
2272 2349 2459 2417 gratiae
2491 2358 2594 2403 tua:
2624 2349 2743 2405 luce
2771 2350 3027 2403 concede.
3068 2348 3191 2404 Per.

1845 2439 1991 2495 Tunc
2036 2442 2263 2511 primum
2313 2451 2559 2495 exeuntes
2601 2440 2724 2495 inde
2758 2441 3041 2508 procedant
3085 2457 3247 2511 usque
3291 2441 3361 2493 ad

1773 2547 1977 2584 crucem
2008 2530 2270 2584 cantando
2303 2531 2425 2584 Ant.
2455 2528 2795 2598 Responsum
2825 2530 3035 2600 accepit
3062 2529 3298 2601 Symeou
3329 2547 3362 2585 a

1776 2619 1979 2688 Spiritu
2008 2628 2215 2673 sancto.
2245 2617 2360 2672 Non
2387 2618 2627 2673 visurum
2660 2634 2721 2673 se
2749 2628 2977 2674 mortem
3020 2618 3124 2674 nisi
3154 2619 3364 2675 videret

1776 2710 2052 2766 Christum
2089 2711 2396 2765 Dominum.
2436 2710 2503 2765 Et
2540 2725 2665 2765 cum
2698 2710 3013 2766 inducerent
3045 2726 3268 2781 puerum
3306 2711 3365 2766 in

1783 2804 2062 2877 templum,
2094 2804 2305 2874 accepit
2351 2818 2473 2859 eum
2518 2804 2570 2858 in
2618 2803 2775 2858 ulnas
2818 2818 2947 2860 suas
2982 2812 3039 2860 et
3085 2804 3364 2860 benedixit

1785 2898 1974 2962 Deum,
1999 2905 2053 2952 et
2082 2895 2216 2951 dixit
2242 2910 2256 2947 :
2290 2894 2442 2951 Nunc
2468 2894 2695 2951 dimittis
2720 2894 2943 2950 Domine
2970 2908 3183 2951 servum
3212 2903 3363 2950 tuum

1783 2989 1834 3042 in
1867 3004 2018 3058 pace.
2049 2986 2337 3041 Versiculi.
3030 2994 3033 2997 '

1852 3081 1953 3147 Qui
1996 3080 2112 3136 sine
2152 3089 2375 3150 peccato
2398 3080 2579 3152 templi
2605 3091 2689 3135 est
2709 3079 2922 3135 oblatus
2944 3079 3013 3134 ad
3041 3093 3214 3134 aram.

1853 3176 1890 3227 Α
1926 3173 2080 3228 nullis
2107 3172 2345 3227 clemens
2374 3171 2597 3226 crimina
2627 3186 2854 3241 quaeque
2881 3170 3078 3226 demat.

1852 3268 2004 3336 Quod
2028 3268 2229 3321 rhorus
2249 3274 2428 3319 vatum
2447 3262 2783 3318 venerandus
2801 3262 2928 3316 olim
2953 3261 3156 3332 Spiritu
3179 3269 3368 3316 sancto

1784 3362 1979 3417 cecinit
2009 3356 2264 3428 repletus,
2294 3354 2469 3409 iunci
2498 3354 2701 3409 factum
2732 3351 2995 3425 genitrice
3016 3359 3227 3405 constat
3247 3364 3369 3406 esse

1786 3453 1950 3507 Maria
2004 3451 2104 3515 Qui
2131 3449 2244 3504 sine
2275 3457 2516 3518 peccato.

1853 3542 1959 3596 llm
2021 3541 2185 3594 ιιρτιηι
2231 3538 2352 3594 οωὶὶ
2404 3536 2799 3605 Domiunmque
2852 3544 3010 3590 terrae
3054 3533 3206 3603 virgo
3241 3546 3370 3585 con-

1784 3644 1947 3700 cepit.
1981 3644 2300 3697 peperitque
2346 3628 2519 3697 virgo,
2568 3636 2729 3695 atque
2772 3637 2894 3696 post
2937 3634 3150 3694 partum
3173 3618 3401 3677 uteruit'

1788 3735 2008 3777 manere
2046 3718 2325 3773 inviolata.
2368 3716 2468 3783 Qui
2514 3715 2651 3770 sine.
3230 3728 3235 3733 ‘
3400 3710 3405 3715 ’

1856 3811 2025 3878 Quem
2064 3822 2228 3863 senex
2276 3814 2450 3873 justus
2502 3802 2737 3874 Symeon
2801 3803 2853 3856 in
2912 3801 3057 3856 ulnis
3112 3801 3165 3856 in
3209 3799 3371 3856 domo

1785 3900 2008 3969 sumpsit
2046 3898 2254 3953 Domini
2286 3896 2524 3961 gavisus".
2559 3894 2639 3950 Ob
2669 3894 2812 3963 quod
2853 3900 3094 3963 optatum
3150 3891 3373 3961 proprio

1783 3996 1986 4049 videret
2027 3992 2230 4047 lumine
2253 3989 2550 4045 Christum.
2582 3985 2706 4055 Qui.

1852 4085 1930 4139 Tu
1964 4085 2135 4139 libens
2192 4081 2350 4141 votis,
2372 4079 2607 4151 petimus
2633 4077 2935 4147 precantis,
2987 4075 3130 4146 regis
3178 4074 3371 4130 αξιοι-ιιί

1783 4177 2037 4250 geniti-ix,
2090 4173 2293 4239 favcto,
2347 4176 2494 4229 clara
2546 4186 2667 4243 qua:
2714 4170 2843 4227 celsi
2896 4170 3138 4226 retinens
3174 4167 3373 4239 Olimpi

1786 4285 1949 4339 regna
1983 4266 2189 4338 petisti.
2220 4265 2345 4333 Qui.

1827 4381 1830 4383 λ
1858 4362 1941 4417 Sit
1970 4361 2077 4415 Deo
2108 4368 2294 4415 nostro
2320 4359 2485 4415 decus
2508 4367 2564 4412 et
2592 4364 2853 4428 potestas.
2878 4354 2964 4411 Sit
2992 4354 3137 4411 salus
3160 4368 3373 4425 perpcs,

1708 4460 1709 4463 ‘
1785 4452 1855 4507 sit
1884 4453 2055 4506 honor
2091 4449 2366 4518 perennis.
2399 4448 2499 4516 Qui
2528 4447 2634 4519 poli
2679 4461 2890 4503 summa
2934 4445 3140 4502 residet
3169 4447 3221 4500 in
3252 4458 3378 4500 arce

1788 4543 1962 4598 trinus
1986 4554 2039 4596 et
2061 4556 2221 4596 unus.
2249 4540 2372 4608 Qui.

1860 4633 2066 4689 Oratio.
2090 4632 2333 4686 lllnmina
2350 4630 2576 4685 Domine
2590 4643 2906 4699 qttzesumus
2923 4628 3179 4698 p0pulum
3202 4637 3376 4693 tuum,

1789 4736 1844 4781 et
1882 4725 2168 4795 splendore
2198 4723 2382 4793 gloriae
2414 4731 2518 4774 tua:
2543 4735 2639 4774 cor
2658 4722 2779 4792 ejus
2803 4734 3022 4791 semper
3049 4721 3383 4784 accende,ut

1791 4824 2129 4872 balvatorem
2170 4829 2351 4875 suum,
2388 4823 2436 4867 et
2473 4812 2813 4868 incessanter
2843 4821 3126 4884 agnoscat,
3149 4822 3205 4869 et
3224 4828 3382 4868 vera-

1792 4913 1928 4968 citer
1957 4909 2346 4980 apprehendat.
2372 4906 2472 4962 I'cr
2499 4907 2761 4961 eundem.

1772 5048 1783 5049 ί
1861 5022 2007 5076 Tunc
2044 5023 2376 5094 prorcdeulcs
2431 5016 2553 5074 inde
2597 5020 2807 5073 ueniant
2860 5018 2931 5071 ad
2982 5016 3151 5071 altare
3194 5025 3390 5070 sancta!

1805 5116 1847 5140 l'
1876 5114 1986 5140 --:“C

2032 5115 2251 5140 -..,..ι.ιΙΑ
2320 5111 2407 5140 Α..)
2468 5108 2684 5140 ᾹοΙιιιιιιη
2722 5107 3016 5140 .‘an'n-i‘nunt
3050 5115 3200 5140 'IIIII“
3235 5105 3362 5140 εἴση
