3962 6326
588 333 728 393 1055

1347 343 1642 400 APPEND.
1687 344 1779 400 AD
1824 341 2000 400 SIEC.
2040 340 2107 395 Χ.
2148 370 2216 381 -—
2253 338 2688 398 MONUMENTA
2726 343 3013 403 LITURG.

3679 353 3780 410 i036

591 457 752 512 ulnas
790 471 917 513 suas
940 457 1254 529 prmdicavit
1297 460 1507 531 populis
1552 460 1841 516 Dominum
1886 475 2009 515 eum
2056 473 2178 514 esse
2206 467 2254 527 Λ
2281 464 2337 512 et
2369 457 2468 513 bas
2490 457 2742 513 candelas
2770 465 2859 514 tua
2915 456 3338 528 benefdictione
3384 462 3650 531 pertunde;
3685 480 3782 536 qua-

590 548 716 603 vita:
746 557 803 604 et
833 553 1043 616 mortis,
1076 559 1131 606 et
1157 550 1495 608 Salvatorem
1524 552 1734 609 mundi.
1785 550 1992 607 Oratio.
2042 550 2181 607 Ore-

596 653 739 696 mus.
764 640 841 695 Da
877 655 1187 712 quaesumus
1209 643 1407 714 pepulo
1437 652 1527 699 tuo
1548 642 1776 700 Domine
1802 642 2180 700 inviolabiliter

545 730 717 803 .lidei
768 731 1081 789 ﬁrmitatem
1141 743 1201 791 ιιι
1256 736 1347 806 qui
1398 736 1736 808 unigenitum
1788 744 1939 793 tuum
1986 737 2042 793 in
2088 747 2180 793 tua

595 834 773 880 tecum
798 825 969 897 gloria
1006 829 1399 898 sempiternum
1425 829 1480 885 in
1508 831 1741 886 veritate
1776 830 1949 887 nostri
1991 843 2181 901 corpo-

595 916 674 971 ris
699 924 886 972 natum
914 918 983 973 de
1003 928 1176 974 matre
1201 920 1410 993 virgine
1433 921 1778 989 conﬁtentur,
1805 929 1863 977 et.
1904 921 2184 993 prtesenti-

597 1007 696 1063 bus
724 1006 1023 1064 liberentur
1049 1009 1309 1075 adversis,
1353 1020 1409 1067 ct
1461 1011 1731 1068 mansuris
1783 1012 1994 1084 gaudiis
2039 1012 2184 1067 inse-

600 1108 810 1153 rantur.
852 1097 976 1156 Per.
1024 1098 1260 1173 Indeque
1303 1102 1581 1173 incipiente
1619 1115 1835 1159 cantare
1874 1106 1998 1159 Ant.
2045 1104 2182 1159 Cum

601 1190 925 1248 inducerent
947 1207 1196 1263 puerum.
1226 1192 1325 1249 Ps.
1356 1192 1702 1251 Benedictus.
1747 1194 1998 1252 Oremus.
2048 1194 2183 1250 Per-

602 1285 703 1338 lice
732 1282 785 1338 in
808 1282 967 1341 nobis
1003 1300 1312 1355 qumsumus
1347 1286 1570 1343 Domine
1618 1287 1847 1358 gratiam
1899 1296 2068 1352 tuam,
2094 1287 2186 1357 qui

598 1375 730 1446 justi
760 1375 1048 1449 Symeonis
1075 1380 1533 1450 exspectationem
1561 1379 1816 1451 implesti,
1848 1390 1906 1436 ut
1929 1381 2068 1437 sicut
2098 1380 2187 1434 ille

603 1477 837 1522 mortem
885 1482 992 1524 non
1034 1468 1166 1524 vidit
1211 1470 1527 1541 priusquam
1569 1470 1845 1528 Christum
1899 1471 2186 1529 Dominum

602 1557 788 1614 videre
819 1568 1144 1625 mereretur,
1169 1561 1242 1615 ita
1266 1570 1320 1617 et
1351 1578 1451 1618 nos
1476 1564 1644 1616 vitam
1670 1561 2015 1619 obtineamus
2034 1570 2189 1619 aiter-

608 1663 757 1703 ttam.
786 1647 893 1704 Per
919 1651 1148 1706 eundem
1176 1651 1348 1723 (208).

849 1736 960 1810 (Ea:
995 1741 1171 1797 codice
1205 1740 1480 1817 Ii/teuaug.
1515 1760 1639 1800 ater.
1669 1760 1758 1809 ιιι.
1789 1743 1940 1818 circ.)

605 1830 716 1886 Ave
759 1833 956 1903 gratia.

1252 1927 1483 1986 Oremus
1525 1947 1540 1983 :

676 2014 845 2071 Erudi
872 2016 1021 2086 (209)
1050 2033 1359 2088 qumsumus
1384 2021 1610 2078 Domine
1637 2020 1850 2093 plebem
1900 2031 2081 2087 tuam;
2138 2033 2194 2079 et

605 2120 727 2175 qua:
753 2107 1093 2165 extrinsecus
1123 2123 1304 2165 annua
1352 2109 1542 2169 tribuis
1587 2113 1872 2169 devotione
1916 2111 2192 2178 venerari,

610 2197 940 2256 intrinsecus
970 2202 1185 2274 assequi
1227 2202 1415 2275 gratia:
1445 2213 1548 2262 ture
1582 2203 1758 2260 lucem
1786 2204 2063 2286 concedes
2091 2203 2196 2259 Per

605 2286 742 2342 Dum
769 2300 1039 2345 nostrum.

654 2379 901 2438 .Domine
931 2381 1073 2439 Deus
1102 2393 1315 2440 creator
1337 2385 1458 2442 οωιί
1490 2398 1546 2442 ct
1589 2396 1767 2456 tenve,
1793 2403 1890 2444 rex
1927 2404 2112 2460 regum
2142 2396 2198 2444 et

612 2470 870 2529 Dominus
933 2474 1369 2545 dominantium,
1424 2479 1620 2535 exaudi
1672 2480 1921 2552 indignos
1966 2480 2200 2536 famulos

611 2571 745 2627 tuos,
771 2566 1075 2622 clamantes
1100 2576 1158 2623 et
1189 2579 1412 2625 orantes
1440 2570 1506 2626 ad
1538 2579 1589 2625 te
1616 2585 1632 2625 :
1665 2586 1955 2643 precamur
1982 2580 2087 2627 etc.

675 2657 819 2713 Deus
841 2657 1003 2715 Pater
1031 2661 1398 2732 omnipotens,
1430 2662 1610 2720 lumen
1642 2663 1981 2731 indeliciens,
2012 2664 2200 2720 condi-

609 2761 699 2805 tor
719 2749 962 2806 onmium
992 2749 1292 2809 luminum!
1336 2754 1532 2810 exaudi
1574 2769 1695 2820 nos,
1718 2766 1775 2810 et
1795 2754 2067 2826 liene-idic
2095 2756 2200 2810 hac

612 2840 815 2906 lntnen,
841 2841 984 2911 quod
1012 2856 1045 2897 a
1070 2856 1120 2898 te
1139 2844 1466 2901 sanctilitari
1495 2854 1657 2916 atque
1677 2845 1924 2902 benedici
1950 2856 2201 2917 rogantes

611 2928 914 2998 ulla-tinnis,
941 2941 998 2989 ut
1024 2938 1394 2992 accendamur
1421 2946 1475 2994 ct
1505 2936 1873 2993 illntnincmur
1926 2937 2046 3008 igne
2090 2937 2202 2993 cla-

613 3021 957 3090 ritatistuze;
1011 3036 1068 3083 e'.
1108 3029 1251 3085 sicut
1287 3030 1412 3101 igne
1470 3029 1784 3085 illuminasti
1836 3028 2201 3101 Moysen,'ita

613 3131 926 3185 qua-sumus
960 3129 1017 3174 ιιι
1048 3119 1316 3177 illmnines
1343 3122 1527 3185 corda,
1548 3130 1606 3177 et
1648 3135 1842 3178 sensus
1886 3131 2121 3185 nostros,
2149 3129 2205 3177 et

2280 557 2438 606 tenus
2467 550 2644 607 ﬁdelis
2672 549 2898 621 populus
2934 564 3030 606 eas
3077 549 3131 605 in
3182 552 3449 621 manibus
3478 566 3674 624 portans
3707 577 3779 616 non

2280 641 2453 698 solum
2478 642 2733 700 exteriori
2753 641 2955 699 lumine
2983 643 3235 714 gaudeat,
3255 630 3355 699 sed
3399 646 3617 704 cecitate
3652 652 3783 708 cordis

2280 733 2513 804 repulsa,
2537 735 2616 791 sic
2641 734 2848 804 lumen,
2870 737 3015 808 quod
3037 737 3090 793 in
3118 738 3352 794 tenebris
3374 737 3532 804 lucet,
3552 744 3782 812 apprehen-

2281 823 2375 879 dat
2407 842 2420 879 :
2451 833 2511 879 ut
2535 838 2873 897 nequaquam
2898 841 2930 883 a
2958 827 3048 883 via
3076 828 3321 884 veritatis
3347 829 3572 886 aberret.
3607 847 3654 902 p.
3674 834 3723 889 D.
3745 851 3784 889 ιι.

2281 915 2320 972 l.
2347 915 2446 974 Ch.
2476 917 2540 973 F.
2569 927 2688 989 t.q.
2735 929 2840 976 tec.
2887 933 2941 975 v.
2990 929 3047 977 et
3100 936 3150 977 r.
3201 920 3256 975 in
3298 937 3355 976 ιι.
3400 920 3495 993 Sp.
3544 922 3597 980 S.
3633 924 3685 981 Ι).
3719 942 3785 999 per

2282 1023 2394 1064 om.
2427 1022 2506 1064 se.
2542 1007 2735 1065 Amen.

2355 1100 2617 1157 Dominus
2635 1100 2913 1157 vobiscum
2942 1110 3053 1158 etc.
3127 1101 3356 1160 Sursum
3386 1104 3544 1160 corda
3568 1114 3661 1162 etc.

2427 1193 2645 1250 Gratias
2666 1209 2890 1266 agamus
2909 1195 3028 1251 Dno
3049 1203 3156 1251 etc.

2394 1283 2535 1341 Vere
2560 1285 2782 1358 dignum
2804 1294 2911 1342 etc.
2967 1294 3170 1343 aeterne
3202 1285 3367 1343 Dens.

2357 1375 2520 1442 Fons,
2546 1384 2601 1431 et
2628 1376 2780 1449 origo
2808 1378 2972 1433 totius
3015 1375 3175 1443 lucis,
3216 1377 3308 1449 qui
3350 1376 3597 1433 mundum
3649 1379 3793 1436 illumi-

2293 1466 2435 1522 nasti
2466 1465 2671 1522 lumine
2700 1474 2805 1522 tua:
2854 1465 3140 1532 claritatis,
3167 1466 3436 1522 mittendo
3477 1466 3620 1521 nobis
3657 1468 3790 1540 unige-

2290 1558 2462 1615 nitum
2513 1569 2664 1614 tuum
2714 1574 2811 1630 per
2860 1568 3074 1615 uterum
3125 1559 3465 1615 intemerata:
3499 1557 3719 1631 Virginis;
3756 1572 3793 1615 et

2289 1666 2450 1722 quem
2476 1650 2636 1722 longe
2663 1659 2790 1707 ante
2829 1649 3128 1722 promisisti
3172 1648 3563 1722 Prophetarum
3603 1651 3793 1715 oraculis,

2293 1743 2626 1814 temporibus
2652 1742 2964 1798 novissimis
2993 1741 3168 1814 ipsum
3193 1741 3394 1797 misisti
3428 1741 3624 1807 lucem,
3644 1742 3794 1813 populis

1066 1833 1104 1905 ᾖ
1128 1874 1142 1889 .
1180 1834 1530 1907 Suscepimus
1565 1845 1672 1893 etc.
1725 1836 1839 1895 Dns
1887 1836 2185 1895 vobiscum.
2214 1849 2264 1910 Β
2295 1834 2610 1891 sedentibus
2640 1834 2694 1889 in
2734 1833 2996 1900 tenebris,
3024 1834 3079 1888 in
3111 1834 3335 1904 regione
3357 1834 3558 1889 umbrae
3580 1833 3735 1888 mortis
3760 1833 3795 1886 in

2296 1927 2413 1998 ipso
2440 1925 2660 1982 claritas
2689 1935 2876 1981 exorta
2906 1925 3090 1982 esteis
3118 1944 3131 1979 :
3165 1924 3244 1980 Tu
3266 1940 3485 1997 quoque
3505 1924 3796 1981 benedictione

2295 2026 2386 2073 tua
2417 2018 2655 2089 digneris
2684 2017 3050 2089 bene-idicere
3078 2017 3178 2073 bas
3226 2018 3486 2074 candelas
3524 2015 3703 2073 Nomini
3738 2026 3798 2072 tuo

2294 2118 2661 2181 praeparatas;
2714 2109 2805 2179 qui
2831 2123 2930 2164 nos
2957 2107 3283 2164 transtulisti
3332 2125 3362 2164 a
3422 2117 3663 2179 potestate
3696 2114 3797 2161 tene-

2296 2202 2518 2258 brarum
2549 2203 2601 2257 in
2630 2201 2898 2268 lueem,et
2918 2216 3143 2272 regnum
3164 2200 3349 2256 dilecti
3375 2199 3468 2255 lilii
3492 2200 3797 2270 tui,perquetu

2297 2305 2545 2351 exortum
2565 2304 2650 2350 est
2681 2295 2735 2351 in
2768 2294 3005 2350 tenebris
3032 2293 3213 2348 lumen
3242 2290 3414 2348 rectis
3451 2292 3623 2357 corde,
3646 2299 3689 2347 et
3711 2306 3799 2361 gau-

2297 2389 2444 2445 dium
2468 2387 2659 2443 salutis
2692 2396 2927 2441 aeterna).
2960 2385 3030 2441 Et
3050 2387 3142 2457 qui
3171 2384 3382 2455 justum
3412 2383 3683 2440 Simeonem
3704 2381 3799 2435 fulcit

2298 2479 2517 2549 repleSIi
2545 2477 2972 2549 exspectatione,
2990 2485 3050 2531 ut
3078 2492 3184 2531 non
3214 2477 3370 2548 prius
3399 2476 3591 2532 videret
3616 2482 3799 2535 mortem,

2302 2580 2591 2642 antequam
2621 2570 2897 2627 ChriStutn
2922 2568 3134 2626 Domini
3165 2568 3380 2625 videret
3407 2567 3631 2623 indutum
3656 2580 3797 2619 came:

2302 2663 2466 2718 totius
2490 2662 2672 2717 mundi
2697 2661 2880 2718 lumen
2909 2670 2963 2716 et
2989 2660 3260 2726 salutare;
3296 2659 3412 2729 ipse
3441 2674 3533 2714 nos
3555 2657 3718 2711 lumine
3734 2664 3798 2707 tua

2299 2756 2568 2811 claritatis
2589 2755 2667 2810 sic
2691 2755 2922 2825 repleas,
2950 2750 3007 2808 ut
3045 2751 3595 2808 omnesinlidelitatis
3622 2749 3799 2804 tenebras

2302 2865 2332 2903 a
2362 2849 2518 2904 nobis
2550 2847 2811 2918 repellas;
2850 2856 2907 2902 et
2929 2846 3070 2902 sicut
3096 2845 3257 2900 hodie
3290 2859 3505 2900 servum
3533 2851 3658 2896 ιιιιιιιι
3696 2838 3800 2891 dimi-

2301 2940 2419 2995 sisti
2448 2940 2499 2995 in
2524 2954 2678 3011 pace,
2708 2938 2783 2994 ita
2813 2953 2912 2994 nos
2936 2938 2991 2992 in
3035 2953 3168 3007 pace
3216 2947 3329 2992 tua:
3383 2944 3573 2992 sancta:
3613 2930 3797 2987 Erclesize

2302 3031 2543 3102 digneris
2570 3032 2874 3102 gubernare
2901 3049 2913 3084 :
2943 3039 3004 3084 ut
3036 3037 3249 3100 portum
3290 3027 3490 3101 quietis
3530 3032 3707 3079 :eternte
3739 3034 3799 3071 \‘a-

2303 3121 2513 3177 lcamus
2559 3121 2789 3185 intrare,
2820 3130 3086 3190 quatenus
3118 3118 3287 3176 radiis
3314 3127 3375 3173 ut
3424 3115 3559 3188 (210)
3589 3113 3697 3169 lucis
3720 3126 3799 3179 per-

613 3208 833 3265 mittere
865 3211 1105 3282 digneris
1133 3224 1379 3270 sanctum
1410 3213 1659 3284 angelum
1712 3220 1861 3268 tuum
1909 3212 2198 3282 Iiaphahe-
2228 3208 2275 3273 C
2304 3210 2408 3267 fusi
2448 3210 2520 3265 ibi
2558 3210 2611 3265 iu
2639 3210 2726 3267 die
2765 3207 2900 3278 justi
2960 3208 3239 3264 Examinis
3281 3207 3393 3263 lmti
3439 3221 3555 3261 cum
3595 3198 3800 3275 ynmidirls

612 3295 720 3353 lem
752 3316 766 3353 :
799 3312 856 3355 ut
886 3301 978 3370 qui
1006 3301 1202 3359 evulsit
1218 3313 1273 3359 et
1300 3303 1497 3374 repulit
1540 3319 1569 3358 ιι
1612 3303 1751 3360 Sara
1791 3312 1849 3358 et
1884 3302 2053 3359 Tobia
2098 3304 2204 3359 dm-

615 3401 832 3443 ntonem
877 3390 1217 3447 mortiferum
1263 3392 1629 3459 inl‘estautem,
1662 3403 1911 3450 conterat
1939 3394 2111 3458 illum,
2150 3403 2208 3451 et

572 3510 593 3517 -
616 3475 896 3549 disperdat
919 3480 985 3536 dc
1024 3483 1234 3539 cunctis
1269 3483 1699 3540 habitationibus
1742 3484 2037 3540 colentiqu
2094 3485 2203 3540 Do»

620 3569 825 3626 ιιιίιιιιιιι
846 3612 863 3640 ,
900 3572 968 3628 de
998 3572 1260 3640 basilicis,
1281 3577 1348 3632 de
1372 3576 1638 3637 domibus.
1669 3576 1735 3632 de
1772 3575 2006 3648 angulis,
2035 3575 2102 3632 de
2130 3574 2207 3632 le-

614 3664 801 3730 ctulis,
842 3669 909 3723 de
952 3667 1278 3736 refectoriis,
1321 3669 1388 3725 de
1436 3669 1705 3726 universis
1735 3670 1869 3726 locis
1904 3670 1959 3725 in
1985 3669 2206 3740 quibus-

614 3770 833 3828 euuque
900 3758 1225 3817 Lautulantcs
1280 3760 1508 3819 Domino
1556 3762 1822 3829 habitant,
1876 3772 1931 3820 et
1989 3763 2205 3833 requie-

616 3857 801 3914 scunt,
854 3848 1150 3917 dormiunt,
1200 3851 1454 3922 vigilant,
1504 3850 1807 3920 ambulant,
1867 3854 2204 3921 consistunt;

619 3955 721 3995 nec
747 3942 978 4012 amplius
1010 3944 1186 3999 valeat
1226 3944 1550 4014 inquietare,
1574 3945 1657 4002 vel
1685 3960 1913 4016 pavores
1933 3945 2210 4002 inmittere

616 4046 783 4100 super
821 4032 960 4100 illos,
997 4049 1135 4105 quos
1173 4035 1344 4091 sant-ti
1394 4037 1669 4093 erismatis
1722 4037 1800 4092 tui
1845 4037 2029 4094 unctio
2080 4036 2212 4094 fecit

613 4140 741 4181 esse
765 4128 1026 4183 munitos.

703 4215 1014 4287 Bene-rdieo
1040 4228 1090 4273 te
1116 4234 1241 4275 cera
1274 4221 1326 4275 in
1362 4222 1579 4276 nomine
1620 4231 1821 4278 sancta:
1866 4221 2150 4280 Trinitatis
2192 4241 2206 4278 :

621 4318 686 4362 ιιι
721 4307 796 4363 sis
829 4311 1216 4366 exterminatio
1242 4312 1464 4376 diaboli,
1490 4322 1546 4367 cl
1573 4314 1815 4369 omnium
1843 4313 2210 4371 contuberna-

624 4396 757 4451 lium
790 4396 929 4468 ejus.
951 4398 1058 4455 Per
1093 4416 1240 4468 cttm,
1268 4402 1360 4473 qui
1405 4403 1536 4459 vivit
1589 4412 1644 4461 et
1693 4413 1882 4476 regnat
1929 4405 2072 4462 Deus
2116 4421 2215 4477 per

538 4546 545 4549 .
621 4490 809 4546 omnia
839 4491 1021 4547 secula
1051 4495 1380 4550 seculorum.
1411 4495 1603 4550 Amen.

2303 3301 2631 3373 Angelorum
2657 3300 2840 3357 choris
2869 3299 3145 3355 valeanms
3172 3299 3363 3354 videre
3392 3297 3573 3353 faciem
3619 3287 3798 3349 indefessi

2304 3393 2453 3448 solis.
2499 3390 2603 3446 Per
2627 3391 2880 3446 eundem.
2911 3390 2975 3444 D.
3009 3406 3063 3444 ιι.
3093 3389 3142 3445 .l.
3173 3389 3276 3445 Ch.
3304 3388 3369 3444 F.
3401 3396 3438 3442 t.
3461 3403 3514 3458 q.
3542 3394 3579 3440 t.
3604 3389 3705 3436 v.et
3726 3391 3797 3442 reg.

2305 3486 2358 3541 in
2391 3485 2528 3541 unit.
2556 3484 2652 3556 Sp.
2686 3483 2745 3540 S.
2772 3480 2835 3536 D.
2862 3498 2960 3554 per
2980 3498 3034 3537 ο.
3061 3482 3205 3537 secla
3233 3479 3462 3536 seclum.
3485 3479 3654 3532 Amen.

2378 3576 2581 3632 Deinde
2605 3585 2969 3646 aspergantur,
2995 3573 3387 3643 thuriﬁcentur,
3415 3568 3753 3624 distribuantur.

2375 3671 2501 3725 Ant.
2562 3668 2768 3723 Lumen
2820 3666 2887 3722 ad
2940 3665 3280 3721 Revelation.
3326 3671 3433 3719 etc.
3524 3660 3555 3729 Ῡ
3601 3652 3800 3748 Διείρίοιξε

2309 3760 2529 3815 Simeon
2564 3775 2789 3830 puerum
2820 3759 2873 3813 in
2897 3755 3147 3812 manibus
3178 3773 3191 3810 :
3219 3755 3429 3826 gratias
3470 3764 3620 3820 agens
3655 3741 3802 3800 bcacdr

2310 3852 2385 3908 cit
2410 3851 2720 3906 Dominum.

2353 3941 2739 4014 Omnipotens
2788 3938 3120 4009 scmpiterne
3181 3934 3358 3992 Deus!
3422 3930 3510 4004 qui
3554 3922 3802 4021 unigenitum

2313 4011 2462 4087 tuum
2495 4041 2621 4086 ante
2650 4040 2893 4101 tempora
2923 4030 2991 4085 de
3022 4038 3072 4084 te
3101 4027 3372 4099 genitum,
3401 4024 3492 4079 sed
3530 4011 3804 4088 temporali“

2312 4125 2379 4179 de
2406 4123 2572 4178 Maria
2602 4123 2810 4193 virgine
2834 4123 3195 4184 incarnatum,
3224 4118 3407 4173 lumen
3438 4115 3687 4175 verum.“
3707 4101 3802 4193 me:

2315 4216 2501 4271 lit-iens
2523 4215 2588 4269 ad
2612 4185 2961 4284 depellendas
2980 4210 3202 4266 humani
3234 4208 3448 4281 generis
3476 4185 3805 4284 tctielirzts.t‘_lad

2320 4281 2719 4362 incendendum
2762 4302 2943 4358 lumen
2987 4302 3113 4357 lidci
3145 4309 3203 4356 et
3236 4298 3482 4354 veritatis
3536 4293 3583 4347 in
3622 4281 3802 4343 ιιιιιιιιιυηι

2315 4401 2542 4467 misisti;
2583 4400 2821 4456 concede
2855 4397 3123 4469 propitius
3154 4436 3171 4461 ,
3196 4404 3256 4449 ut
3280 4394 3419 4449 sicut
3441 4385 3651 4447 exterius
3670 4384 3800 4475 coruo-

2314 4496 2441 4562 rali,
2469 4494 2542 4550 ita
2569 4494 2735 4551 etiam
2763 4492 2992 4548 interius
3029 4490 3149 4546 luce
3175 4482 3440 4561 spirituali
3474 4484 3727 4537 mereamur
3751 4479 3797 4518 αι’·

694 4579 898 4638 AdeSto
922 4583 1409 4655 supplicationibus
1434 4585 1638 4642 nostris
1666 4586 2008 4658 omnipotens
2034 4586 2207 4643 Deus!
2235 4572 2290 4634 D
2319 4586 2540 4642 radiari.
2571 4584 2675 4641 Per
2699 4584 2865 4640 euntl.
2888 4580 3093 4638 Christ.

630 4721 3254 4753 W

3255 4690 3791 4742 ______..—-p-

1568 4835 2310 4931 BENEDICTIO
2356 4807 2999 4930 'CINERUM.’

960 5125 1218 5181 Dominus
1256 5123 1541 5179 vobiscum.
1633 5119 1878 5176 Oremus.

670 5222 860 5289 'Deus,
879 5220 970 5292 qui
999 5214 1307 5275 humilitate
1335 5215 1592 5279 ﬂecteris,
1625 5223 1681 5270 et
1703 5210 2074 5268 satisfactione
2092 5210 2214 5283 pla-

625 5313 803 5381 caris;
832 5326 1018 5367 aurem
1048 5319 1154 5366 tua:
1176 5308 1393 5380 pietatis
1439 5306 1637 5362 inclina
1684 5304 1938 5376 precibus
1986 5303 2212 5370 nostris,

668 5446 851 5516 .(208)
900 5444 1167 5517 Pleraque
1218 5442 1389 5519 huius
1424 5437 1781 5519 ritusniestivi
1830 5437 2106 5519 orationes
2159 5444 2216 5519 et

627 5508 940 5589 antiphonaa
969 5508 1221 5589 cum'usu
1266 5508 1529 5589 Hodierno
1576 5508 1820 5589 inlomano
1837 5508 2214 5589 “conveniunt,

627 5588 699 5641 de
727 5577 883 5657 c'ujus
912 5586 1240 5657 antiquitate
1290 5580 1639 5657 dixitnns__P_.
1690 5594 1776 5657 ιιι.
1836 5577 2072 5657 Disquis.
2123 5577 2216 5645 IX,

629 5672 685 5712 ο·
711 5648 1256 5739 εοίιο,.¹²;.,Νίιερίξιηι
1294 5667 1424 5709 rem
1451 5648 2052 5739 SI."“'.P“‘."!}!L:1?§}I‘P
2095 5664 2222 5739 1‘19:

632 5719 1215 5803 inimentisliturgicis
1255 5719 1494 5803 occurrit
1547 5719 1616 5803 de
1661 5719 2040 5803 benedictione
2060 5719 2218 5803 "novi

637 5795 776 5865 ignis
794 5812 825 5854 e
839 5796 994 5859 silice
1004 5788 1242 5865 excussi,
1257 5794 1396 5852 unde
1420 5791 1563 5851 cerei
1596 5788 2039 5848 accenderentur.
2057 5788 2220 5858 ClljtlS

2321 5208 2377 5270 et
2398 5211 2669 5284 capitibus
2693 5221 2975 5264 servorum
3002 5214 3215 5261 tuorum
3239 5214 3427 5259 norum
3447 5195 3656 5284 cinerum

2322 5275 2484 5362 sione
2505 5318 2570 5358 ac
2600 5299 2759 5356 tactis
2783 5296 2932 5373 (2H)
2962 5295 3177 5352 effunde
3202 5291 3458 5364 propitius
3493 5282 3684 5355 gratiam
3733 5275 3797 5318 ωῖε

2321 5434 2657 5509 meminits.
2690 5432 3003 5509 Bernartius
3050 5430 3219 5509 initio
3245 5423 3501 5509 sermonis
3533 5420 3582 5483 i,
3604 5415 3657 5470 de
3682 5394 3793 5461 Ριπίίι

2322 5510 2567 5577 variique
2590 5506 2712 5577 libri
2744 5504 2966 5577 rituales
2995 5502 3134 5577 apud
3171 5499 3500 5555 Martenium.

2393 5573 2542 5647 (209)
2576 5575 2721 5631 Miss.
2756 5573 3080 5639 R..Exaudi,
3104 5582 3210 5628 etc.

2397 5648 2545 5720 (9:0)
2578 5648 2679 5720 leg.
2713 5655 2834 5700 tute.

2398 5716 2479 5791 (2|
2499 5716 2546 5790 l)
2576 5716 2678 5790 leg.
2710 5716 2943 5772 attactis.
