3962 6326
115 307 139 361 ί
151 304 258 362 057

1233 299 1779 356 BENEDICTIONES
1807 299 2214 358 PALMARUM.

112 414 554 488 bene‘j'diclionis
578 431 590 468 :
618 421 675 468 ut
700 428 794 468 eos
821 422 877 468 et
915 412 1107 483 spiritu
1137 412 1572 484 compunctionis
1610 427 1697 466 re-
1725 424 1772 482 Α
1801 420 1856 466 et
1887 427 2144 469 concessa
2172 422 2429 485 perpetua
2462 415 2757 473 stabilitate
2795 431 3016 477 manere
3047 421 3254 477 intacta
3283 423 3381 479 dc-

106 509 297 582 pleas;
338 519 390 564 et
416 523 539 578 qua:
555 507 698 578 juste
718 505 1126 576 postulaverint,
1149 504 1441 560 efficaciter
1464 505 1692 570 tribuas,

1800 519 2014 559 cernas.
2044 503 2148 560 Per
2175 506 2345 578 (212).

139 715 3373 764 ______...————_—_—__________._______

886 891 1857 985 BENEDICTIONES
1929 897 2627 990 PALMARUM.

1568 1113 1880 1127 ——

336 1269 376 1341 -ι-
413 1281 730 1324 Βεδεωοτιο
762 1281 930 1321 sursa
966 1279 1138 1320 nanos
1177 1279 1486 1320 earumest.

248 1359 351 1428 (Ex
389 1357 769 1428 antiquissimo
799 1354 1240 1410 Sacramentario
1265 1351 1570 1424 Rbenaug.)

186 1451 334 1508 Bone
360 1450 684 1519 Redemptor
707 1460 890 1503 noster
915 1447 1161 1512 Domine,
1189 1447 1279 1516 qui
1309 1445 1374 1499 ad
1400 1445 1701 1515 passionem

107 1543 505 1614 redemptionis
532 1551 730 1596 nostra:
759 1550 1093 1610 Spontaneus
1129 1538 1551 1610 adpropinquas,
1581 1553 1702 1593 cum

107 1635 237 1690 Tibi
275 1636 438 1689 ramis
466 1634 712 1689 arboreis
739 1632 990 1688 certatim
1020 1631 1281 1686 sternitur
1312 1633 1414 1696 via,
1442 1641 1496 1686 et
1525 1631 1707 1686 trium-

104 1727 451 1797 p‘:atricibus
482 1725 676 1797 palmis
700 1741 821 1779 eum
850 1739 980 1779 voce
1007 1723 1183 1778 laudis
1208 1723 1532 1786 occurritur,
1561 1739 1707 1794 qua:-

107 1835 304 1875 snmus
324 1818 654 1887 Majestatem
688 1826 833 1871 tuam
864 1817 1123 1878 divinam,
1154 1825 1209 1869 ut
1239 1816 1350 1870 oris
1377 1816 1545 1870 nostri
1577 1831 1708 1870 con-

107 1911 407 1965 f--ssionem
437 1917 598 1978 atque
623 1907 868 1978 corporis
913 1907 966 1961 in
1005 1905 1198 1977 jejunii
1234 1907 1606 1961 bumiliatione
1639 1906 1706 1961 li-

104 2003 252 2057 bens
280 2000 565 2071 suscipias,
596 2009 650 2054 et
681 1999 912 2055 fructum
951 2008 1148 2054 nostrae
1187 1999 1477 2055 viriditatis
1506 1999 1708 2057 habere

107 2092 402 2156 concedas,
431 2101 488 2146 ut
514 2091 658 2147 sicut
683 2091 756 2146 illi
792 2091 924 2146 intui
960 2090 1176 2146 fuerunt
1212 2091 1426 2146 obviam
1457 2107 1578 2146 cum
1615 2107 1707 2146 ar-

107 2184 302 2239 boreis
331 2183 496 2254 virgis
524 2183 752 2254 egressi,
779 2183 852 2238 ita
886 2198 984 2237 nos
1013 2193 1065 2237 te
1094 2182 1354 2238 redeunte
1384 2183 1436 2238 in
1471 2184 1709 2240 secundo

109 2276 351 2331 adventu
398 2290 518 2330 cum
571 2274 764 2346 palmis
803 2273 1044 2329 victoria:
1071 2289 1378 2329 mereamur
1419 2287 1708 2330 occurrere

107 2367 250 2421 laeti.
283 2365 385 2422 Per
414 2366 610 2420 Dnum.

403 2473 720 2514 Βεκευιετιο
758 2473 843 2514 DP.
885 2473 1072 2513 ΡΑΙΛΙᾹΞ
1111 2474 1182 2513 ΕΤ
1229 2472 1424 2513 οιιγιε.

189 2551 542 2621 Omnipotens
574 2559 632 2605 et
675 2551 988 2606 misericors
1031 2551 1190 2616 Deus,
1234 2549 1507 2620 prrctende
1551 2551 1706 2607 nobis
1732 2529 1780 2588 Β

113 2640 550 2698 misericordiam
594 2651 760 2707 tuam,
804 2650 864 2696 ut
888 2642 1032 2712 quod
1077 2649 1358 2711 sperantes
1383 2641 1450 2696 ad
1481 2649 1533 2697 te
1568 2641 1706 2713 peti-

114 2749 264 2798 Inus,
295 2743 347 2790 te
368 2733 602 2788 donante
630 2733 887 2803 consequi
915 2747 1241 2787 mereamur.
1270 2731 1393 2787 Per.

191 2826 334 2880 Alia.
376 2825 616 2882 Petimus
644 2834 696 2881 te
715 2834 902 2880 sancte
933 2823 1095 2880 Pater
1133 2825 1477 2896 omnipotens
1506 2831 1709 2879 aeterne

115 2920 284 2982 Deus,
319 2927 376 2973 ut
404 2917 674 2988 respicere
716 2916 958 2988 digneris
1003 2932 1166 2987 super
1214 2919 1358 2974 banc
1397 2927 1704 2973 creaturam

115 3009 275 3062 oliva:
297 3016 402 3062 etc.

192 3099 335 3153 Alia.
375 3098 727 3168 Omnipotens
759 3085 1089 3168 sempiterno
1120 3096 1295 3164 Deus,
1332 3097 1422 3167 qui
1463 3096 1707 3168 dispersa

115 3207 416 3263 congregas
442 3202 547 3247 etc.

193 3283 335 3337 Alia.
362 3282 524 3348 Deus,
547 3283 638 3354 qui
666 3283 860 3337 Filium
910 3291 1057 3338 tuum
1089 3282 1270 3338 Jesum
1301 3283 1572 3339 Christum
1601 3283 1711 3339 Do-

121 3375 330 3430 minum
364 3383 607 3428 nostrmu
634 3389 734 3444 pro
761 3373 933 3429 salute
957 3384 1140 3429 nostra
1171 3384 1283 3430 etc.

194 3464 392 3536 (>1<)Te
423 3467 564 3520 inter
597 3473 794 3521 caetera
832 3465 1160 3519 mirabilium
1204 3475 1414 3520 tuorum
1441 3477 1708 3537 prmccpta

121 3558 349 3612 laudare
375 3557 416 3627 οἱ·
438 3565 494 3612 et
521 3556 865 3622 benedicere,
890 3555 979 3625 qui
1025 3554 1258 3609 Lamecb
1292 3570 1474 3610 semen
1502 3556 1708 3627 justqu

191 3712 347 3782 (212)
402 3713 575 3769 Unam
605 3712 776 3776 bane,
797 3726 918 3780 qua:
945 3710 1108 3764 etiam
1139 3709 1192 3763 in
1224 3708 1423 3762 Missali
1462 3709 1709 3782 Romano

116 3779 358 3840 habetur
386 3784 436 3837 in
467 3799 600 3838 msc.
635 3779 911 3850 Rlzena’ug.
943 3782 1216 3846 600,circ.
1243 3795 1508 3833 annorum
1534 3779 1707 3848 reperi

116 3857 428 3910 orationem
461 3869 558 3924 pro
586 3852 960 3924 benedictione
983 3851 1247 3924 cinerum,
1281 3865 1440 3924 quam
1475 3853 1706 3924 primum

118 3925 376 3980 monachi
411 3919 475 3978 es
508 3923 786 3992 disciplina
817 3921 1147 3991 paenitentia:
1184 3921 1281 3975 bac
1303 3919 1394 3992 die
1439 3935 1560 3992 cum
1610 3920 1711 3973 im-

115 3996 395 4068 positione
418 3989 658 4068 cinerum
706 3989 940 4047 tumulati
979 3992 1247 4068 videntur.
1295 3989 1457 4044 Juvat
1505 3991 1593 4068 ltic
1643 4006 1711 4044 ex

116 4061 317 4120 ordine
338 4065 517 4135 operis
544 4065 633 4119 Dei
669 4078 801 4118 mse.
835 4078 959 4118 smc.
998 4061 1248 4135 xiquui
1262 4075 1436 4135 usque
1474 4061 1539 4115 ad
1561 4075 1709 4135 _s:cc.

119 4153 219 4192 xvt
250 4138 303 4190 in
333 4131 428 4190 usu
457 4135 557 4189 fuit
583 4135 635 4188 in
661 4134 990 4188 monasterio
1019 4131 1074 4186 S.
1106 4131 1271 4186 Blasii
1323 4133 1484 4201 ritum
1530 4131 1715 4201 singu-

119 4211 296 4262 larem
329 4207 638 4260 describere
669 4222 682 4257 :
741 4203 896 4259 Feria
929 4202 1001 4256 IV
1029 4205 1080 4256 in
1137 4203 1312 4270 capite
1335 4200 1526 4272 jejuuii
1565 4200 1716 4272 lega-

119 4289 216 4332 tur
239 4277 507 4344 expositio
533 4277 599 4330 de
629 4274 918 4344 Evangelio
941 4273 1072 4325 Cum
1091 4273 1370 4344 jejunntis,
1399 4288 1508 4344 non
1535 4279 1712 4325 tamen

117 4367 150 4403 a
181 4341 417 4401 diacono
446 4341 848 4416 pronuntietur.
890 4344 972 4416 Ad
1015 4341 1206 4398 omnes
1245 4343 1410 4396 horas
1457 4341 1712 4416 dicantur

117 4417 364 4487 capitula
393 4411 460 4471 de
485 4415 714 4487 jejunio,
743 4423 796 4469 et
835 4414 1057 4487 collecta
1112 4427 1210 4484 pro
1265 4412 1520 4487 peccatis.
1570 4411 1716 4487 Ordo

119 4481 313 4542 autem
340 4481 705 4556 procéséionis
739 4487 852 4554 ipso
883 4485 968 4538 die
1001 4485 1072 4556 ita
1105 4481 1314 4553 agatur.
1361 4481 1717 4556 Consuetudi-

119 4559 238 4614 nali
275 4550 404 4638 liora
437 4556 672 4638 generali
717 4550 861 4638 facta
879 4550 1400 4638 oratione"eatt.atttr
1442 4561 1552 4605 ant.
1608 4550 1718 4638 Eg:-

113 4622 528 4698 surge_l)omine
553 4643 676 4698 cum
715 4625 769 4698 ᾗ.
817 4625 954 4698 Deus
993 4622 1377 4698 auribus,__ipso
1417 4623 1718 4698 tatuensdie

118 4690 248 4754 sine
279 4690 949 4762 Gloria,duobus'interim
979 4693 1360 4763 resonantibus
1386 4693 1572 4763 signis.
1591 4690 1720 4747 Post

117 4786 291 4836 quem
332 4783 451 4836 cap.
515 4767 736 4821 Domine
781 4783 881 4818 non
923 4765 1243 4829 secundum,
1287 4761 1714 4836 [t'yrié__eleison,

121 4832 295 4893 Pater
327 4832 521 4902 noster,
546 4837 689 4891 Psal.
723 4837 862 4889 Deus
894 4837 1220 4890 misereatur.
1273 4832 1404 4902 Cap.
1451 4832 1533 4885 Ne
1561 4833 1717 4902 [emi-

121 4909 377 4974 uiscaris,
433 4900 685 4962 Dominus
735 4907 1020 4966 vobiscum,
1063 4906 1238 4958 oratio
1281 4900 1514 4958 Exaudi.
1568 4900 1720 4974 Tune

120 4973 389 5034 sacerdos
420 4979 636 5032 indutus
663 4977 797 5032 stola
830 4991 990 5046 super
1036 4976 1212 5029 albam
1270 4988 1498 5046 surgens
1537 4973 1720 5026 veniat

123 5059 260 5104 ante
284 5050 452 5102 altare
492 5065 613 5103 cum
665 5044 961 5111 conversis,
1006 5046 1097 5115 qui
1144 5060 1360 5100 crucem
1400 5044 1719 5115 cineresque

126 5128 382 5183 teneant,
407 5128 462 5172 et
487 5127 592 5172 stet
617 5118 728 5186 ipse
773 5117 1001 5180 medius,
1023 5112 1106 5170 “ita
1148 5123 1206 5168 ut
1253 5128 1594 5186 conversum,
1626 5112 1715 5186 qui

125 5198 286 5245 tenet
329 5182 567 5254 crucem,
623 5182 820 5242 babent
867 5203 897 5240 a
948 5187 1209 5248 sinistris,
1265 5185 1414 5238 illum
1464 5198 1595 5242 vero
1621 5182 1715 5254 qui

1806 1264 2002 1320 dedisti
2028 1263 2171 1331 l‘i‘oe;
2196 1266 2282 1321 cui
2309 1267 2556 1348 revelasti
2586 1285 2682 1340 per
2706 1270 2966 1342 Spiritum
2992 1289 3160 1345 aquas
3179 1275 3388 1346 diluvii,

1805 1354 1985 1410 futura
2025 1373 2386 1428 cognoscens;
2435 1358 2586 1428 cujus
2619 1376 2801 1416 arcam
2836 1363 2904 1419 ad
2933 1373 3174 1420 nostram
3209 1367 3388 1424 salva-

1807 1450 2008 1504 tionem
2049 1459 2338 1506 testaretur
2363 1462 2535 1507 mater
2563 1454 2830 1521 Ecclesia,
2857 1457 2922 1512 de
2947 1473 3051 1527 qua
3073 1460 3267 1515 emissa
3297 1477 3393 1518 co-

1806 1538 1984 1593 lumba
2015 1539 2200 1595 volans
2230 1541 2522 1610 spiritualis
2553 1543 2844 1616 (specialis)
2873 1546 3028 1602 oliva:
3055 1547 3389 1606 fructuosum

1805 1628 2074 1684 surculum
2107 1631 2310 1696 retulit,
2338 1648 2500 1701 quam
2531 1634 2598 1688 ad
2640 1649 2697 1689 se
2727 1644 3088 1693 revertentem
3119 1637 3232 1694 Noe
3259 1656 3394 1711 gau-

1805 1721 1938 1776 dens
1963 1723 2229 1792 suscepit;
2257 1739 2420 1793 quam
2446 1725 2512 1778 ad
2537 1741 2594 1780 se
2624 1736 2983 1782 revertentem
3012 1744 3134 1783 cum
3163 1731 3394 1800 spiritali

1808 1812 2072 1882 (speciali)
2132 1814 2309 1869 fructu
2357 1815 2586 1870 libenter
2635 1818 2893 1887 suscepit,
2948 1819 3016 1874 de
3060 1818 3212 1889 cujus
3253 1822 3395 1876 rami

1806 1903 2060 1958 unctione
2085 1903 2251 1959 Jacob
2288 1905 2445 1960 electi
2482 1906 2692 1961 titulum
2729 1909 2901 1963 erexit
2932 1908 3181 1978 Domino,
3211 1923 3396 1968 votum

1805 1995 1954 2050 vovit
1993 2004 2049 2051 et
2085 1996 2261 2051 oleum
2293 1997 2524 2067 desuper
2555 1997 2710 2053 fudit.
2742 1998 2868 2054 Hcce
2896 2008 2978 2055 est
3005 2001 3227 2057 indictio
3257 2003 3397 2059 rami

1808 2087 1950 2143 illius
1981 2089 2252 2144 manantis
2281 2090 2346 2144 de
2381 2090 2536 2146 ccelis
2581 2092 2770 2162 gratiae
2815 2109 2909 2148 seu
2939 2103 2995 2148 et
3034 2095 3216 2164 populi
3266 2110 3398 2150 vasa

1810 2177 2088 2248 replentis.
2123 2177 2247 2234 lltec
2278 2188 2362 2236 est
2393 2181 2581 2249 gratia,
2628 2196 2747 2251 qua:
2788 2192 2845 2237 et
2876 2183 3092 2239 viduam
3125 2185 3403 2241 benedixit

1807 2269 1862 2324 in
1892 2271 2040 2335 oleo;
2073 2271 2188 2326 lucc
2218 2281 2302 2326 est
2349 2273 2571 2328 indictio
2608 2275 2741 2329 rami
2792 2275 2936 2330 illius
2977 2277 3204 2347 plantati
3241 2295 3400 2334 secus

1808 2366 2073 2424 decursus
2110 2384 2397 2437 aquarum,
2445 2370 2599 2440 cujus
2649 2369 2835 2424 folium
2888 2387 2994 2425 non
3046 2372 3253 2436 defluit,
3302 2390 3401 2445 per

1809 2461 1951 2531 quod
1974 2461 2214 2529 quotidie
2239 2476 2338 2530 per
2357 2461 2631 2515 lavacrum
2651 2460 2988 2532 baptismatis
3015 2463 3258 2517 Ecclesia
3276 2479 3400 2532 pro-

1807 2560 2048 2619 creatur,
2097 2561 2152 2606 et
2201 2561 2385 2607 nostra
2439 2551 2687 2607 delentur
2723 2563 2964 2622 peccata.
3011 2553 3136 2610 Hmc
3176 2564 3261 2610 est
3309 2565 3398 2610 tua

1811 2647 2034 2702 Domine
2061 2645 2321 2718 plantatio
2351 2644 2492 2700 bona
2522 2646 2697 2712 valde,
2725 2655 2779 2702 et
2816 2657 2869 2703 tu
2898 2663 2957 2704 es
2981 2649 3091 2703 vita
3123 2657 3178 2703 et
3215 2665 3397 2704 resur-

1809 2737 1978 2792 rectio
2024 2746 2381 2805 mortuorum,
2421 2738 2510 2808 qui
2549 2738 2979 2808 quadriduanum
3013 2739 3278 2796 Lazarum
3315 2758 3400 2796 rc-

1810 2826 2084 2882 suscitasti
2116 2842 2146 2880 a
2176 2829 2437 2893 mortuis;
2484 2837 2769 2898 propterea
2799 2837 2852 2883 et
2881 2829 3036 2884 turba
3069 2844 3192 2884 cum
3233 2830 3401 2887 ramis

1810 2920 2110 2990 palmarttm
2157 2922 2385 2977 obvians
2419 2923 2510 2976 tibi
2544 2922 2813 2977 clamabat
2862 2941 2874 2976 :
2917 2921 3134 2978 Osanna
3179 2925 3403 2979 benedi-

1811 3019 1931 3066 ctus
1961 3011 2053 3082 qui
2093 3010 2241 3066 venit
2280 3013 2332 3067 in
2365 3013 2580 3067 nomine
2625 3013 2838 3069 Domini
2877 3028 2971 3069 rex
3015 3015 3214 3082 lsrael;
3265 3031 3400 3086 qua-

1810 3112 2033 3172 propter
2084 3117 2392 3172 quacsumus
2449 3104 2675 3159 Domine
2720 3104 3062 3160 clementiam
3111 3115 3290 3170 tuam,
3343 3116 3402 3159 ut

1811 3208 1911 3246 nos
1961 3192 2194 3249 famulos
2229 3202 2369 3260 tuos,
2416 3197 2507 3265 qui
2556 3197 2714 3266 hujus
2750 3198 2827 3250 rei
2863 3199 3094 3268 gratisn
3135 3207 3189 3252 et
3239 3198 3397 3253 fidem

1810 3283 2058 3337 veritatis
2094 3285 2456 3352 percepimus,
2485 3302 2644 3341 eruas
2669 3287 2735 3342 de
2765 3302 2860 3342 ore
2904 3288 3128 3353 inferni,
3168 3297 3223 3343 et
3252 3287 3401 3358 adjn~

1811 3374 1953 3426 torio
1989 3373 2176 3442 gratim
2216 3382 2322 3429 tua:
2356 3377 2512 3431 nobis
2543 3377 2781 3432 tribuere
2816 3379 3073 3449 digneris,
3103 3388 3164 3434 ut
3181 3377 3326 3447 juste
3348 3387 3405 3432 et

1812 3466 1899 3531 pie
1941 3473 2236 3532 sancteque
2265 3464 2530 3528 viventes,
2557 3481 2678 3520 cum
2709 3468 2910 3523 Electis
2937 3477 2992 3524 et
3035 3467 3251 3523 Sanctis
3296 3469 3404 3523 tuls

1811 3550 1982 3607 facias
2010 3553 2211 3608 habere
2233 3556 2584 3610 consortium.
2613 3556 2718 3612 Per
2745 3556 2878 3612 Cbr.

1883 3710 2023 3764 Exin
2086 3711 2435 3784 surgentibus
2478 3711 2640 3766 simul
2697 3714 2949 3784 omnibus
3003 3713 3313 3784 imponatur
3371 3729 3403 3768 a

1813 3791 2036 3853 (latuere
2063 3790 2174 3834 ant.
2208 3780 2576 3853 lntntutemnr,
2601 3799 2724 3838 eum
2764 3785 2797 3853 ᾗ
2823 3824 2837 3838 .
2886 3783 3030 3838 Deus
3070 3780 3400 3839 misereatur.

1814 3850 1965 3905 Tunc
1993 3866 2210 3924 quoque
2241 3853 2358 3906 sine
2401 3851 2584 3908 Gloria
2630 3853 2726 3908 fiat
2767 3850 3024 3924 tepetilio
3075 3855 3404 3922 antipbonaa,

1814 3933 1868 3977 et
1897 3937 2018 3976 cum
2051 3922 2242 3976 timore
2271 3930 2325 3976 et
2358 3925 2659 3978 reverentia
2682 3934 2809 3980 eant
2829 3922 3163 3986 discalceati,
3190 3925 3406 3978 cunctis

1814 3993 2031 4047 interim
2062 3993 2274 4048 cineres
2300 4008 2461 4063 super
2485 3994 2660 4063 capita
2683 4011 2778 4050 sua
2802 3994 3112 4049 tollentibus
3132 3993 3403 4048 flectendo

1813 4078 2011 4134 genua,
2061 4063 2373 4134 priusquam
2416 4080 2511 4119 eos
2544 4065 2646 4119 sibi
2689 4065 3066 4134 unusquisque
3113 4065 3399 4134 suscipiat.

1814 4133 1952 4188 Istos
1979 4135 2191 4188 cineres
2219 4133 2379 4188 debet
2425 4135 2754 4190 secretarius
2811 4133 2985 4190 mane
3022 4143 3147 4190 ante
3176 4133 3395 4190 tertiam

1813 4212 2036 4276 exustos
2053 4204 2253 4276 babere
2276 4206 2340 4258 de
2355 4203 2532 4269 olivis,
2551 4221 2687 4275 quos
2708 4206 2950 4276 seniores
2964 4205 3402 4276 praeteritoanno

1815 4275 1869 4328 iu
1922 4276 2009 4328 die
2050 4274 2360 4328 Palmarum
2393 4276 2457 4330 ad
2489 4269 2679 4332 manus
2722 4269 3024 4332 sa'cerdot'is
3073 4274 3401 4331 offerebant.

1814 4344 1987 4400 Debet
2008 4347 2171 4419 etiam
2201 4361 2296 4419 eos
2322 4345 2458 4400 bene
2480 4357 2738 4419 purgatos
2762 4347 2963 4419 habere
2983 4359 3079 4415 per
3126 4359 3221 4400 vas
3277 4346 3406 4419 tale,

1816 4430 1913 4485 per
1949 4418 2092 4484 quod
2125 4415 2294 4470 farina
2324 4415 2608 4486 purgatur:
2643 4418 2797 4472 Tune
2826 4418 3042 4472 demum
3081 4415 3411 4470 exeuntibus

1817 4486 1908 4554 qui
1936 4497 2121 4538 sancta
2147 4487 2346 4548 ferunt,
2372 4487 2438 4540 de
2460 4487 2689 4542 ecclesia
2709 4527 2724 4551 ,
2756 4487 3005 4555 inprimis
3034 4486 3245 4540 scilicet
3267 4501 3413 4554 aqua

1817 4556 2122 4626 benedicta,
2173 4555 2368 4608 deinde
2394 4571 2516 4611 cum
2541 4572 2726 4620 cruce,
2752 4566 2938 4626 postea
2970 4560 3225 4610 sacerdos
3246 4566 3410 4626 canat

1818 4626 2036 4697 antipb.
2068 4623 2360 4697 Propitius,
2405 4626 2442 4696 7
2468 4665 2480 4679 .
2504 4623 2845 4697 Adjuvahhos
2874 4626 3052 4697 Dem;
3098 4626 3233 4697 item
3247 4624 3406 4693 juxta

1818 4694 2160 4755 vestibulum,
2191 4694 2848 4767 si_cque_'cu_mg'pmdieta
2889 4695 3181 4767 antipbona
3223 4695 3410 4767 ingre-

1820 4713 2160 4755 resmuuum,
2191 4713 2375 4763 sicque
2425 4713 2548 4749 cum
2631 4713 2848 4751 necleta
2889 4713 3181 4766 anupnona
3223 4713 3410 4767 Ingre-

1820 4767 2038 4818 diantur
2076 4764 2334 4836 capellam
2368 4763 2428 4818 Β.
2457 4764 2528 4818 Μ.
2656 4776 2776 4836 post
2822 4776 3002 4836 autem
3048 4766 3180 4821 dicit
3225 4780 3410 4821 sacer-

1819 4835 1918 4906 dos
1948 4850 2066 4904 cap.
2100 4833 2312 4906 Exaudi
2337 4851 2466 4900 nos;
2506 4833 2794 4906 subju'ngat
2835 4844 2890 4890 et
2927 4835 3068 4891 hanc
3097 4836 3403 4890 orationem

1820 4904 2079 4958 Dominus
2128 4905 2389 4958 vobiscum
2439 4904 2771 4967 solemuiter,
2819 4921 3036 4962 oremus
3087 4923 3102 4961 :
3170 4905 3408 4960 Concede

1822 4976 1968 5028 nobis
1996 4974 2212 5029 Domine
2233 4977 2482 5042 pra'st'dia
2505 4977 2708 5030 militia:
2726 4977 3049 5043 cltristt'anw,
3066 4977 3260 5031 deinde
3282 4990 3410 5029 ora-

1822 5044 2021 5098 tionem
2054 5047 2118 5100 de
2146 5045 2205 5098 Β.
2239 5045 2590 5118 Μηνίιέἰιιε,
2612 5062 2716 5117 qua
2749 5047 2899 5101 finita
2931 5056 3276 5118 prosternant;
3319 5059 3408 5107 se,

1821 5123 1876 5189 et
1901 5124 2058 5169 orent
2101 5132 2223 5189 cum
2268 5114 2483 5189 silentio
2517 5137 2528 5170 :
2567 5114 2689 5173 inde
2737 5118 2880 5173 faeto
2928 5114 3081 5189 Signo
3124 5123 3410 5189 surgentes

1824 5186 2042 5256 signent
2085 5201 2162 5250 se,
2197 5183 2506 5256 faciantque
2551 5197 2672 5242 ante
2722 5199 2774 5243 et
2821 5183 3003 5252 retro,
3039 5195 3094 5239 et
3147 5184 3406 5256 incipiant

124 5263 350 5316 cineres
382 5248 606 5320 tenet,'a
648 5257 876 5314 dextris.
917 5258 1126 5325 Aquam
1159 5254 1499 5326 benedictam
1541 5248 1718 5326 nullus
1748 5248 1796 5307 D
1823 5248 2053 5317 litanias,
2084 5248 2206 5311 cum
2235 5248 2434 5326 quibus
2465 5267 2800 5313 revertentes
2834 5259 2899 5312 ad
2945 5248 3172 5326 matrem
3227 5248 3404 5326 eccle-

129 5341 248 5386 tant
286 5329 358 5383 ibi
389 5329 548 5384 debet
579 5339 762 5383 tenere.
813 5329 864 5380 in
929 5323 1196 5380 manibus.
1256 5324 1407 5379 Tunc
1455 5323 1714 5377 sacerdos

126 5412 290 5456 stans
317 5401 473 5454 nudis
495 5399 718 5466 pedibus
744 5397 889 5452 dicat
911 5412 1027 5464 cap.
1053 5397 1258 5464 Adjuva
1286 5411 1378 5466 nos
1405 5392 1545 5446 Deus
1565 5392 1716 5466 selu-

129 5471 292 5533 taris,
317 5485 427 5540 quo
455 5462 599 5523 dicto
623 5467 910 5540 subiungat
935 5462 992 5540 et
1037 5462 1173 5540 hanc.
1211 5465 1551 5540 orationem,
1578 5462 1715 5516 Dens

126 5541 224 5608 qui
250 5533 396 5609 justo
423 5541 695 5603 irasceris,
721 5533 931 5592 deinde
956 5537 1260 5609 benedictio
1298 5548 1462 5609 super
1505 5533 1719 5609 eineres

131 5600 580 5665 incumbentibus
609 5600 844 5664 orationi
871 5607 1081 5662 caneris
1133 5620 1295 5674 super
1339 5600 1559 5658 formas.
1609 5600 1720 5658 Nec

131 5682 355 5737 dicatur
385 5681 484 5734 ista
514 5680 685 5735 oratio
715 5679 1048 5742 solemuiter,
1101 5678 1191 5732 sed
1248 5675 1429 5744 plane,
1477 5674 1615 5730 sicut
1664 5682 1719 5728 ct

135 5752 466 5816 anteriores,
493 5749 828 5819 Omnipotens
853 5750 1156 5820 sempiterna
1195 5745 1354 5802 Deus.

1824 5326 1960 5380 siam
1990 5325 2319 5399 perga_nt,_ut
2355 5329 2520 5382 moris
2540 5339 2644 5393 est,
2670 5345 2765 5399 per
2804 5329 3086 5399 ambitum.
3129 5325 3188 5380 In
3217 5325 3407 5399 capite

1825 5410 2042 5468 quoque
2085 5395 2276 5465 jejunii
2326 5407 2517 5453 cantor
2573 5395 2944 5468 pronuntiabit
2997 5395 3406 5468 ad_capitulum

1823 5463 2532 5536 tuattdatuntquotidianum
2564 5463 2616 5523 i'n
2645 5470 2859 5530 charta,
2890 5467 3031 5536 quod
3080 5463 3198 5519 fieri
3226 5463 3409 5536 debet

1821 5534 2250 5609 pauperibus—et
2273 5553 2334 5592 ea
2360 5540 2445 5593 die
2471 5540 2762 5609 incipiatur
2785 5534 3078 5609 secundum
3100 5534 3243 5609 quod
3263 5534 3407 5609 ordi-

1821 5605 2008 5678 natum
2040 5608 2392 5678 (intimatum)
2419 5618 2532 5672 est,
2562 5605 2617 5663 et
2653 5605 2960 5662 ordinarius
2985 5605 3160 5662 docet.
3204 5605 3407 5678 Eadem

1823 5675 1910 5730 die
1938 5676 2032 5731 fiat
2049 5672 2358 5747 processio,
2378 5672 2440 5732 et
2465 5682 2565 5734 hoc
2591 5679 2728 5732 idem
2753 5680 3070 5735 observetur
3091 5675 3239 5733 omni
3269 5672 3411 5730 feria

1822 5755 2016 5814 quarta
2041 5757 2096 5802 et
2125 5757 2273 5803 sexta
2309 5763 2477 5819 usque
2509 5747 2573 5802 ad
2600 5747 2827 5803 Pascha.

3361 5860 3394 5876 ’δ

3246 310 3385 369 1058
3465 365 3474 376 ,
