3962 5386
620 295 644 348 Ι
654 293 756 350 059

975 401 1373 460 BENEDICTIO
1426 400 1830 457 PALMARUM.

617 495 717 566 (Et:
753 496 870 551 cod.
902 494 1126 550 Vindob.
1169 495 1245 549 th.
1279 493 1402 558 M9,
1444 492 1572 546 olim
1613 490 1867 561 Augiensi
1913 504 2037 544 δεῖξε.
2084 492 2181 553 lx.)

684 590 824 643 Deus
850 588 1187 657 omnipotens
1211 585 1301 655 qui
1326 601 1421 654 pro
1444 584 1614 638 salute
1637 582 1849 652 generis
1874 579 2091 635 humani
2121 580 2186 633 de

610 674 753 729 cudo
781 673 1103 729 descendisti
1138 672 1205 726 ad
1241 681 1432 736 terras,
1464 679 1519 723 et
1554 670 2019 739 appropinquante
2054 666 2184 719 hora

614 764 880 834 passionis
921 771 1023 818 tua:
1063 761 1484 831 Hierosolymam
1531 759 1584 814 in
1629 759 1781 813 asino
1819 756 2032 821 venisti,
2059 763 2114 809 et
2154 769 2186 808 a

617 853 785 908 turbis
826 867 921 907 rex
952 851 1239 915 nominari,
1272 850 1339 904 ab
1368 848 1446 903 eis
1486 846 1694 902 laudari
1738 844 1979 909 voluisti,
2008 844 2186 912 bene-j-

613 944 794 998 dicere
818 943 1037 1014 dignare
1084 943 1183 997 hos
1227 940 1523 1011 palmarum
1565 948 1990 1006 caaterarumque
2037 934 2185 989 fron-

613 1032 758 1086 dium
802 1048 1001 1096 ramos,
1044 1040 1101 1085 ut
1135 1046 1323 1085 onmes
1356 1030 1445 1099 qui
1476 1044 1569 1084 eos
1595 1028 1869 1097 accipiunt
1898 1027 1970 1081 ita
2019 1026 2213 1081 bene-.

612 1122 863 1177 dictionis
907 1131 1011 1175 tuae
1057 1122 1198 1176 dono
1245 1120 1585 1190 repleantur,
1625 1119 1879 1187 quatinus
1906 1126 1960 1171 et
1992 1116 2045 1171 in
2082 1117 2185 1173 hoc

609 1214 805 1268 seculo
848 1214 1018 1269 hostis
1058 1214 1263 1285 antiqui
1308 1220 1690 1281 temptamenta
1735 1224 2014 1280 superare,
2045 1218 2095 1264 et
2124 1209 2179 1263 in

613 1308 795 1361 futuro
820 1322 941 1361 cum
973 1307 1149 1376 palma
1177 1306 1431 1371 victoriae,
1460 1292 1519 1360 ei
1543 1304 1716 1361 fructu
1748 1303 2010 1359 bonorum
2053 1318 2181 1377 ope—

608 1413 730 1452 rum
759 1397 856 1453 tibi
884 1397 1097 1451 valeant
1130 1411 1407 1465 apparere.
1439 1393 1543 1449 Per
1570 1393 1704 1448 Dnm
1736 1409 1876 1447 ιιι-ιιι.

1039 1552 1043 1556 ὶ
1158 1485 1278 1538 Alia
1306 1484 1623 1539 Benedictio.
2142 1534 2145 1539 ,

675 1575 1020 1647 Omnipotens
1050 1574 1376 1644 sempiterne
1403 1574 1565 1637 Deus,
1605 1572 1698 1641 qui
1745 1573 1797 1648 in
1829 1571 2029 1628 diluvio
2068 1571 2178 1629 Noe

608 1666 808 1739 fainulo
840 1676 927 1721 tuo
955 1665 1236 1720 ostendisti
1267 1662 1523 1719 eﬂ‘usione
1552 1678 1647 1733 per
1674 1679 1767 1719 ora
1803 1663 2059 1717 columbm
2087 1678 2178 1733 ge-

609 1757 803 1811 stantis
829 1772 1007 1811 ramos
1032 1756 1185 1811 oliva:
1205 1769 1391 1825 pacem
1419 1764 1574 1809 terra:
1600 1755 2173 1820 redditamnunciasti;
2209 1741 2254 1801 Β

610 1857 663 1902 te
696 1846 961 1917 supplices
1012 1847 1367 1917 deprecamur
1409 1853 1470 1899 ut
1513 1846 1654 1901 hanc
1682 1856 1986 1905 creaturam
2019 1861 2181 1916 quam

605 1947 734 1992 ante
774 1946 1121 2008 conspectum
1173 1937 1354 2008 gloria:
1397 1945 1499 1992 tua:
1544 1935 1819 1992 offerimus
1848 1937 2047 1992 veritas
2091 1947 2181 1991 tua

609 2027 965 2097 sanctiﬂicet,
1000 2035 1056 2081 ut
1083 2042 1201 2082 eam
1233 2027 1459 2082 devotus
1484 2027 1712 2098 populus
1738 2027 2057 2097 suscipiens,
2089 2026 2183 2082 be-

608 2120 931 2174 nedictionis
961 2128 1063 2173 tuae
1099 2119 1327 2189 gratiam
1367 2121 1623 2189 consequi
1659 2127 1953 2198 mereatur.
1987 2117 2110 2174 Per.

676 2208 815 2262 Alia.
843 2208 1194 2279 Omnipotens
1231 2217 1434 2264 zelerne
1459 2208 1601 2265 Deus
1647 2209 1834 2264 mundi
1874 2217 2087 2264 creator
2128 2218 2184 2269 et

607 2300 876 2354 redemtor
898 2299 989 2369 qui
1030 2308 1226 2354 nostrae
1266 2300 1601 2356 Iiberationis
1628 2309 1682 2356 et
1714 2300 2028 2358 salvationis
2060 2316 2184 2374 gra-

606 2392 679 2447 tia
708 2406 772 2446 ex
797 2407 1006 2446 sumina
1031 2390 1180 2446 caelis
1207 2406 1332 2446 arce
1354 2392 1698 2459 descendere,
1724 2408 1944 2448 carnem
1967 2409 2181 2450 sumere

601 2499 667 2539 ac
693 2483 992 2554 passionem
1017 2484 1197 2540 subire
1223 2484 1473 2555 dignatus
1498 2501 1581 2551 es,
1609 2487 2027 2557 quique'sponte
2052 2503 2183 2558 pro-

600 2576 720 2645 pria
762 2575 880 2630 loco
923 2574 1159 2643 ejusdem
1188 2577 1626 2648 appropinquans
1649 2579 1921 2648 passionis
1950 2594 1979 2634 a
2010 2581 2181 2636 turbis

603 2681 725 2723 cum
753 2665 916 2719 ramis
946 2664 1249 2735 palmarum
1276 2666 1618 2721 obviantibus
1648 2666 1914 2733 benedici,
1948 2669 2178 2738 laudari,

601 2766 657 2813 et
686 2772 777 2812 rex
808 2758 1119 2813 benedictus
1145 2756 1197 2811 in
1223 2757 1439 2811 nomine
1462 2757 1674 2813 Domini
1700 2760 1942 2825 veniens,
1973 2762 2179 2818 elevata

601 2861 735 2903 voce
779 2846 1036 2917 appellari
1074 2846 1307 2912 voluisti,
1349 2856 1399 2902 tu
1443 2863 1585 2902 nunc
1616 2859 1814 2906 nostra:
1857 2850 2180 2910 laudationis

601 2938 996 2995 confessionem
1039 2948 1324 3011 acceptare
1351 2948 1406 2995 ct
1442 2938 1540 2994 hos
1570 2940 1872 3010 palmarum
1899 2958 1961 2997 ac
1987 2941 2178 3001 ﬂorum

601 3046 782 3087 ramos
814 3020 1174 3101 benef-dicere
1202 3038 1255 3085 et
1282 3031 1661 3101 sanctifﬁcare
1685 3034 1940 3105 digneris,
1971 3044 2030 3089 ut
2054 3038 2174 3108 qui-

600 3138 811 3192 cunque
861 3122 914 3175 in
958 3130 1060 3179 tua:
1108 3121 1381 3177 servitutis
1421 3122 1681 3193 obsequio
1724 3125 1919 3182 exinde
1970 3127 2173 3197 aliquid

598 3211 783 3267 tulerit
826 3210 1030 3267 cwlcsti
1070 3211 1479 3281 benefdictione
1517 3214 1951 3286 sancti-jiicetur,
1984 3219 2174 3274 remis-

599 3297 807 3356 sionem
858 3309 1198 3371 peccatorum
1238 3310 1293 3355 et
1320 3302 1442 3357 vita:
1487 3310 1702 3359 interna:
1748 3307 1969 3375 praemia
2000 3310 2174 3377 perci-

599 3408 728 3464 pere
758 3400 1049 3455 mcreatnr,
1087 3406 1186 3461 per
1227 3400 1279 3446 te
1311 3390 1558 3451 Salvator
1587 3394 1772 3450 mundi
1818 3397 1911 3467 qui
1953 3398 2090 3453 vivis
2118 3406 2173 3454 et

600 3500 793 3557 regnas
822 3484 874 3538 in
906 3483 1095 3538 saecula
1126 3483 1461 3541 saeculorum.
1483 3484 1678 3540 Amen.

599 3597 728 3653 Alia:
748 3599 1007 3651 orationes
1031 3595 1083 3649 in
1106 3595 1189 3649 die
1209 3592 1516 3666 Pnlntarum
1540 3597 1609 3649 ad
1625 3597 1780 3666 [lorea
1798 3597 2169 3655 benedicendo:

1210 3664 1286 3718 vel
1311 3664 1545 3719 Pulmus.

667 3758 810 3812 Deus
837 3772 928 3827 qut
956 3754 1150 3809 Filium
1185 3764 1334 3808 tuum
1365 3754 1546 3809 Iesum
1575 3754 1712 3826 Xpm
1744 3758 1877 3811 Dmn
1912 3775 2030 3813 urm
2070 3775 2169 3831 pro

596 3849 771 3907 salute
806 3845 1064 3902 nostrain
1099 3846 1240 3900 hunc
1272 3845 1526 3898 mumlum
1561 3847 1752 3901 misisti
1780 3857 1885 3902 etc.

1216 3935 1336 3989 Alia
1360 3937 1528 3990 oratio

662 4037 1016 4109 Omnipotens
1062 4035 1388 4104 scmpiterne
1443 4035 1603 4099 Deus,
1653 4036 1746 4103 qui
1798 4036 1864 4090 de
1915 4035 2067 4110 ccelis
2103 4037 2169 4092 ad

597 4137 799 4183 terram
848 4116 1177 4182 descendere
1222 4115 1472 4194 dignatus
1518 4140 1600 4189 es,
1647 4134 1703 4180 et
1747 4125 1813 4179 ad
1865 4127 2168 4194 passionem

594 4215 890 4271 voluntatis
936 4222 1040 4268 tua:
1084 4212 1269 4266 venire
1306 4212 1541 4278 voluisti,
1586 4221 1646 4267 ιιι
1685 4213 1974 4267 humanum
2001 4230 2169 4284 genus

594 4323 692 4379 per
733 4316 878 4361 tuum
925 4305 1237 4374 sanguinem
1296 4304 1591 4374 pretiosum
1637 4304 1924 4372 Iiberares,
1972 4310 2064 4378 qui
2112 4309 2165 4362 in

596 4390 778 4453 mente
804 4394 994 4453 Oliveti
1038 4394 1232 4449 misisti
1271 4394 1559 4475 discipulos
1594 4404 1732 4461 tuos,
1763 4408 1818 4453 et
1862 4400 2163 4470 prateepisli

594 4490 802 4557 asinam
850 4498 905 4545 et
951 4487 1150 4560 pullum
1190 4487 1521 4559 subjUgalem
1561 4505 1682 4546 cum
1723 4492 1804 4547 eis
1838 4494 2162 4560 addducere,

592 4580 718 4650 quia
749 4588 802 4633 tu
852 4579 991 4634 Deus
1017 4579 1272 4648 dignatus
1312 4591 1373 4633 es
1409 4593 1568 4648 super
1616 4595 1737 4635 eam
1769 4583 2083 4647 ascendere,
2111 4592 2166 4638 et

591 4671 745 4743 pueri
774 4671 1116 4726 Hebraeorum
1142 4684 1264 4723 cum
1288 4670 1453 4724 ramis
1479 4671 1777 4740 palmarum
1805 4674 1857 4728 in
1880 4689 2164 4732 occursum

595 4762 690 4820 tibi
707 4762 970 4828 venerint,
988 4770 1041 4815 te
1057 4761 1336 4816 laudantes
1350 4761 1655 4816 etdicentes
1678 4780 1690 4815 :
1716 4760 1928 4818 Osanna
1945 4764 2052 4819 ﬁlio
2069 4768 2169 4821 Da-

593 4851 680 4906 vid
705 4850 1010 4906 benedictus
1029 4850 1285 4921 qui,venit
1310 4850 1363 4904 in
1389 4850 1604 4905 nomine
1623 4851 1834 4905 Domini
1855 4867 1942 4906 rex
1968 4854 2167 4910 Israhel

586 4941 806 4997 Osanna
836 4940 889 4994 in
914 4940 1160 4995 excelsis.
1199 4940 1299 5007 Qui
1332 4937 1444 4995 Noe
1486 4941 1540 4994 in
1585 4942 1749 4995 archa
1798 4958 1958 5012 super
1998 4946 2169 5002 undas

590 5030 773 5087 diluvii
802 5030 1131 5102 gubernasti,
1160 5039 1213 5083 et
1251 5032 1365 5100 ipse
1400 5044 1468 5086 ex
1504 5044 1567 5084 ea
1602 5031 1902 5087 columbam
1941 5034 2164 5102 dimisit,

592 5132 649 5177 nt
676 5123 1003 5193 perspiceret
1028 5120 1303 5184 mundum,
1328 5128 1382 5174 et
1422 5135 1639 5176 reversa
1671 5121 1785 5191 ipsa
1816 5123 1882 5178 ad
1915 5138 2038 5178 eum
2070 5140 2166 5181 ore

591 5228 689 5268 suo
743 5228 949 5267 ramum
1007 5210 1161 5266 olivae
1216 5208 1540 5278 proferebat,
1589 5218 1646 5265 et
1691 5226 1757 5266 ex
1808 5228 1870 5267 ea
1925 5214 2165 5268 nascitur

592 5303 793 5357 unctio.
842 5302 995 5358 Unde
1038 5299 1204 5356 Iacob
1250 5301 1463 5371 erigens
1488 5300 1721 5370 lapidem
1758 5302 1811 5356 in
1843 5303 2078 5368 titulum,
2108 5314 2165 5359 et

1454 286 1746 344 APPEND.
1785 284 1875 340 AD
1915 282 2086 339 SxEC.
2127 282 2194 338 Χ.
2238 313 2301 321 —
2335 281 2762 339 MONUMENTA
2797 284 3077 342 LI'I'UIIG.

3718 292 3841 350 I060

2214 403 2260 460 Α
2291 397 2538 452 manibus
2566 407 2691 453 sunt
2721 402 3040 471 suscepturi,
3070 410 3127 456 et
3172 401 3449 458 venientes
3479 402 3534 457 in
3572 418 3841 461 occursum

2288 494 2437 540 tuum
2488 496 2540 543 te
2583 488 2962 545 benedicentcs
3004 499 3059 545 et
3105 490 3366 559 dicentes,
3411 491 3727 548 benedictus
3764 497 3842 564 qni

2285 576 2435 630 venit
2464 576 2516 631 in
2550 578 2766 633 nomine
2796 579 3006 634 Domini
3034 595 3127 635 rex
3156 580 3359 635 Israhel
3394 581 3648 637 Salvator
3677 587 3842 640 mundi

2286 663 2376 734 qui
2403 665 2536 719 vivis
2563 673 2617 719 et
2654 682 2847 738 regnas
2886 669 2936 723 in
2969 670 3161 725 smcula
3197 671 3538 726 sarculorum.

2357 752 2496 807 Alia.
2541 755 2681 810 Deus
2707 758 2797 826 qui
2842 758 3083 828 dispersa
3126 775 3425 833 congregas
3450 770 3508 818 et
3536 774 3843 836 congregata

2285 852 2579 911 restauras,
2608 848 2698 916 qui
2727 849 2939 919 populis
2974 850 3081 906 tuis
3111 860 3216 905 etc.

2354 934 2493 990 Alia.
2521 938 2714 993 Adhuc
2741 941 2973 1009 petimus
2994 942 3218 997 Domine
3241 952 3430 999 sancte
3474 943 3663 1011 Pater,
3691 955 3747 1000 ut
3774 964 3843 1001 re-

2283 1028 2496 1096 spicere
2526 1027 2762 1098 digneris
2787 1045 2950 1100 super
2972 1030 3108 1087 hanc
3135 1043 3442 1087 creaturam
3471 1034 3629 1088 olivae
3656 1036 3735 1089 vel
3763 1052 3845 1089 ar-

2282 1120 2471 1174 borum
2500 1133 2659 1187 quam
2683 1134 2748 1173 ex
2775 1118 2904 1189 ligni
2932 1122 3156 1177 materie
3181 1122 3477 1193 producere
3497 1125 3726 1194 iussisti.
3752 1141 3843 1194 qua

2281 1208 2527 1263 columba
2568 1210 2777 1264 rediens
2805 1210 2871 1264 ad
2896 1220 3118 1267 arenam
3160 1215 3380 1284 proprio
3407 1214 3604 1269 detulit
3627 1230 3744 1279 ore,
3763 1216 3844 1269 be-

2283 1302 2531 1357 nedicere
2552 1310 2607 1356 et
2635 1303 2974 1360 sanctificare
2998 1306 3255 1376 digneris.
3281 1316 3341 1361 ιιι
3365 1309 3681 1379 quicunque
3704 1324 3764 1363 ex
3790 1327 3843 1365 ea

2280 1392 2586 1464 acceperint
2614 1394 2881 1463 accipiant
2925 1394 3027 1450 sibi
3058 1398 3124 1451 ad
3166 1397 3539 1454 defensionem
3572 1401 3760 1454 anima!
3799 1410 3845 1455 et

2279 1485 2522 1553 corporis
2547 1501 2559 1537 :
2588 1484 2679 1539 fiat
2701 1485 2926 1540 Domine
2952 1487 3107 1542 nobis
3128 1488 3195 1543 ad
3216 1489 3403 1545 salutis
3430 1491 3732 1546 remedium
3754 1501 3842 1547 tua:

2278 1575 2465 1645 gratia:
2489 1583 2846 1630 sacramenta.
2879 1575 2983 1632 Per
3010 1576 3169 1634 Dnm.

2385 1701 2637 1741 DOMINICA
2674 1702 2726 1741 IN
2764 1703 2952 1742 PALIIIS
2989 1704 3057 1742 AD
3109 1703 3669 1747 δλκετυιινιοιιιιτιηει
3705 1707 3756 1746 IN

2920 1774 3236 1815 LATERANIS.

2570 1845 2668 1916 (Ex
2699 1846 2818 1901 cod.
2846 1847 3004 1902 Vind.
3042 1850 3144 1904 Th.
3173 1849 3297 1914 685,
3326 1866 3454 1905 suae.
3492 1852 3577 1919 ι.)

2351 1930 2620 2005 Imprimis
2644 1934 2834 2007 legitur
2852 1936 3193 2008 anngelium
3214 1942 3504 1995 secundum
3528 1941 3840 1997 Manliana.

2281 2019 2340 2076 In
2371 2021 2460 2077 illo
2502 2033 2746 2095 tempore
2786 2042 2909 2082 cum
2945 2028 3474 2099 adpropinquassent
3508 2031 3841 2104 Iherosolym.

2281 2110 2482 2167 Deinde
2533 2117 2766 2185 sequitur
2826 2118 3111 2172 benedictio
3158 2119 3459 2189 palmarum
3506 2121 3588 2176 vel
3638 2124 3843 2176 aliam:

2279 2202 2567 2272 frondium.
2598 2205 2738 2261 Deus
2777 2206 2930 2275 cujus
2963 2208 3129 2264 Filius
3173 2225 3273 2280 pro
3301 2211 3480 2266 salute
3517 2215 3734 2283 generis
3761 2216 3846 2268 hu-

2281 2293 2425 2347 mani
2448 2295 2514 2349 de
2534 2295 2687 2352 caelis
2708 2298 2979 2354 descendit
3006 2301 3072 2355 ad
3095 2310 3283 2368 terras,
3313 2311 3367 2357 et
3391 2305 3843 2374 appropinquante

2281 2382 2412 2437 hora
2449 2385 2713 2454 passionis
2738 2401 2847 2441 suae
2873 2387 3298 2461 Hierosolymam
3328 2392 3382 2446 in
3413 2393 3574 2449 asino
3599 2395 3775 2449 venire
3795 2405 3844 2448 et

2280 2487 2311 2526 a
2336 2473 2507 2528 turbis
2535 2490 2631 2530 rex
2666 2476 2922 2548 appellari
2947 2494 3012 2535 ac
3043 2480 3251 2536 laudari
3277 2482 3465 2546 voluit,
3499 2482 3843 2553 benefdicere

2280 2564 2501 2635 dignare
2543 2567 2644 2623 hos
2689 2583 2867 2625 ramos
2916 2571 3215 2642 palmarum
3242 2584 3679 2646 externumque
3711 2576 3840 2629 fron-

2280 2657 2448 2724 dium,
2480 2667 2540 2713 ut
2564 2675 2753 2716 omnes
2777 2663 2866 2732 qui
2899 2678 2993 2720 eos
3025 2664 3184 2719 laturi
3213 2674 3358 2730 sunt,
3393 2666 3484 2721 hic
3510 2676 3568 2722 et
3595 2669 3650 2722 in
3681 2667 3840 2725 futuro

2279 2763 2401 2805 cum
2427 2749 2604 2821 palma
2634 2752 2872 2808 victoria:
2896 2763 2951 2809 et
2978 2754 3155 2811 fructu
3201 2756 3467 2813 bonorum
3496 2773 3724 2829 operum
3764 2774 3840 2809 va-

2276 2838 2419 2895 leant
2459 2856 2737 2912 apparere.
2769 2845 2871 2900 Per
2898 2847 3146 2902 eundem.

2348 2933 2489 2987 Alia.
2522 2933 2663 2990 Deus
2685 2936 2775 3008 qui
2801 2952 2898 3008 per
2918 2937 3072 2994 oliva:
3095 2955 3301 2994 ramum
3329 2956 3521 3011 pacem
3546 2951 3704 2998 terra:
3726 2958 3839 2996 nun-

2277 3022 2414 3079 tiare
2430 3022 2663 3092 jussisti,
2690 3036 2883 3095 praesta
2908 3030 3216 3097 quaesumus
3238 3041 3344 3087 etc.

2344 3115 2483 3169 Alia.
2526 3114 2873 3187 Omnipotens
2900 3121 3224 3190 sempiterne
3255 3122 3419 3187 Deus,
3452 3126 3545 3194 qui
3577 3127 3707 3180 Dum
3732 3140 3833 3178 una

2272 3200 2387 3257 Ihm
2423 3202 2557 3275 Xptn
2588 3204 2845 3261 hodierna
2874 3208 2961 3263 die
2987 3224 3148 3280 super
3177 3212 3379 3282 pullum
3415 3215 3584 3269 asina:
3611 3226 3709 3270 etc.

2724 3295 3064 3356 Exorcismus
3100 3304 3389 3372 frondium.

2344 3386 2608 3444 Exoreizo
2651 3397 2703 3444 te
2747 3392 2924 3447 onmis
2952 3402 3202 3450 creatura
3239 3395 3495 3452 foliorum
3547 3398 3611 3471 (f.
3640 3398 3829 3468 florum)

2272 3477 2355 3533 vel
2382 3479 2644 3534 frondium
2667 3481 2722 3536 in
2759 3485 2978 3537 nomine
3007 3484 3186 3540 Patris
3229 3489 3671 3558 omnifpotentis,
3695 3501 3750 3543 et
3784 3491 3828 3543 ia

2271 3570 2489 3623 nomine
2518 3569 2643 3625 .Iesu
2670 3570 2913 3642 Chrij-sti
2939 3574 3059 3628 Filii
3094 3575 3227 3643 ejus,
3254 3580 3635 3648 omnisovirtus
3657 3582 3827 3634 adver-

2269 3662 2396 3716 sarii
2445 3662 2686 3719 omnisve
2737 3661 3006 3720 exercitus
3059 3665 3251 3721 diaboli
3303 3677 3359 3722 et
3406 3672 3587 3724 omnis
3632 3671 3831 3740 spiritus

2269 3755 2494 3821 inimici,
2522 3756 2805 3827 omnisque
2844 3756 3083 3812 incursio
3125 3758 3426 3813 dzemonum
3468 3762 3739 3816 eradicare
3784 3770 3830 3813 et

2262 3842 2586 3917 explantare
2621 3849 2689 3903 ab
2722 3849 2821 3903 hac
2850 3858 3119 3917 creatura,
3149 3862 3207 3905 ut
3229 3852 3373 3906 hanc
3398 3862 3673 3923 gerentes,
3697 3860 3749 3907 et
3769 3853 3827 3906 ad

2268 3937 2364 3993 Dei
2394 3940 2623 4009 gratiam
2648 3937 2967 3996 festinantes
2992 3957 3096 3996 non
3136 3943 3458 4012 inquietare,
3489 3961 3595 3999 non
3627 3945 3829 3999 illudere

2270 4044 2588 4098 praesumus,
2616 4029 2877 4087 interdico
2908 4032 3002 4086 tibi
3047 4045 3143 4103 per
3184 4032 3360 4087 Dnum
3399 4049 3522 4090 ιιι-ιιι
3552 4033 3663 4089 Ihm
3705 4030 3825 4105 Xpm

2268 4118 2358 4188 qui
2396 4128 2543 4174 vent.

2338 4209 2583 4265 Oremus.
2615 4211 2756 4267 Deus
2795 4213 2887 4284 qui
2931 4213 3127 4270 Filium
3176 4222 3322 4271 tuum
3374 4219 3707 4288 unigenitum
3744 4232 3827 4288 pro

2268 4300 2598 4356 redemtione
2626 4310 2808 4357 nostra
2845 4304 3091 4375 dignatus
3117 4320 3177 4360 es
3218 4306 3471 4377 dirigere,
3506 4320 3566 4363 ut
3598 4309 3825 4379 populum

2272 4398 2418 4445 tuum
2447 4392 2513 4446 ab
2537 4391 2689 4447 initio
2715 4394 2767 4447 in
2787 4395 2990 4463 peccati
3017 4394 3282 4466 profundo
3301 4397 3602 4454 dimersum
3626 4416 3653 4454 a
3678 4411 3826 4453 morte

2270 4497 2556 4537 revocares
2585 4483 2653 4538 ad
2675 4485 2859 4547 vitam,
2887 4495 2943 4539 et
2969 4487 3328 4557 chirographo
3354 4488 3501 4544 letali
3525 4490 3700 4545 deleto
3724 4504 3826 4543 sano

2266 4572 2426 4638 guine
2457 4572 2579 4626 Filii
2609 4574 2684 4627 tui
2714 4574 2961 4643 gentibus
2990 4577 3273 4631 innovares
3314 4592 3562 4649 regnum.
3589 4579 3727 4634 Deus
3749 4576 3825 4648 qui

2268 4658 2512 4732 dispersa
2558 4679 2853 4735 congregas
2905 4674 2961 4719 et
3004 4675 3327 4737 congregata
3378 4684 3694 4735 conservas,
3751 4667 3826 4737 qui

2268 4756 2476 4824 populis
2502 4757 2715 4812 obviam
2742 4758 2958 4814 Christo
2993 4775 3174 4816 ramos
3202 4763 3549 4831 portantibus
3570 4763 3828 4821 benedixi.

2269 4844 2362 4908 sti,
2386 4844 2651 4914 benefdic
2688 4846 2853 4901 etiam
2884 4847 2982 4902 hos
3028 4863 3208 4904 ramos
3233 4850 3427 4920 palmae
3465 4861 3526 4907 et
3572 4854 3827 4914 arborum,

2270 4948 2405 5002 quos
2436 4935 2510 4989 tui
2542 4934 2724 4991 famuli
2748 4938 2815 4991 ad
2845 4939 3075 4994 nominis
3106 4941 3180 4994 tui
3209 4941 3648 4999 benedictionem
3676 4943 3830 4998 fideri-

2271 5034 2352 5077 ter
2382 5026 2698 5096 suscipiunt,
2734 5038 2792 5082 ut
2819 5031 2873 5084 in
2902 5045 3222 5100 quocunque
3250 5031 3368 5087 loco
3408 5033 3704 5091 introducti
3732 5036 3830 5089 Iae-

2269 5116 2397 5179 rint,
2440 5118 2872 5174 benedictionem
2921 5132 3065 5175 tuam
3114 5134 3544 5193 consequantur,
3598 5136 3658 5181 ut
3698 5125 3825 5181 omni

2268 5205 2489 5260 adversa
2537 5206 2843 5263 valetudine
2884 5208 3136 5280 effugata,
3165 5211 3385 5266 dextera
3434 5223 3528 5268 tua
3576 5226 3824 5287 protegat,

2264 5310 2400 5365 quos
2425 5296 2669 5353 redemit.
2696 5298 2799 5354 Per
2822 5302 3070 5357 eundem.
