3962 5386
589 230 727 288 1063

589 437 741 495 leant
766 451 1050 508 apparere.
1077 435 1183 490 Per
1212 435 1403 499 eund.,
1430 442 1539 489 etc.

664 529 831 596 Deus,
865 529 957 600 qui
1005 528 1203 584 Filium
1259 536 1412 583 tuum
1446 527 1781 599 unigenitum
1830 542 1929 597 pro
1969 526 2181 581 redem-

597 621 749 676 tione
768 629 948 676 nostra
978 620 1230 692 dignatus
1253 634 1315 675 es
1343 617 1410 673 ad
1441 633 1539 674 nos
1557 617 1816 690 dirigere,
1837 625 1897 672 ut
1924 617 2178 689 populum

594 726 747 765 ιιιιιηι
799 713 852 766 in
900 710 1108 781 peccati
1149 709 1418 782 profundo
1467 709 1536 765 ab
1594 709 1750 764 initio
1798 709 2108 765 demersum
2148 726 2177 763 a

588 809 765 856 morte
791 801 857 855 ad
887 803 1053 856 vitam
1083 816 1389 867 revocares,
1412 809 1468 857 et
1488 800 1866 871 chyrographo
1900 799 2061 855 hetali
2086 801 2181 857 de-

587 888 698 945 leto
727 892 992 961 sanguine
1039 891 1164 946 Filii
1211 891 1287 946 tui
1332 891 1589 962 gentibus
1614 890 1902 946 innovares
1931 906 2178 962 regnum.

585 979 755 1047 Deus,
784 983 875 1053 qui
918 984 1160 1054 dispersa
1190 998 1512 1057 congregas,
1537 990 1593 1040 et
1613 989 1938 1055 congregata
1961 1000 2181 1043 conser-

587 1089 717 1143 vas;
752 1076 846 1147 qui
887 1077 1104 1148 pepulis
1129 1077 1346 1133 obviam
1374 1074 1593 1132 Christo
1623 1091 1803 1132 ramos
1838 1078 2180 1148 portantibus

590 1166 949 1233 benedixisti;
982 1168 1254 1238 benefdic
1288 1168 1453 1223 etiam
1501 1167 1600 1222 hos
1628 1167 1931 1239 palmarum
1953 1178 2008 1224 et
2035 1180 2179 1227 cete-

572 1256 774 1311 ‘rarum
805 1258 1063 1313 frontium
1084 1273 1287 1324 ramos,
1314 1274 1451 1329 quos
1478 1258 1551 1312 tui
1596 1257 1867 1329 supplices
1903 1260 1970 1314 ad
2000 1262 2177 1316 nomi-

584 1347 673 1403 nis
705 1349 779 1403 tui
807 1348 1035 1420 gloriam
1068 1350 1301 1405 fideliter
1328 1350 1663 1421 suscipiunt;
1695 1356 1755 1403 ut
1780 1350 1833 1404 in
1856 1366 2179 1424 quocunque

585 1440 706 1495 loco
737 1439 883 1494 allati
923 1439 1140 1503 fuerint,
1172 1441 1305 1496 inibi
1350 1448 1632 1498 manentes
1663 1454 1809 1499 tuam
1843 1442 2176 1500 benedictio-

587 1546 714 1585 nem
736 1540 1182 1602 consequantur:
1219 1542 1275 1588 et
1304 1535 1450 1590 onmi
1488 1536 1714 1594 adversa
1749 1538 2048 1594 valitudine
2091 1536 2175 1592 fu-

586 1633 715 1695 gata
747 1625 971 1681 dextera
1006 1635 1094 1680 tua
1139 1634 1391 1699 protegat
1418 1643 1557 1701 quos
1607 1631 1856 1687 redemit.
1889 1630 1993 1687 l’er
2037 1646 2176 1687 euu-

588 1714 734 1778 dem,
761 1722 867 1769 etc.

660 1804 802 1859 Deus
831 1805 923 1874 qui
965 1820 1063 1876 per
1100 1806 1257 1862 olivae
1285 1824 1495 1864 ranmm
1522 1825 1711 1881 pacem
1748 1819 1907 1894 terrae
1938 1813 2176 1869 nuntiari

580 1896 818 1963 jussisti,
847 1905 1042 1967 praesta
1074 1913 1383 1969 quaesumus
1412 1920 1425 1955 :
1453 1912 1511 1957 ut
1539 1903 1638 1959 hos
1658 1903 1984 1975 palmarum,
2028 1917 2176 1961 cete-
2194 1902 2207 1914 ’

589 2002 890 2058 rarumque
937 1988 1207 2046 frondium
1250 2008 1436 2049 ramos
1459 1993 1534 2049 ita
1559 2003 1649 2049 tua
1699 1996 1906 2053 cmlesti
1952 1998 2176 2055 benedi-

587 2080 770 2135 ctione
799 2081 1144 2150 sanctillces;
1176 2092 1235 2138 ut
1267 2086 1520 2142 omnibus
1549 2086 1704 2150 locis,
1730 2088 1796 2143 ad
1819 2104 1941 2159 qua‘
1978 2092 2177 2161 portati

590 2169 811 2235 fuerint,
840 2180 1032 2226 contra
1082 2172 1293 2244 antiqui
1326 2175 1500 2230 hostis
1528 2175 1752 2232 insidias
1778 2194 1968 2248 pacem
1996 2190 2051 2235 et
2086 2182 2180 2238 be-

585 2259 949 2317 nedictionem
977 2263 1193 2319 valeant
1218 2265 1337 2321 sine
1370 2264 1476 2321 ﬁne
1503 2266 1771 2323 conferre.
1805 2269 1931 2335 Per,
1961 2278 2069 2326 etc.

658 2349 936 2422 Bene‘l-dic
963 2352 1198 2410 Domine
1227 2370 1539 2424 quaesumus
1578 2357 1678 2413 hos
1706 2357 2034 2428 palmarum,
2083 2366 2180 2418 sed

585 2442 856 2498 olivarum
906 2460 1122 2512 ramos;
1191 2449 1357 2503 etiam
1408 2448 1636 2507 Domine
1690 2453 2084 2524 deprecamur:
2120 2466 2180 2512 ut

587 2533 846 2603 praedicta
869 2535 1125 2592 arborum
1150 2539 1393 2608 germina
1417 2540 1490 2596 ita
1514 2542 1897 2614 saneti-i-ficare
1918 2546 2176 2615 digneris,

590 2633 648 2679 ut
676 2624 819 2693 loca,
845 2627 914 2682 ad
940 2641 1060 2697 qua:
1079 2638 1292 2700 portata
1323 2632 1547 2699 fuerint,
1568 2634 1913 2691 sanctificata
1939 2635 2181 2693 efﬁcian-

588 2731 678 2776 tur
705 2740 718 2776 :
745 2737 854 2793 quo
881 2725 1064 2782 omnis
1092 2725 1350 2797 iniquitas
1375 2743 1469 2784 seu
1503 2728 1683 2785 illusio
1720 2729 2027 2787 daemonum
2052 2734 2179 2788 abs-

586 2818 764 2886 cedat,
800 2831 857 2877 et
909 2832 999 2881 tua
1046 2841 1146 2882 nos
1174 2841 1395 2898 semper
1424 2827 1646 2883 dextera
1674 2836 1959 2900 protegere
1986 2829 2172 2900 digne-

589 2918 700 2968 tur.
728 2913 833 2970 Per
862 2916 925 2971 D.
964 2933 1021 2973 n.
1069 2918 1120 2973 J.
1150 2917 1253 2974 Ch.
1283 2919 1346 2974 F.
1398 2928 1438 2974 t.
1487 2920 1580 2990 qui
1628 2928 1668 2975 t.
1693 2935 1747 2975 v.
1777 2929 1835 2976 et
1863 2936 1910 2975 r.
1941 2933 2051 2977 etc.
2084 2935 2182 2991 per

586 3004 767 3057 omnia
791 3007 990 3062 saecula
1020 3009 1365 3075 Steculorum.
1398 3011 1596 3066 Amen.

1473 222 1766 282 M‘PEND.
1806 226 1898 281 AD
1937 224 2109 282 SAEC.
2152 225 2217 279 Χ.
2261 259 2327 267 ——
2362 226 2797 287 )lllNUMENTA
2834 228 3113 289 LITURG.

585 345 770 417 palma
793 342 1056 410 victorite,
1085 352 1140 399 et
1176 341 1356 399 fructu
1386 340 1654 398 bonorum
1680 355 1904 413 operum
1935 340 2029 397 tibi
2076 355 2174 395 va-
2204 348 2249 404 Α

3728 236 3849 292 1οω

3095 346 3161 401 Et
3190 359 3312 402 cum
3340 336 3542 418 spiritu
3571 357 3689 403 tuo.

3101 439 3402 508 Habemus,
3431 450 3540 497 etc.

3117 530 3372 600 Dignum,
3403 541 3517 587 etc.

2352 643 2496 699 Vere
2541 643 2761 715 dignum
2797 654 2854 700 et
2900 643 3109 714 justum
3151 654 3258 713 est,
3306 654 3411 703 etc.
3455 654 3664 702 aeterne
3700 646 3847 703 Dens.

2280 731 2540 790 Conditor
2571 735 2780 802 mundi,
2809 737 3162 808 omniumque
3185 746 3568 795 creaturarum
3599 739 3848 795 mirabilis

2280 823 2588 895 diepositor,
2614 826 2707 895 qui
2743 825 2887 881 inter
2916 825 3030 898 ipsa
3074 826 3259 882 mundi
3286 827 3611 898 primordia,
3642 844 3761 883 cum
3795 846 3853 884 ex

2280 914 2449 969 nihilo
2496 925 2693 970 cuncta
2738 916 3035 982 condercs;
3068 917 3209 987 ligna
3255 931 3474 988 quoque
3499 916 3773 973 fructifera
3806 931 3854 972 et

2279 1004 2494 1061 diverso
2569 1007 2691 1062 usui
2773 1022 3013 1079 congrua
3096 1018 3299 1064 terram
3384 1008 3692 1081 producere
3752 1011 3856 1080 jus-

2280 1096 2429 1162 sisti;
2455 1112 2520 1152 ac
2534 1107 2655 1167 post
2679 1097 3026 1155 maledictum
3048 1098 3354 1156 interdictae
3384 1101 3605 1157 arboris
3626 1102 3855 1158 universa

2284 1190 2444 1247 nobis
2470 1206 2567 1262 per
2592 1192 2960 1247 obedientiam
2991 1194 3252 1264 unigeniti
3304 1193 3381 1248 tui
3431 1193 3486 1248 in
3543 1193 3855 1250 benedictio-

2281 1294 2405 1334 nem
2435 1281 2755 1336 convertisti
2785 1299 2797 1336 :
2831 1283 3104 1354 bene-{dic
3129 1284 3294 1339 etiam
3326 1285 3427 1339 bos
3454 1283 3857 1354 multigenarum

2280 1372 2534 1427 arborqu
2575 1388 2776 1440 ramos,
2830 1374 2974 1430 inter
3010 1390 3146 1445 quas
3187 1376 3463 1447 pracipes
3502 1378 3674 1433 arbor
3704 1379 3846 1434 oliva:

2281 1463 2608 1535 pinguedine
2636 1474 2833 1520 cuneta
2860 1466 3150 1536 praecellit;
3192 1483 3290 1539 per
3330 1483 3498 1539 quam
3549 1470 3712 1525 etiam
3748 1484 3857 1525 eam

2282 1553 2510 1609 crimina
2534 1555 2719 1610 mundi
2747 1554 2951 1611 diluvro
2974 1558 3251 1627 quondam
3274 1561 3641 1629 expiarentur
3662 1560 3859 1623 dilfuso.

2283 1646 2533 1703 columba
2559 1663 2773 1703 ramum
2797 1649 3037 1718 ejusdem
3067 1649 3313 1707 deferens
3337 1667 3537 1721 pacem
3571 1654 3732 1708 terris
3754 1657 3861 1709 red-

2351 343 2610 399 Dominus
2636 345 2912 401 vobiscum

2353 437 2580 493 Sursum
2610 440 2796 495 corda.

2352 530 2571 587 Gratias
2598 547 2840 602 agamus,
2874 540 2980 588 etc.

2205 1715 2253 1776 Β
2281 1738 2449 1794 ditam
2477 1739 2751 1795 nuntiavit
2778 1755 2791 1793 :
2823 1715 2924 1795 nec
2951 1734 3057 1796 non
3093 1750 3149 1797 et
3191 1715 3458 1799 innocens
3485 1743 3651 1798 turba
3676 1742 3856 1813 Spiritu

2281 1842 2471 1885 sancto
2516 1830 2718 1896 alllata,
2750 1832 3028 1903 unigenito
3076 1841 3168 1887 tuo
3217 1833 3450 1892 Domino
3502 1845 3698 1890 nostro
3740 1833 3851 1890 less

2279 1919 2497 1976 Christo
2545 1935 2645 1990 pro
2692 1924 2859 1977 totius
2907 1924 3091 1978 mundi
3143 1923 3321 1980 salute
3368 1939 3611 1995 passuro
3659 1925 3858 1981 obviam

2279 2025 2528 2077 currens,
2556 2010 2882 2082 palmarum,
2909 2023 2965 2069 et
3000 2011 3158 2081 hujus
3206 2015 3422 2070 arboris
3471 2031 3663 2070 ramos
3706 2017 3861 2071 absci-

2280 2101 2442 2168 dens,
2478 2118 2542 2158 ac
2569 2104 2817 2174 vestigiis
2838 2104 2956 2174 ejus
2984 2107 3338 2162 substernens
3357 2105 3476 2176 jam
3497 2108 3660 2178 quasi
3689 2109 3859 2163 trium-

2281 2194 2567 2264 phatorcm
2593 2196 2660 2249 tle
2684 2199 2877 2252 mortis
2902 2197 3147 2269 principe
3171 2200 3521 2265 ostendebat.

2354 2287 2430 2343 Te
2463 2286 2691 2344 Domine
2714 2289 3033 2360 suppliciter
3055 2291 3415 2362 deprecamur
3438 2310 3456 2347 :
3485 2301 3549 2347 ut
3578 2292 3678 2364 qui
3705 2308 3860 2349 anno:

2280 2378 2566 2435 devotione
2587 2381 2830 2452 ejusdem
2854 2381 3237 2454 Redemptoris
3256 2384 3435 2440 nostri
3448 2387 3859 2442 sacratissima

2278 2473 2588 2542 passionem
2615 2475 2915 2543 praevenire
2962 2476 3220 2543 nitimur;
3261 2477 3384 2549 ipso
3423 2476 3724 2546 adiuvante
3765 2482 3861 2549 pal-

2282 2580 2428 2619 mam
2462 2549 2703 2621 victoriie
2730 2575 3000 2635 tenentes,
3031 2577 3195 2640 atque
3220 2569 3341 2626 oleo
3369 2571 3767 2628 misericordia:
3792 2575 3860 2626 in-

2283 2662 2557 2717 trinset-us
2588 2662 2935 2735 refulgentes,
2974 2667 3028 2719 in
3077 2663 3194 2734 ejus
3239 2673 3435 2721 sancta
3483 2667 3859 2722 resurrecturi:

2281 2753 2565 2823 praemium
2599 2747 2723 2809 vitae
2744 2763 2799 2809 et
2844 2755 3264 2812 immortalitatis
3297 2771 3569 2812 coronam
3602 2759 3858 2828 percipere

2283 2860 2613 2900 mereamur.
2657 2843 2763 2901 Per
2789 2846 2950 2901 eund.
2979 2845 3132 2901 Dom.

1647 3355 2388 3449 BENEDICTIO
2461 3357 2788 3452 OLEI.

1072 3700 1140 3755 nv
1182 3699 1399 3757 COENA
1438 3672 1714 3759 DOMINI.‘

590 3811 692 3882 (Ex
737 3808 855 3866 cod.
909 3808 1040 3866 bibl.
1096 3810 1236 3868 Caes.
1284 3813 1445 3869 Vind.
1494 3830 1620 3871 sam.
1679 3832 1710 3869 κ
1771 3815 1853 3870 vel
1903 3832 1955 3870 xi
2010 3814 2177 3871 tlteol.

1221 3919 1373 3959 num.
1404 3904 1555 3977 359).

665 4032 790 4104 Ipso
824 4034 910 4089 die
936 4046 1191 4089 sanentur
1222 4053 1494 4108 campanae
1522 4038 1594 4093 ad
1626 4037 1869 4093 Missam.
1908 4050 1957 4094 et
1991 4041 2063 4095 ad
2088 4055 2191 4095 cte-

594 4136 735 4178 teras
758 4125 939 4189 horas,
962 4125 1094 4178 sicut
1118 4141 1231 4180 mos
1250 4137 1325 4181 est
1347 4128 1529 4182 diebus
1547 4128 1904 4196 sollemnibus,
1930 4140 1989 4186 ut
2013 4147 2190 4187 omnes

594 4216 801 4270 ueniant
829 4217 898 4269 ad
924 4214 1246 4282 Ecclesiam,
1277 4219 1332 4271 in
1363 4236 1468 4290 qua
1499 4219 1742 4277 Clarisma
1770 4238 1878 4277 mos
1902 4233 1977 4278 est
2008 4240 2190 4280 conse-

596 4309 758 4374 crari,
788 4320 836 4362 et
860 4310 937 4363 sic
962 4308 1154 4364 sileant
1187 4328 1349 4383 usque
1371 4314 1426 4367 in
1449 4314 1725 4369 sabbatum
1750 4327 2009 4373 sanctum.
2059 4317 2189 4375 Pre~

594 4396 778 4450 sbiteri
801 4413 924 4452 vero
952 4408 1000 4453 et
1023 4401 1201 4454 cteteri
1220 4400 1418 4467 clerici,
1441 4403 1573 4457 hora
1594 4405 1749 4459 tertia
1776 4405 2000 4461 induant
2030 4424 2085 4462 se
2108 4425 2193 4463 ue-

595 4488 861 4543 stimentis
909 4488 1269 4555 sollemnibus,
1315 4501 1363 4546 et
1412 4494 1625 4549 diaconi
1675 4495 1999 4566 dalmaticis,
2036 4510 2191 4569 atque

595 4580 905 4636 subdiaconi
938 4581 1048 4635 albi
1074 4584 1256 4638 sericis
1303 4583 1617 4653 induantur,
1662 4597 1710 4641 et
1740 4597 1876 4643 stent
1921 4590 1979 4644 in
2009 4591 2192 4646 ordine

596 4686 718 4735 suo,
746 4671 943 4740 singuli
983 4673 1039 4727 in
1067 4671 1309 4729 Ecclesia
1343 4684 1722 4745 exspectantes,
1753 4694 1917 4750 usque
1944 4680 2072 4735 dum
2106 4698 2192 4737 vc-

598 4762 710 4815 niat
745 4762 969 4818 domnus
1000 4764 1254 4835 Pontifex
1279 4783 1399 4821 cum
1451 4771 1782 4839 processione
1830 4773 2069 4842 plenaria
2120 4776 2191 4829 ad

600 4850 850 4919 Missam,
878 4855 1015 4909 sicut
1041 4856 1226 4912 diebus
1253 4858 1590 4916 sollemnibus
1610 4861 1759 4927 solet,
1785 4879 1904 4917 cum
1938 4862 2044 4918 VII
2075 4866 2192 4920 dia-

597 4941 816 4997 conibus
838 4953 886 4998 et
909 4944 1125 5000 totidem
1147 4948 1554 5005 snbdiaconibus
1579 4960 1627 5005 et
1654 4951 1988 5023 ceroferariis
2009 4966 2056 5010 et
2083 4956 2189 5011 VII

2214 3667 2263 3729 C
2292 3681 2514 3735 rintln’os
2555 3694 2574 3732 :
2622 3680 2842 3736 Fratres
2883 3682 3329 3739 convenientibus
3383 3683 3542 3740 vobis
3587 3685 3643 3741 in
3689 3700 3855 3739 unius.

2295 3787 2479 3842 usque,
2516 3778 2577 3824 ut
2605 3786 2708 3826 non
2731 3786 2853 3825 cum
2884 3770 2987 3827 hoc
3009 3772 3210 3828 mundo
3236 3773 3551 3830 damnetur.
3590 3772 3686 3829 Gr.
3715 3776 3855 3829 Chri-

2291 3872 2409 3917 stus
2436 3861 2614 3917 factus
2653 3873 2757 3918 est.
2796 3863 2852 3932 ᾗ.
2883 3861 3115 3933 Propter
3142 3865 3284 3934 quod
3328 3864 3492 3920 Deus.
3536 3865 3670 3921 Ante
3704 3863 3861 3918 Esau.

2289 3953 2483 4025 gelium
2510 3964 2783 4025 portentur
2822 3957 3057 4012 candela:
3076 3968 3123 4012 et
3148 3959 3422 4014 incensum
3466 3961 3605 4014 sicut
3640 3977 3748 4014 suos
3770 3969 3857 4021 est.

2290 4043 2482 4118 legitur
2510 4046 2855 4115 Evangelium
2884 4050 3170 4105 secundum
3190 4047 3457 4107 Joannem
3486 4066 3506 4106 :
3541 4051 3600 4109 In
3624 4054 3714 4109 illo
3735 4064 3857 4109 tem-

2292 4150 2443 4205 pore.
2472 4134 2614 4191 Ante
2635 4136 2775 4194 diem
2801 4135 3000 4194 festum
3016 4139 3239 4197 Pascha!
3253 4142 3434 4198 sciens
3458 4142 3622 4200 Jesus
3646 4146 3769 4215 quia
3782 4159 3859 4198 τος

2291 4224 2372 4279 nit
2399 4224 2532 4279 hora
2557 4224 2693 4294 ejus.
2728 4223 2922 4298 Usque,
2947 4230 3401 4297 quemadmodum
3437 4246 3542 4304 ego
3570 4231 3695 4299 feci,
3727 4234 3859 4289 vobis

2291 4315 2368 4371 ita
2395 4326 2452 4372 et
2471 4331 2568 4373 vos
2604 4317 2842 4376 faciatis.
2886 4318 3124 4377 Perlecto
3155 4323 3461 4396 Evangelia,
3488 4326 3639 4394 {acto
3683 4328 3752 4381 ad
3777 4344 3856 4396 ρο-

2290 4406 2472 4479 pulum
2508 4426 2746 4465 sermone
2788 4411 2932 4466 dicat
2961 4414 3199 4483 pontifex
3226 4430 3245 4467 :
3277 4415 3540 4472 Dominus
3576 4419 3854 4474 vobisctnn.

2290 4502 2513 4559 Etcum
2556 4504 2650 4574 Sp.
2697 4512 2738 4558 t.
2787 4513 2845 4560 et
2871 4501 3122 4563 Oremus.
3167 4507 3368 4563 Deinde
3408 4510 3624 4565 canitur
3670 4511 3859 4580 olem-

2293 4594 2429 4649 rium
2456 4596 2689 4650 Dextera
2720 4594 2958 4652 Domini.
2986 4595 3337 4668 Olferentibus
3356 4600 3666 4670 presbiteris
3702 4613 3750 4655 et
3771 4618 3857 4655 rev

2291 4685 2416 4740 leris
2445 4686 2535 4758 qui
2585 4686 2863 4753 voluerint,
2921 4697 3048 4743 tunc
3096 4688 3307 4745 dicatur
3339 4701 3567 4748 secreta.
3620 4692 3743 4764 lpse
3760 4692 3859 4749 Tibi

2294 4777 2548 4845 Domine,
2574 4788 2682 4835 etc.
2712 4786 2793 4851 (ut
2831 4788 2959 4834 tom.
2985 4780 3013 4834 l
3059 4780 3209 4836 Man.
3234 4799 3355 4853 pag.
3385 4782 3505 4854 73.)

2365 4868 2613 4942 Sequitur
2652 4870 2926 4939 Praefatio,
2957 4880 3006 4928 et
3046 4867 3189 4927 dicat
3215 4872 3457 4944 pontifex
3484 4872 3566 4931 Te
3596 4876 3761 4948 igitur
3788 4894 3861 4930 or—

2294 4961 2416 5017 dine
2455 4979 2552 5017 sua
2592 4962 2681 5017 ubi
2705 4980 2868 5036 usque
2901 4964 3100 5019 dicitur
3139 4963 3627 5024 Communicantes
3655 4979 3712 5024 et
3740 4971 3859 5024 diem

599 5034 904 5088 cereostatis
932 5044 983 5089 et
1012 5037 1216 5090 duobus
1254 5039 1529 5095 turribulis
1569 5058 1688 5096 cum
1716 5043 1951 5100 incensa.
1993 5046 2192 5103 Cantor
2218 5049 2268 5109 D
2293 5053 2724 5110 sacratissimum
2748 5034 3119 5120 celebrantes,
3148 5071 3256 5126 quo
3284 5056 3549 5115 Dominus
3580 5070 3763 5119 noster
3786 5058 3861 5114 Jac

599 5133 773 5178 autem
797 5134 846 5178 et
868 5125 1012 5181 scola
1034 5128 1216 5181 statim
1239 5139 1294 5181 ut
1318 5129 1533 5197 jussum
1562 5130 1721 5201 fuerit
1751 5134 1983 5204 imponat
2006 5139 2190 5193 introi-

601 5216 712 5266 tum
741 5212 810 5267 ad
839 5211 1062 5271 Missam
1085 5233 1105 5272 :
1136 5215 1246 5271 Nos
1272 5225 1458 5273 autem
1483 5219 1727 5289 gloriari.
1763 5238 1882 5277 cum
1909 5224 2110 5293 psalmo
2139 5237 2186 5280 et

600 5301 804 5359 Gloria.
837 5314 885 5359 et
912 5320 1063 5362 versu
1089 5318 1137 5362 et
1163 5308 1327 5380 Kyrie
1348 5309 1574 5366 eleison.

2294 5159 2389 5198 sus
2417 5144 2668 5201 Christus
2700 5161 2800 5216 pro
2845 5147 3001 5201 nobis
3031 5154 3114 5202 est
3145 5145 3401 5213 traditus,
3450 5149 3551 5205 sed
3594 5158 3652 5205 et
3680 5166 3860 5206 memo-

2293 5236 2432 5292 riam
2478 5248 2819 5294 venerantes.
2843 5237 3129 5310 Sequitur:
3156 5238 3310 5295 lianc
3352 5240 3519 5311 igitur
3547 5242 3858 5298 oblationem

2292 5326 2570 5383 servitutis
2603 5336 2805 5383 nostra:
2848 5340 2905 5384 et
2947 5339 3159 5386 cunctae
3189 5329 3411 5386 familias
3451 5340 3559 5386 tua!
3588 5347 3751 5386 uuam
3777 5330 3854 5386 tibi
