3962 5386
1442 259 1852 322 BEMJDICTIO
1887 257 2068 320 OLEI.

3275 251 3418 319 {066

148 401 309 448 sentt
334 403 435 462 pro
479 395 662 445 nostra
689 384 933 443 omnium
974 379 1146 439 salute
1191 375 1296 438 hoc
1338 388 1422 436 est
1449 378 1610 434 hodie
1643 393 1734 435 ac-
1759 381 1810 442 Α
1910 376 2057 432 Tunc
2085 375 2192 431 duo
2234 371 2445 431 accoliti
2475 374 2783 446 accipientes
2821 373 2956 430 duas
2987 374 3272 447 ampullas,
3299 394 3420 452 qua

146 482 299 555 cepit
324 496 520 553 panem
550 479 602 535 in
631 487 852 534 sanctas
886 492 950 534 ac
987 474 1322 532 venerabiles
1365 488 1559 528 manus
1579 487 1728 527 suas.

225 571 374 629 Tunc
395 574 651 644 oﬂeratur
675 569 908 642 pontiﬁci
928 568 1098 623 oleum
1123 570 1188 622 de
1224 565 1469 636 ampullis
1491 583 1622 638 quas
1647 565 1732 637 of-

149 661 330 734 ferunt
355 660 537 732 populi
574 661 644 714 ad
671 660 974 732 unguendos
1001 670 1107 713 tam
1135 658 1370 727 inﬁmos
1394 674 1553 727 quam
1580 673 1734 713 ener-

147 769 425 826 gumenos,
455 762 504 808 et
527 754 582 808 in
619 751 803 807 ultimo
843 764 1125 823 antequam
1166 753 1394 815 dicatur,
1440 750 1546 807 Per
1571 765 1735 822 quem

97 865 100 867 λ
148 843 274 904 hac
302 845 529 902 Domine
569 858 786 916 semper
822 845 961 899 bona
994 859 1169 908 creas,
1201 842 1461 898 exorciset
1506 854 1554 898 et
1585 843 1739 898 bene-

145 936 296 994 dicat
314 935 448 992 illud
470 946 578 990 tam
597 936 706 1004 ipse
721 951 880 1006 quam
905 949 1084 988 omnes
1109 933 1395 1004 presbyteri
1415 933 1506 1002 qui
1525 941 1736 1001 assunt,

143 1039 209 1087 ιιι
239 1039 443 1086 tantum
468 1028 632 1100 possit
655 1044 686 1082 a
708 1027 1166 1082 circumstantibus
1193 1027 1394 1082 audiri.

688 1135 1021 1178 ιιοιιειειιυθ
1065 1135 1208 1177 οιει.

221 1212 492 1272 Exorcizo
521 1221 572 1270 te
614 1212 1025 1268 inmundissime
1074 1213 1297 1284 spiritus
1329 1212 1616 1284 omnisque
1650 1212 1737 1268 in-

146 1305 338 1363 cursio
365 1314 571 1362 satana:
600 1313 656 1360 et
683 1318 844 1360 omne
877 1303 1169 1370 fantasma,
1202 1304 1254 1360 in
1284 1307 1505 1361 nomine
1534 1304 1738 1372 Patris,

144 1405 206 1455 et
239 1397 386 1464 Filii,
415 1407 472 1454 et
500 1397 735 1468 Spiritus
763 1397 959 1461 sancti,
1000 1407 1059 1452 ut
1099 1399 1322 1454 recedas
1349 1400 1417 1454 ab
1449 1400 1552 1454 hoc
1595 1398 1739 1467 oleo,

143 1497 210 1542 ut
252 1488 428 1559 possit
462 1487 600 1543 efﬁci
646 1488 831 1543 unctio
875 1488 1137 1560 spiritalis
1176 1490 1242 1544 ad
1275 1491 1738 1545 corroborandum

148 1581 415 1653 templum
465 1581 557 1637 Dei
589 1582 718 1647 vivi,
746 1593 805 1637 ut
849 1582 900 1637 in
933 1591 997 1637 eo
1040 1584 1212 1654 possit
1253 1583 1490 1653 Spiritus
1519 1593 1742 1640 sanctus

148 1672 430 1737 habitare,
459 1688 554 1743 per
579 1687 772 1728 nomen
799 1672 893 1728 Dei
919 1673 1097 1729 Patris
1127 1674 1532 1745 omnipotentis,
1561 1684 1612 1730 et
1642 1690 1742 1744 per

1835 467 1907 521 ad
1948 468 2191 538 chrysma
2221 475 2268 520 et
2318 465 2388 520 ad
2436 465 2608 520 oleum
2652 467 3096 521 catecuminorum
3125 469 3423 525 consecrari

1819 561 2048 625 'debent,
2073 570 2121 614 et
2149 559 2456 630 procedant,
2483 569 2532 614 et
2561 559 2804 615 ordinent
2843 575 2900 615 se
2927 559 3008 613 illi
3032 560 3342 634 presbyteri,
3371 567 3424 617 et

1837 653 2076 724 prtedicti
2122 652 2300 708 clerici
2336 653 2434 706 rite
2477 661 2526 706 et
2564 653 2928 707 ordinabiliter
2971 653 3048 708 ita
3092 663 3151 708 ut
3193 654 3426 726 primum

1839 743 2104 799 ambulent
2147 744 2252 799 duo
2294 744 2475 799 acoliti
2512 761 2630 798 cum
2665 745 2996 802 candelabris
3025 755 3074 800 et
3119 746 3428 802 ardentibus

1840 838 2024 892 cereis.
2056 837 2258 892 Deinde
2283 847 2558 907 portentur
2581 837 2703 892 duce
2730 853 2911 892 cruces
2941 848 2988 892 et
3016 837 3156 894 inter
3174 837 3297 893 illas
3323 854 3428 894 tue-

1839 929 1987 984 dium
2013 927 2296 984 chrismate
2320 928 2512 984 oleum.
2545 927 2674 984 Post
2701 945 2792 984 eas
2814 939 3052 1000 portetur
3074 929 3424 1002 euangelium,

1841 1030 1898 1075 ut
1936 1020 2219 1090 impleatur
2243 1037 2394 1076 omne
2425 1020 2640 1076 bonum.
2680 1019 2876 1077 Postea
2921 1033 3211 1094 sequantur
3243 1023 3351 1079 bini
3377 1033 3430 1080 et

1843 1108 1950 1164 bini
1980 1109 2059 1164 illi
2086 1107 2134 1164 Χ
2140 1109 2203 1164 II
2228 1111 2511 1182 presbyteri
2538 1121 2691 1167 testes
2730 1121 2780 1168 et
2805 1123 3167 1184 cooperatores
3192 1114 3431 1181 ejusdem

1840 1203 2169 1258 sacrosancti
2221 1203 2518 1258 chrismalis
2573 1205 2826 1275 mysterii.
2876 1204 3024 1262 Tunc
3075 1223 3197 1264 uero
3241 1207 3428 1264 subse-

1841 1281 2095 1366 quantur
2118 1297 2271 1366 pueri
2302 1296 2358 1352 in
2391 1295 2603 1352 laudem
2628 1301 2862 1368 ejusdem
2892 1301 3128 1372 mysterii
3151 1301 3432 1360 concinen-

1843 1397 1919 1444 tes
1943 1389 2038 1443 Itos
2065 1405 2258 1444 versus.

1917 1481 2052 1536 Audi
2074 1481 2242 1551 judex
2271 1493 2607 1539 mortuorum
2639 1501 2744 1540 una
2773 1501 2898 1558 spes
2921 1489 3257 1544 mortalium.

1914 1573 2053 1629 Audi
2085 1590 2245 1630 voces
2270 1576 2641 1647 proferentum
2675 1579 2872 1634 donum
2902 1581 3051 1652 pacis
3081 1582 3363 1653 praevium.

1846 1666 1902 1736 7.
1929 1666 1973 1721 0
2005 1667 2334 1739 Redemptor
2361 1685 2517 1724 sume
2548 1686 2766 1727 carmen
2803 1681 2972 1728 temet
2999 1674 3430 1733 concinentium.

147 1779 353 1820 nomen
398 1765 735 1820 dilectissimi
789 1765 909 1820 Filii
958 1767 1076 1838 ejus
1128 1766 1340 1822 Domini
1391 1767 1564 1822 nostri
1610 1765 1741 1823 Jesu
1770 1761 1816 1821 Β
1841 1761 1897 1832 7.
1921 1761 2102 1816 Arbor
2127 1763 2234 1817 feta
2261 1762 2404 1818 alma
2431 1764 2532 1820 luat
2564 1765 2666 1820 hoc
2693 1767 3017 1822 sacrandum
3049 1768 3296 1838 protulit.

145 1855 380 1914 Christi.
421 1856 491 1912 Et
522 1875 625 1913 non
653 1868 941 1930 peragatur
969 1858 1256 1915 conclusio.

221 1949 368 2004 Alia.
415 1949 612 2004 Emitte
653 1950 880 2005 Domine
920 1949 1180 2020 Spiritum
1223 1960 1371 2006 tuum
1415 1953 1743 2024 paraclitum

149 2040 221 2096 de
249 2039 409 2097 cmlis
435 2040 488 2095 in
522 2043 660 2096 hanc
688 2041 1066 2113 pinguedinem
1090 2043 1266 2109 olivae,
1297 2059 1460 2115 quam
1488 2045 1553 2100 de
1583 2046 1744 2102 viridi

148 2132 304 2205 ligno
324 2134 625 2205 producere
648 2133 901 2205 dignatus
923 2151 983 2190 es
1008 2136 1074 2190 ad
1099 2136 1448 2193 refectionem
1475 2139 1743 2209 corporis,

146 2235 214 2279 ut
241 2234 336 2280 tua
385 2235 575 2281 sancta
617 2225 998 2283 benedictione
1045 2228 1115 2283 sit
1161 2228 1309 2283 omni
1364 2233 1602 2301 tangenti
1651 2247 1747 2287 un-

147 2325 418 2388 guentum
443 2316 659 2372 salubre
687 2318 955 2372 medicina
986 2318 1250 2385 caelestis,
1280 2330 1520 2375 tutamen
1550 2322 1748 2377 mentis

147 2413 208 2461 et
233 2407 510 2477 corporis,
526 2407 594 2462 ad
617 2407 963 2464 evacuandos
985 2423 1176 2464 omnes
1196 2409 1428 2474 dolores,
1452 2425 1751 2482 omnesque

147 2496 508 2554 inﬁrmitates
526 2537 542 2564 ,
565 2513 889 2568 omnemque
913 2498 1286 2569 aegritudinem
1316 2500 1512 2556 mentis
1533 2509 1588 2556 et
1626 2516 1751 2558 cor-

151 2591 337 2663 poris,
360 2590 501 2646 unde
523 2591 726 2647 unxisti
749 2593 1082 2658 sacerdotes,
1100 2607 1273 2666 reges,
1289 2604 1343 2648 et
1362 2595 1678 2665 prophetas,
1694 2602 1753 2652 et

148 2689 455 2752 martyres.
485 2678 736 2738 Chrisma
763 2691 910 2737 tuum
942 2683 1243 2754 perlectum
1277 2683 1504 2739 Domine
1536 2686 1694 2742 nobis
1717 2700 1750 2742 a

151 2780 208 2830 te
238 2772 585 2830 benedictum
629 2789 954 2844 permanens
999 2776 1054 2830 in
1104 2776 1402 2833 visceribus
1434 2779 1656 2835 nostris.
1690 2777 1750 2836 In

149 2865 383 2923 nomine
413 2866 625 2922 Domini
652 2867 824 2922 nostri
852 2866 904 2923 Ι.
928 2866 1030 2923 Ch.
1057 2867 1225 2941 (2l5).

227 2957 384 3014 Tunc
411 2958 662 3014 dicatur:
705 2958 811 3014 Per
853 2975 1015 3029 quem
1059 2961 1171 3017 haec
1195 2964 1400 3031 omnia,
1447 2973 1554 3020 etc.
1605 2963 1754 3021 Prte-

150 3048 339 3120 ceptis
369 3049 702 3106 salutaribus
731 3051 920 3104 moniti
947 3061 1004 3106 et
1035 3051 1216 3108 divina
1260 3053 1605 3111 institutione
1633 3054 1751 3112 l'or-

1917 1852 2047 1910 Fert
2084 1857 2185 1910 hoc
2208 1872 2372 1925 prona
2399 1871 2662 1927 prensens
2685 1861 2840 1915 turba
2867 1861 3124 1918 salvatori
3149 1862 3358 1920 seculi.

2059 1947 2103 2003 Ο
2139 1948 2488 2018 Redemptor.

1847 2041 1900 2112 7.
1929 2040 2092 2097 Stans
2135 2043 2202 2097 ad
2256 2057 2407 2098 aram
2451 2044 2558 2098 imo
2602 2043 2826 2114 supplex
2866 2043 3128 2100 infulatus
3164 2044 3434 2116 pontifex.

1918 2134 2166 2191 Debitum
2195 2135 2455 2205 persolvit
2481 2152 2646 2192 omne
2674 2145 2994 2194 consecrato
3021 2137 3341 2199 chrismate.

2062 2230 2106 2286 0
2132 2231 2482 2302 Redemptor.

1847 2322 1904 2392 7.
1929 2321 2267 2378 Consecrare
2296 2330 2350 2376 tu
2375 2323 2602 2393 dignare
2629 2321 2743 2378 Rex
2771 2324 3025 2394 perennis
3049 2324 3254 2394 gloriae.

1921 2411 2037 2468 Hoc
2060 2413 2262 2468 olivum
2289 2413 2504 2483 signum
2530 2413 2713 2468 vivum
2735 2414 2860 2482 jura
2884 2423 3074 2469 contra
3104 2413 3435 2470 dmmouum.

2063 2505 2108 2560 0
2134 2505 2485 2575 Redemptor.

1848 2596 1906 2667 7.
1932 2595 2004 2653 Ut
2023 2604 2252 2651 novetur
2284 2611 2448 2652 sexus
2477 2597 2654 2652 omnis
2685 2597 2940 2652 unctione
2961 2595 3313 2670 elirysmatis.

1918 2686 1989 2743 Et
2009 2688 2256 2742 medetur
2280 2687 2523 2742 sauciata
2553 2687 2836 2759 dignitatis
2863 2687 3058 2760 gloria.

2064 2778 2110 2836 0
2137 2779 2490 2850 Redemptor.

1849 2869 1907 2939 7.
1931 2867 2067 2924 Lota
2097 2879 2279 2925 mente
2298 2884 2456 2924 sacro
2481 2867 2634 2924 l’onte
2656 2869 2984 2940 aufugantur
3010 2870 3261 2926 crimina.

1924 2956 2098 3014 chta
2123 2957 2271 3013 fonte
2296 2966 2646 3014 sacrosancta
2683 2957 2910 3015 inﬂuant
2937 2960 3253 3016 carismata.

2065 3048 2110 3107 0
2137 3051 2486 3122 Redemptor.

148 3140 292 3197 muti
325 3141 587 3196 audemus
615 3140 798 3196 dicere
821 3139 1016 3196 :Pater
1035 3153 1241 3198 noster.
1274 3141 1343 3198 Et
1371 3144 1544 3200 oleum
1573 3161 1751 3217 repor-
1774 3141 1824 3208 C
1923 3147 2102 3204 Corde
2128 3157 2290 3204 natus
2316 3163 2382 3204 ex
2414 3147 2659 3220 parentis
2695 3164 2877 3204 alvum
2915 3149 3148 3220 implens
3175 3147 3441 3222 Virginis.

149 3240 301 3288 tetur
314 3242 363 3288 et
382 3233 440 3286 in
454 3231 567 3288 loco
582 3249 678 3288 suo
695 3244 1048 3289 conservetur.
1065 3233 1235 3291 Missa
1251 3252 1369 3293 vero
1382 3236 1438 3291 in
1449 3237 1631 3293 ordine
1649 3255 1750 3296 suo

149 3334 376 3396 agatur,
389 3340 553 3396 usque
577 3325 704 3379 dum
719 3324 1103 3381 benedictiones
1123 3327 1440 3398 episcopales
1453 3328 1747 3388 solvantur.

227 3414 386 3471 Tunc
433 3415 780 3472 communicet
824 3415 970 3472 solus
1016 3418 1256 3490 pontifex
1296 3430 1420 3476 ante
1467 3422 1654 3494 altare,
1699 3430 1751 3480 et

150 3506 423 3562 diaconus
464 3507 514 3562 ei
559 3507 748 3578 olferat
793 3507 1012 3564 calicem
1045 3518 1095 3564 et
1137 3527 1243 3566 non
1291 3512 1505 3585 frangat
1547 3514 1750 3572 oblatas

151 3598 263 3654 nisi
300 3613 419 3654 eam
443 3597 613 3654 solam
649 3601 789 3655 unde
828 3599 921 3656 ille
962 3600 1314 3658 communicat
1344 3603 1437 3660 illo
1463 3613 1668 3660 tantum
1695 3607 1753 3662 in

151 3686 265 3743 die.
311 3686 594 3761 Postquam
621 3692 1102 3759 communicauerit,
1139 3703 1298 3764 ponat
1336 3694 1593 3751 diaconus
1620 3696 1752 3752 cali-

152 3792 273 3831 cem
314 3793 473 3848 super
493 3779 682 3835 altare.
711 3780 912 3837 Deinde
949 3793 1216 3853 acceptam
1246 3801 1278 3840 a
1307 3785 1630 3842 subdiacono
1655 3805 1758 3859 pa-

151 3877 343 3922 tsnam
362 3878 522 3939 ponat
539 3869 701 3941 juxta
721 3872 937 3928 calicem
958 3873 1023 3928 de
1049 3872 1222 3930 altare
1243 3876 1479 3944 sinistro,
1501 3888 1549 3932 et
1573 3879 1754 3934 statim

158 3975 194 4013 a
221 3959 438 4015 duobus
459 3961 766 4019 diaconibus
791 3976 1067 4036 utrumque
1089 3970 1422 4038 cooperiatur
1443 3971 1509 4027 de
1532 3972 1754 4028 sindone

151 4052 390 4119 munda,
434 4069 593 4125 quam
636 4057 783 4126 prius
815 4071 1239 4127 prtcparaverant
1283 4063 1338 4117 in
1374 4079 1470 4117 ora
1507 4063 1697 4120 altaris
1724 4079 1755 4120 e

155 4144 383 4214 regione
397 4156 508 4214 post
527 4147 853 4217 corporalem
882 4164 1190 4219 expansum.
1219 4151 1364 4206 Tunc
1384 4154 1619 4210 Dontnus
1639 4159 1752 4228 epi-

151 4249 357 4305 scopus
370 4236 521 4290 vadat
533 4238 603 4291 ad
615 4238 790 4292 sedem
801 4255 950 4295 suam
963 4257 1081 4296 cum
1094 4243 1401 4299 diaconibus
1414 4256 1461 4300 et
1474 4259 1751 4318 exspectet.

310 4342 384 4383 DS
421 4343 853 4389 CONSICRA'I‘IONE
892 4349 1223 4391 PRINCIPALIS
1262 4352 1602 4396 CBRISIATIS.

232 4419 593 4491 Ezspectante
619 4439 738 4480 vero
778 4426 833 4480 in
875 4427 996 4482 sede
1032 4443 1131 4482 sua
1157 4429 1404 4499 pontifice
1432 4433 1643 4487 ueniant
1679 4435 1751 4489 ad

1920 3237 2130 3296 Praesta
2153 3239 2329 3297 lucem
2356 3239 2550 3296 claude
2571 3250 2803 3298 mortem
2825 3241 3139 3300 chrismatis
3163 3241 3438 3300 consorti-

2061 3333 2107 3392 0
2136 3334 2488 3408 Redemptor.
3291 3334 3444 3414 (bus.

1921 3427 2008 3485 Sit
2032 3427 2148 3485 dies
2172 3429 2291 3486 haec
2323 3428 2462 3487 festa
2491 3431 2650 3488 nobis
2675 3431 2998 3488 mulorum
3023 3431 3264 3490 saeculis.

1922 3515 2008 3574 Sit
2033 3526 2250 3574 sacrata
2269 3517 2432 3591 digna
2453 3519 2615 3579 laude
2640 3534 2742 3578 nec
2764 3531 3016 3579 senescat
3046 3531 3310 3594 tempore.

2063 3610 2108 3667 0
2129 3609 2480 3684 Redemptor.

1936 3697 2267 3756 Venientibus
2287 3712 2462 3756 autem
2489 3704 2671 3758 eodem
2691 3703 2875 3758 ordine
2897 3704 2955 3758 in
2975 3703 3194 3760 chorum
3219 3712 3269 3760 et
3292 3714 3446 3762 stan-

1851 3793 1988 3849 tibus
2014 3793 2085 3848 ad
2127 3795 2377 3850 orientem
2419 3797 2580 3851 versis
2607 3780 2944 3868 versibusque
2982 3797 3150 3867 ﬁnitis
3175 3799 3446 3856 interdum

1853 3885 2095 3941 ordinent
2122 3901 2179 3940 se
2215 3884 2455 3953 lectores,
2485 3886 2754 3952 hostiarii,
2783 3887 2996 3942 accoliti
3025 3899 3075 3944 et
3106 3887 3439 3955 subdiaconi,

1853 3985 1901 4032 et
1934 3987 2068 4032 stent
2096 3976 2152 4029 in
2179 3979 2364 4031 ordine
2404 3993 2500 4032 suo
2538 3976 2828 4034 secundum
2855 3994 3037 4033 eorum
3066 3978 3314 4051 gradum,
3350 3981 3446 4037 ubi

1855 4074 2158 4128 ascenditur
2185 4074 2254 4128 ad
2284 4075 2454 4132 altare
2480 4076 2637 4138 tanti,
2680 4085 2737 4130 ut
2767 4077 3124 4132 subdiaconus
3157 4079 3226 4132 sit
3263 4090 3447 4135 sextus

1853 4165 1910 4221 in
1939 4167 2271 4222 eminentiori
2300 4167 2438 4234 loco,
2467 4179 2516 4224 et
2548 4169 2710 4240 juxta
2753 4186 2874 4225 eum
2917 4171 3326 4228 archidiaconus
3351 4171 3448 4245 qui

1855 4257 2076 4330 legebat,
2113 4271 2163 4316 et
2199 4261 2275 4316 ita
2317 4262 2606 4318 involutam
2635 4263 2928 4336 ampullam
2972 4265 3313 4337 suscipientes
3351 4282 3450 4338 per

1854 4351 2092 4405 ordinem
2119 4360 2176 4406 ut
2207 4353 2478 4408 ascendat.
2505 4352 2575 4408 Et
2604 4363 2663 4408 ut
2691 4355 2984 4426 pervenerit
3012 4355 3084 4411 ad
3109 4355 3450 4413 archidiaco-

1855 4457 2003 4509 num,
2031 4440 2122 4498 ille
2148 4442 2378 4513 perferat
2409 4459 2528 4499 eam
2558 4444 2634 4499 ita
2658 4444 2950 4501 inuolutam
2975 4455 3098 4502 ante
3121 4445 3447 4517 pontiﬁcem.

152 4514 484 4609 sacrarium
507 4513 627 4572 XII
657 4519 943 4591 presbyteri
981 4531 1030 4577 et
1075 4523 1252 4579 caeteri
1283 4523 1458 4579 clerici
1495 4536 1752 4596 quantum
1778 4511 1833 4574 Ι)
1857 4531 2079 4590 Interim
2123 4511 2300 4591 autem
2329 4551 2466 4592 unus
2508 4535 2867 4593 subdiaconus
2907 4511 3150 4609 deferens
3173 4511 3450 4596 vasculum

154 4621 299 4677 opus
318 4606 390 4661 sit
415 4607 486 4663 ad
507 4608 848 4680 deferendum
875 4628 996 4668 cum
1019 4614 1161 4670 omni
1187 4615 1372 4672 decore
1397 4615 1568 4673 oleum
1595 4621 1752 4693 chry-

154 4699 357 4768 stnale,
388 4711 437 4756 et
481 4701 652 4759 oleum
694 4707 1142 4765 catecuminorum
1171 4719 1222 4767 et
1255 4713 1633 4784 neophytorum
1659 4731 1749 4772 us-

155 4805 266 4861 que
290 4790 352 4846 in
376 4791 647 4850 ecclesiam
671 4805 796 4852 ante
819 4797 1139 4871 episcopum.
1163 4800 1286 4858 Sint
1314 4805 1454 4860 enim
1483 4803 1622 4861 idem
1648 4824 1750 4880 pa-

159 4882 274 4937 rati
319 4885 605 4958 presbyteri
650 4899 703 4945 et
749 4905 871 4946 cum
916 4893 993 4949 eis
1033 4894 1209 4951 ceteri
1239 4894 1420 4955 clerici
1463 4897 1660 4958 casulis
1699 4908 1753 4959 et

157 4971 490 5034 solemnibus
518 4980 860 5037 uestimentis.

128 5070 138 5125 ἱ
239 5107 397 5170 (ΞΙΒ)
425 5111 482 5168 In
505 5115 624 5170 cod.
655 5114 818 5170 Vind.
849 5117 927 5170 th.
958 5119 1086 5170 277.
1120 5135 1245 5170 smn.
1279 5141 1353 5170 sm
1385 5123 1468 5170 vel
1494 5138 1612 5170 xtn-
1643 5124 1752 5170 alia

1856 4643 1976 4683 cum
2002 4625 2237 4682 balsamo
2262 4626 2359 4682 alii
2381 4629 2608 4684 diacono
2628 4639 2678 4684 et
2697 4628 2787 4685 ille
2812 4629 3069 4701 pontiﬁci.

1931 4716 2079 4774 Tunc
2107 4720 2422 4775 ordinentur
2459 4719 2606 4775 circa
2641 4721 2944 4791 episcopum
2983 4721 3108 4779 hinc
3145 4731 3303 4797 atque
3325 4723 3452 4780 hinc

1855 4808 2040 4867 eadem
2071 4809 2390 4867 candelabra
2419 4820 2469 4869 et
2497 4826 2684 4868 cruces
2717 4823 2768 4870 et
2803 4811 3074 4870 thuribula
3115 4823 3275 4888 atque
3301 4831 3455 4871 euan-

1856 4900 2072 4976 gelium.
2105 4899 2326 4960 Necnon
2361 4913 2412 4962 et
2445 4901 2696 4976 pradicti
2749 4903 3039 4976 presbyteri
3073 4901 3196 4962 ΧΠ
3221 4914 3378 4963 testes
3403 4912 3460 4960 et

3398 5007 3402 5010 .
3488 5007 3497 5032 ,

1860 5059 2038 5166 9.33.33“
2056 5059 3064 5166 ξξξξξξξῑξεειςῑὲίιεέξξςεξνειξξιξς,ει
3088 5059 3309 5166 esse?
3332 5047 3495 5166 “

1861 5124 1999 5170 fas-nt
2056 5132 2370 5168 ancnitotnm
2431 5133 2487 5168 in
2557 5124 2810 5168 nnminn-
2839 5124 3047 5168 “Armini
3091 5124 3274 5166 ἶιηαιιρί
3335 5124 3471 5166 Ιριιι
