3962 5386
556 314 564 328 ι
593 367 733 426 1067

1444 367 1735 424 ΑΡΡΕΝΙ).
1770 366 1861 421 AD
1902 365 2073 424 ΒΕΘ.
2111 364 2176 422 Χ.
2201 395 2270 408 --
2297 369 2731 430 MONUMENTA
2764 374 3042 434 LITURG.

3762 383 3858 441 068

589 485 861 558 adjutores
897 483 1134 556 ejusdem
1159 482 1414 554 mysterii,
1447 484 1524 538 ita
1553 493 1608 538 ut
1651 483 1864 538 diaconi
1893 494 2028 540 stent
2058 493 2174 557 post
2201 489 2257 552 Α
2281 487 2635 558 adiutorium.
2664 491 2768 548 Sed
2794 493 2995 564 antiph.
3031 491 3269 551 Calicem
3298 494 3580 552 salutaris.
3617 493 3715 554 Ps.
3737 475 3857 574 Cre-

588 578 805 634 dorsum
834 576 1082 648 episcopi,
1111 576 1395 646 presbyteri
1441 591 1562 630 vero
1606 593 1639 629 a
1680 575 1876 631 dextris
1906 585 1954 631 et
1983 593 2018 631 a
2043 578 2175 633 sini-

586 672 733 728 stris.
760 670 954 726 Cruces
977 685 1094 725 vero
1120 679 1168 725 et
1191 678 1381 724 cwtera
1404 667 1650 739 utrinque
1674 670 1812 724 inter
1834 668 1956 724 illos
1980 671 2171 726 media.

593 762 692 820 His
717 763 792 818 ita
833 763 1130 818 constitutis
1159 770 1422 817 conuertat
1448 777 1504 816 se
1541 762 1814 832 episcopus
1849 771 1938 817 aut
1966 764 2052 816 cui
2085 761 2174 817 ille

584 860 887 928 praceperit
914 865 1022 910 tam
1048 856 1118 910 ad
1141 854 1339 910 clerum
1359 871 1518 926 quam
1544 853 1613 908 ad
1638 853 1910 924 populum,
1937 864 1985 910 et
2008 854 2172 924 faciat

581 964 874 1006 cantionem
925 950 990 1004 de
1041 948 1364 1020 confectione
1412 947 1725 1019 chrysmatis
1775 957 2167 1019 congruentem.

580 1039 785 1098 Deinde
813 1050 1076 1098 conuertat
1121 1059 1176 1098 se
1209 1042 1278 1096 ad
1309 1041 1599 1108 Orientem,
1631 1051 1678 1096 et
1712 1042 1869 1096 intret
1903 1041 1959 1096 in
1987 1057 2167 1098 conse-

578 1137 868 1193 crationem
913 1140 1221 1210 principalis
1265 1139 1597 1210 chrysmatis.
1630 1137 1700 1193 Et
1743 1138 1912 1209 primo
1950 1138 2167 1192 misceat

546 1229 874 1286 balsamum
912 1249 1033 1288 cum
1079 1233 1216 1300 oleo,
1257 1232 1446 1288 deinde
1491 1231 1640 1287 halat
1687 1239 1768 1286 ter
1815 1246 1974 1302 super
2013 1229 2164 1285 illam

541 1363 546 1367 -
576 1323 888 1395 ampullam,
918 1335 965 1380 et
993 1325 1136 1380 dicat
1174 1325 1316 1380 lenta
1343 1341 1465 1380 voce
1497 1341 1516 1379 :

647 1414 915 1472 Exorcizo
945 1424 997 1470 te
1038 1426 1288 1471 creatura
1321 1415 1424 1470 olei
1459 1431 1556 1485 per
1590 1415 1759 1470 Deum
1795 1415 2015 1472 Patrem
2041 1431 2162 1473 om-

575 1503 942 1576 nipotentem,
973 1515 1080 1562 etc.
1109 1507 1186 1576 (ut
1207 1517 1333 1560 tom.
1364 1505 1417 1560 Ι.
1445 1505 1591 1561 Man.
1623 1524 1676 1576 p.
1710 1505 1825 1574 74.)
1855 1507 1957 1562 Per
1979 1507 2160 1563 omnia

575 1595 772 1651 saecula
807 1597 1152 1652 smculornm.
1183 1597 1375 1651 Amen.
1409 1596 1670 1651 Dominus
1700 1597 1906 1652 vobisc.
1937 1597 2004 1652 Et
2035 1613 2159 1652 cum

571 1689 769 1759 spiritu
801 1698 908 1746 tuo.
939 1688 1164 1744 Sursum
1201 1690 1384 1745 corda.
1410 1689 1688 1745 Habemus
1709 1691 1774 1744 ad
1798 1689 1992 1744 Dnum.
2025 1689 2161 1746 Gra-

573 1781 680 1836 tias
708 1797 932 1854 agamus
967 1779 1086 1836 Dno
1116 1781 1224 1836 Deo
1257 1787 1464 1835 nostro.
1499 1781 1724 1851 Dignum
1739 1789 1794 1835 et
1819 1779 2026 1850 justum
2051 1789 2154 1836 est.

2277 581 2388 638 didi
2412 593 2654 656 propter.
2684 586 2810 642 Ant.
2845 586 2980 643 Cum
3010 588 3096 644 his
3126 589 3219 660 qui
3247 589 3498 647 oderunt.
3531 589 3629 646 Ps.
3655 593 3738 649 Ad
3757 593 3854 652 Do-

2276 675 2504 734 minum.
2537 679 2603 734 A.
2655 679 2738 736 Ab
2791 681 3102 739 hominibus
3143 683 3362 756 iniquis.
3410 683 3508 740 Ps.
3560 685 3728 758 Eripe
3760 704 3854 747 ne.

2274 770 2344 826 Α.
2399 771 2621 829 Custodi
2679 788 2768 830 me
2822 791 2854 831 a
2913 776 3130 848 laqueo.
3176 775 3274 834 Ps.
3328 779 3563 837 Domine
3614 782 3858 842 clamavi.

2273 862 2340 917 A.
2370 863 2795 924 Considerabam
2820 869 2889 924 ad
2915 870 3217 926 dexteram.
3235 869 3331 927 Ps.
3348 871 3496 929 Voce
3523 887 3670 930 mea.
3696 873 3862 932 Lectis

2273 968 2380 1007 non
2400 955 2612 1010 dicatur
2629 973 2722 1012 nec
2746 975 2944 1014 uersus.
2960 957 3067 1015 Sed
3086 961 3288 1031 antiph.
3303 960 3644 1020 Conantibus
3665 974 3857 1024 autem.

2271 1043 2368 1099 Ps.
2425 1045 2752 1118 Magniﬁcat.
2799 1048 2986 1105 Oratio
3027 1051 3096 1105 ad
3157 1049 3459 1123 Vesperum.
3507 1055 3660 1112 Deus
3719 1056 3861 1126 cuius

2273 1150 2486 1194 coenam
2534 1141 2964 1198 sacratissimam
3006 1156 3334 1199 veneramur
3361 1155 3421 1200 ut
3443 1160 3510 1199 ea
3538 1145 3691 1217 digni
3717 1147 3855 1202 inve-

2271 1225 2512 1295 niamur,
2535 1231 2736 1288 munda
2764 1247 2862 1289 nos
2895 1247 3204 1303 quesumus
3250 1250 3283 1290 a
3317 1235 3578 1292 sordibus
3615 1247 3855 1307 peccan

2265 1331 2414 1387 rum,
2456 1319 2549 1390 qui
2604 1320 2673 1376 ad
2696 1321 3080 1379 insinuandum
3128 1324 3284 1382 nobis
3309 1326 3646 1384 humilitatis
3689 1344 3862 1396 exemo

2267 1407 2420 1478 plum
2438 1411 2604 1481 pedes
2627 1421 2844 1467 tuorum
2869 1413 3122 1486 dignatus
3143 1429 3204 1471 es
3245 1415 3430 1472 lavare
3459 1417 3859 1488 discipulorum

2270 1501 2361 1571 qui
2389 1517 2511 1556 cum
2545 1502 2657 1559 Deo
2678 1502 2863 1560 Patre.
2885 1504 3019 1560 Cum
3044 1516 3219 1562 autem
3243 1506 3386 1563 scola
3399 1510 3639 1579 primum
3669 1512 3858 1580 amipli.

2265 1591 2412 1645 dicit.
2441 1591 2677 1648 Calicem
2703 1593 2978 1650 salutaris.
2995 1594 3190 1651 Statim
3211 1597 3316 1652 duo
3339 1598 3524 1653 acoliti
3547 1601 3728 1670 parati
3753 1617 3860 1654 cum

2265 1685 2430 1754 nigris
2453 1684 2646 1740 casulis
2680 1686 2932 1757 incipiant
2953 1688 3248 1758 exspoliare
3274 1688 3500 1756 altaria,
3553 1707 3722 1762 usque
3747 1692 3862 1745 dum

2262 1773 2452 1844 ﬁnitur
2469 1792 2676 1848 vespera
2702 1787 2881 1847 postea
2913 1777 3189 1832 tolluntur.
3213 1779 3254 1832 Α
3280 1796 3493 1852 uespera
3517 1791 3701 1837 autem
3716 1782 3861 1851 hujus

571 1871 714 1929 Vere
727 1873 948 1943 dignum
974 1873 1251 1941 etjustum
1285 1882 1390 1936 est,
1426 1887 1639 1943 aequum
1674 1881 1729 1928 et
1767 1872 2024 1928 salutare.
2057 1868 2166 1924 Nos
2196 1869 2246 1932 B
2276 1867 2384 1921 diei
2414 1867 2556 1921 nuda
2578 1879 2700 1923 sunt
2727 1870 2923 1924 altaria
2951 1887 3114 1942 usque
3138 1871 3369 1928 inmane
3395 1874 3652 1929 sabbati:
3681 1873 3860 1946 Exple-

569 1960 672 2016 tibi
700 1977 914 2033 semper
945 1973 998 2016 et
1029 1963 1227 2032 ubique
1261 1962 1464 2032 gratius
1488 1977 1667 2033 agerc,
1697 1971 1802 2018 etc.
1840 1962 1934 2033 (ib.
1965 1949 2026 2033 p.'
2048 1966 2165 2038 76.)

537 2117 540 2122 _
644 2052 830 2108 Finita
906 2053 1262 2108 benedictione
1321 2053 1544 2106 domnus
1616 2051 1906 2124 Episcopus
1967 2053 2159 2107 salutet

571 2142 817 2219 Carisma
845 2146 1046 2198 nudum
1072 2156 1120 2198 et
1148 2144 1373 2197 ministri
1399 2144 1488 2214 qui
1509 2144 1671 2214 juxta
1697 2159 1817 2198 eum
1846 2154 1986 2209 sunt,
2016 2151 2065 2196 et
2097 2143 2171 2198 ita

572 2239 766 2294 iterum
796 2256 887 2304 per
916 2239 1150 2294 ordinem
1181 2239 1483 2304 descendat,
1515 2239 1648 2292 sicut
1692 2238 1950 2292 ascendit.
1979 2236 2048 2290 Et
2079 2248 2156 2294 te-

565 2342 720 2388 nente
763 2332 1052 2402 ampullam
1083 2331 1304 2386 accolito
1345 2331 1618 2401 deferatur
1639 2331 1880 2385 omnibus
1918 2338 2162 2401 cooperta

570 2426 644 2480 ad
671 2424 1014 2481 salutandum
1055 2442 1146 2495 per
1175 2425 1436 2489 ordinem,
1475 2435 1530 2478 ut
1574 2443 1605 2478 a
1648 2425 1854 2479 nemine
1900 2423 2044 2494 nuda
2086 2423 2162 2479 ui-

565 2518 777 2574 deatur.
815 2518 932 2575 Hoc
972 2529 1147 2574 autem
1189 2519 1330 2588 facto
1357 2536 1559 2574 summo
1599 2522 1796 2576 honore
1821 2529 2157 2589 procuretur,

563 2626 730 2683 usque
755 2610 883 2666 dum
907 2610 1078 2666 altera
1107 2610 1344 2681 ampulla
1367 2611 1618 2666 ascendat
1649 2624 1694 2665 et
1721 2613 1913 2666 iterum
1939 2613 2157 2668 descen-

562 2701 677 2770 dat,
708 2711 766 2756 ut
791 2702 959 2758 amba:
981 2702 1269 2771 honoriﬁce
1299 2704 1368 2756 ad
1392 2703 1564 2757 locum
1595 2721 1748 2758 suum
1778 2705 2012 2760 redeant.

1093 2810 1426 2852 EXORCISIUS
1466 2811 1587 2851 OLEI
1600 2835 1614 2850 .

631 2885 993 2944 Descendente
1016 2896 1197 2942 autem
1231 2888 1468 2957 ampulla
1497 2905 1618 2942 cum
1648 2887 1947 2944 Chrismate
1975 2890 2156 2944 statim

561 2976 674 3034 alia
704 2994 824 3038 cum
850 2979 964 3035 oleo
993 2980 1442 3034 catecuminorum
1473 2992 1716 3050 cooperta
1744 2982 1992 3035 ascendat
2021 2982 2158 3035 sicut

550 3071 708 3140 prior
745 3087 910 3142 usque
935 3081 1057 3127 ante
1102 3069 1446 3143 Episcopum.
1490 3071 1561 3127 Et
1590 3073 1735 3128 halat
1765 3075 1821 3128 in
1863 3076 2031 3144 ipsam
2079 3084 2159 3128 ter

555 3161 696 3229 sicut
724 3163 781 3218 in
802 3163 1052 3234 priorem,
1081 3163 1172 3219 sed
1193 3166 1349 3220 tacite
1379 3165 1562 3220 ordine
1587 3182 1689 3236 quo
1719 3183 1878 3235 supra
1899 3166 2153 3232 delatam,

2267 1959 2337 2014 tis
2373 1960 2616 2014 omnibus
2651 1962 2883 2031 procedit
2937 1964 3162 2018 domnus
3210 1963 3505 2035 Episcopus
3555 1982 3681 2019 cum
3731 1966 3860 2018 omni

2267 2051 2543 2108 alacritate
2573 2069 2690 2108 cum
2736 2055 3037 2125 presbiteris
3059 2065 3107 2112 et
3131 2056 3268 2112 clero
3295 2059 3342 2110 si
3370 2058 3480 2112 vult
3505 2068 3632 2112 ante
3659 2057 3740 2113 uel
3753 2068 3859 2129 post

2265 2141 2440 2196 cibum
2485 2143 2554 2197 ad
2584 2143 2756 2197 locum
2796 2145 2883 2199 ubi
2920 2148 3229 2202 mandatum
3279 2147 3384 2202 uult
3416 2149 3695 2220 perficere.
3726 2149 3861 2206 σω

2266 2248 2332 2286 eo;
2367 2233 2706 2290 subdiaconis
2736 2253 2856 2290 cum
2885 2235 3173 2310 Evangelia
3203 2248 3253 2294 et
3279 2241 3431 2310 pueri
3474 2257 3599 2295 cum
3650 2254 3862 2297 cruceet

2265 2322 2470 2378 duobus
2505 2327 2666 2380 cereis
2685 2327 2990 2381 ardentibus
3013 2339 3059 2382 et
3092 2330 3328 2396 incenso,
3369 2332 3551 2399 parati
3575 2334 3861 2401 procedunt

2268 2427 2388 2466 cum
2413 2415 2788 2471 archidiacono
2811 2419 2867 2472 in
2900 2418 3072 2473 locum
3103 2420 3191 2473 ubi
3214 2421 3406 2490 fratres
3439 2422 3514 2475 ad
3555 2426 3861 2480 mandatum

2267 2505 2604 2560 conveniunt.
2654 2506 2725 2562 Et
2780 2511 2949 2579 printo
3018 2513 3251 2566 omnium
3295 2511 3489 2584 legitur
3543 2515 3859 2586 euangelium

2271 2598 2563 2651 secundum
2590 2597 2874 2656 Joannem.
2898 2602 3040 2658 Ante
3061 2603 3201 2659 diem
3227 2603 3422 2660 festum
3445 2621 3650 2676 pasce.
3667 2606 3859 2663 Deinde

2264 2685 2522 2755 fratribus
2555 2700 2735 2744 mutuo
2765 2709 2876 2748 sese
2916 2694 3214 2750 lavantibus
3253 2707 3541 2752 catttantur
3564 2702 3773 2770 amipli.
3799 2703 3857 2756 de

2263 2792 2410 2832 coena
2456 2779 2585 2834 Dni.
2637 2780 2806 2838 Coena
2855 2784 2998 2840 facta
3053 2787 3186 2842 dicit
3236 2787 3415 2844 Jesus.
3473 2788 3566 2844 Ps.
3609 2789 3857 2852 Miserere

2261 2871 2483 2925 mei.A.
2529 2872 2826 2946 Postquam
2884 2879 3142 2934 surrexit.
3202 2877 3299 2935 Ps.
3355 2881 3499 2936 Deus
3541 2883 3856 2940 misereatur

2262 2965 2457 3018 nostri.
2508 2965 2573 3019 Α.
2621 2965 2681 3022 Si
2730 2983 2831 3040 ego
2878 2969 3143 3027 Dominus
3170 2982 3226 3028 et
3251 2976 3531 3047 magister.
3567 2977 3665 3033 Ps.
3695 2979 3855 3046 Quam

2270 3055 2489 3112 dilecta.
2529 3059 2674 3115 A.ln
2713 3061 2816 3118 hoc
2858 3075 3208 3135 cognoscent.
3240 3066 3335 3124 Ps.
3363 3069 3600 3128 Domine
3648 3075 3851 3129 exaudi.

2261 3151 2330 3205 Α.
2361 3152 2624 3210 Dominus
2646 3163 2952 3228 postquam.
2974 3155 3071 3213 Ps.
3087 3158 3240 3216 Beati
3259 3159 3622 3220 immaculati.
3639 3166 3707 3220 Δ.
3731 3164 3856 3221 Dili—

559 3262 610 3309 et
651 3254 908 3324 imprimis
938 3255 1104 3326 faciat
1144 3257 1192 3311 ei
1229 3258 1605 3324 exorcismum,
1651 3270 1698 3313 et
1739 3260 2006 3314 benedicat
2038 3276 2152 3314 eam
2183 3248 2232 3312 C
2261 3259 2454 3314 Eamus
2491 3260 2612 3302 ηοε·
2641 3245 2738 3302 Ρδ·
2793 3247 2932 3305 Ecce
2984 3265 3146 3321 quam
3199 3251 3422 3310 bonum-
3445 3255 3517 3309 Α·
3548 3253 3854 3313 Maildan

558 3347 714 3416 quasi
749 3344 924 3416 legens
956 3346 1252 3401 lectionem.

635 3433 900 3494 Exorcizo
947 3446 1000 3494 te
1043 3447 1296 3494 creatura
1325 3439 1430 3496 olei
1477 3441 1533 3495 in
1575 3443 1794 3497 nomine
1843 3442 1938 3499 Dei
1976 3443 2156 3501 Patris

561 3530 951 3602 omnipotentis
975 3539 1082 3586 etc.
1113 3529 1288 3602 (Tom.
1331 3530 1382 3585 Ι.
1425 3531 1576 3587 Man.
1622 3549 1744 3603 pag.
1793 3533 1880 3588 74.
1927 3535 2027 3590 col.
2076 3537 2152 3607 1.)

635 3620 782 3677 Tunc
830 3623 972 3677 dicat
1017 3622 1278 3678 Dominus
1315 3623 1613 3680 vobiscum.
1660 3625 1805 3680 Deus
1851 3628 2154 3683 incremen-
2211 3683 2214 3686 .

561 3727 766 3785 torum,
789 3725 892 3774 etc.
930 3716 1030 3787 (ib.
1057 3733 1179 3788 pag.
1204 3715 1320 3788 75.)

637 3807 784 3864 Tunc
811 3807 1036 3863 domnus
1067 3807 1358 3880 Episcopus
1385 3820 1433 3864 et
1469 3811 1560 3882 qui
1579 3811 1739 3880 juxta
1763 3829 1881 3866 eum
1919 3823 2042 3868 sunt
2068 3830 2155 3868 sa-

559 3898 727 3956 lutent
770 3915 884 3955 eam
915 3908 966 3954 et
995 3900 1274 3955 descendat
1311 3917 1403 3970 per
1431 3901 1668 3956 ordinem
1709 3902 1847 3958 sicut
1879 3902 2070 3969 altera,
2103 3912 2155 3959 et

560 3990 835 4062 deferatur
875 3991 1115 4046 omnibus
1163 3992 1233 4046 ad
1274 3992 1640 4061 salutandum,
1683 3995 1765 4048 liis
1812 3994 1888 4048 ita
1929 3996 2156 4064 peractis

559 4081 742 4137 eodem
771 4081 1047 4137 ordine'et
1073 4081 1258 4137 decore
1282 4099 1384 4153 quo
1415 4084 1759 4138 ascenderant
1791 4085 1848 4138 in
1880 4084 2156 4140 ecclesiam

561 4173 780 4230 redeant
824 4173 993 4228 ambat
1019 4174 1088 4227 ad
1108 4175 1438 4241 sacrarium;
1465 4187 1589 4230 tunc
1616 4175 1747 4230 lavet
1779 4176 2017 4247 pontifex
2043 4194 2156 4231 nta-

562 4286 662 4327 nus
706 4279 756 4325 et
806 4271 1018 4324 diaconi
1061 4269 1259 4325 vadunt
1311 4272 1379 4324 ad
1426 4271 1627 4336 altare,
1675 4281 1723 4325 et
1770 4271 2156 4343 discooperiant

561 4371 771 4417 sancta.
799 4359 870 4416 Et
899 4362 1138 4432 pontifex
1162 4363 1370 4417 veniens
1409 4363 1478 4418 ad
1514 4363 1686 4419 altare
1720 4365 1921 4420 diuidat
1949 4366 2156 4422 oblatas

563 4454 636 4509 ad
663 4453 1008 4526 frangendas,
1054 4463 1104 4511 et
1134 4458 1479 4512 communicet
1508 4459 1676 4513 omnis
1717 4458 1941 4530 populus
1971 4460 2156 4514 ordine

561 4561 659 4602 suo
701 4554 753 4600 et
775 4555 948 4601 sumat
976 4546 1041 4602 de
1089 4546 1217 4618 ipsis
1253 4545 1458 4604 oblatas
1481 4550 1712 4620 integras
1741 4552 1811 4604 ad
1836 4551 2155 4606 servandum

2261 3353 2486 3393 novum.
2523 3339 2588 3394 Α.
2641 3338 2699 3394 ln
2758 3339 2949 3398 diebus
2977 3342 3105 3400 illis.
3154 3347 3220 3399 Α.
3265 3345 3410 3402 Ante
3446 3348 3595 3404 diem
3644 3346 3850 3406 festum.

2259 3431 2326 3484 Α.
2355 3428 2466 3485 Vos
2494 3431 2706 3487 vocatis
2736 3447 2844 3488 me.
2881 3433 2950 3486 Α.
2978 3432 3208 3492 Domine
3232 3445 3288 3491 tu
3318 3436 3454 3492 mihi
3477 3438 3654 3495 lavas.
3677 3439 3850 3494 Oratio

2259 3528 2374 3590 post
2405 3522 2736 3578 mandatum.
2786 3521 2916 3578 Post
2969 3524 3240 3582 lavacrum
3268 3529 3482 3598 pedum,
3533 3541 3584 3586 et
3608 3542 3726 3601 post
3751 3530 3848 3599 fro.

2261 3613 2484 3668 ctionem
2526 3616 2679 3684 panis
2724 3616 2947 3672 domnus
2989 3617 3283 3690 Episcopus
3316 3620 3393 3676 vel
3435 3623 3711 3694 presbyter
3745 3639 3851 3692 pro-

2261 3714 2469 3767 nuntiat
2499 3715 2595 3769 hos
2617 3731 2798 3770 versus
2827 3731 2845 3771 :
2877 3715 3229 3789 Suscepimus
3248 3718 3395 3776 Deus
3416 3719 3850 3777 misericordiam

2261 3811 2413 3857 tuam
2443 3805 2498 3859 in
2557 3805 2739 3862 medio
2769 3807 2980 3880 templi.
3016 3809 3095 3864 Tu
3125 3813 3395 3868 mandasti
3436 3814 3701 3869 mandata
3746 3823 3849 3877 tua,

2260 3896 2528 3950 custodiri
2587 3897 2773 3955 nimis.
2838 3899 2921 3954 Tu
2979 3900 3175 3957 lavasti
3236 3903 3403 3974 pedes
3467 3904 3850 3977 discipulorum

2261 3995 2509 4043 tuorum.
2533 3987 2711 4046 Opera
2733 4006 2996 4049 manuum
3020 4001 3234 4049 tuarum
3255 3993 3371 4049 Dne
3389 4010 3500 4052 non
3523 3997 3789 4068 despicias
3801 3996 3848 4051 in

2261 4087 2538 4134 eternum.

2333 4169 2538 4226 Adesto
2562 4170 2791 4227 Domine
2822 4172 3016 4230 oﬂiciis
3063 4184 3266 4232 nostra:
3307 4177 3620 4245 servitutis,
3650 4177 3847 4249 quiatu

2259 4264 2432 4334 pedes
2462 4263 2650 4320 lavare
2677 4265 2932 4336 dignatus
2949 4283 3010 4323 es
3031 4268 3137 4324 tuis
3159 4267 3460 4339 discipulis.
3488 4269 3572 4324 Ne
3594 4269 3848 4340 despicias

2261 4367 2432 4423 opera
2457 4368 2712 4409 manuum
2748 4364 2988 4423 tuarum,
3021 4373 3142 4428 qua
3190 4359 3347 4414 nobis
3389 4361 3684 4418 retinenda
3713 4374 3845 4415 man-

2265 4449 2431 4516 dasti,
2459 4457 2518 4503 ut
2546 4450 2689 4504 sicut
2721 4451 2811 4506 hic
2833 4452 3103 4507 exteriora
3124 4451 3424 4509 abluuntur
3445 4453 3846 4523 inquinamenta

2264 4541 2346 4597 sic
2376 4551 2478 4597 ate
2502 4543 2747 4598 omnium
2779 4552 3029 4600 nostrum
3051 4544 3312 4601 interiora
3334 4544 3595 4602 laventur
3611 4554 3843 4617 peccata,

563 4653 728 4708 usque
772 4653 926 4694 mane
969 4638 1076 4693 diei
1108 4615 1420 4709 'parasceve,
1449 4640 1514 4695 de
1551 4615 1738 4712 quibus
1772 4643 2155 4698 communicent
2180 4615 2237 4678 ι)
2261 4634 2408 4707 (100d
2432 4635 2547 4706 ipse
2567 4644 2831 4706 praestare
2861 4636 3094 4707 dignetis
3115 4635 3209 4708 qui
3229 4637 3392 4702 vivis,
3409 4646 3524 4693 etc.
3552 4615 3702 4694 Alia.
3722 4637 3846 4692 Deus

563 4729 759 4801 absque
782 4731 1039 4804 sanguine
1071 4730 1306 4799 Domini,
1336 4735 1554 4804 sanguis
1581 4750 1702 4789 vero
1730 4736 1914 4791 eadem
1951 4738 2036 4792 die
2066 4754 2152 4808 pe-

563 4823 707 4880 nitus
737 4834 1102 4880 consumatur.
1127 4825 1198 4881 Et
1224 4827 1370 4882 scola
1395 4828 1596 4882 dicente
1625 4828 1810 4899 Agnus
1835 4827 1934 4883 Dei
1960 4830 2153 4901 absque

563 4915 746 4985 osculo
771 4925 820 4972 et
862 4917 1246 4972 communione.
1281 4919 1544 4973 Dominus
1569 4916 1748 4975 Jesus.
1777 4935 1902 4974 cum
1942 4920 2154 4991 psalmo
2207 4977 2210 4980 .

562 5013 622 5056 et
641 5004 831 5058 aloria.
866 5002 1074 5060 Fractis
1102 5016 1280 5061 autem
1309 5007 1499 5060 oblatis
1529 5009 1914 5064 communicent
1941 5009 2154 5068 presbit-

2263 4727 2356 4798 qui
2386 4726 2775 4798 discipulorum
2819 4736 3031 4784 tuorum
3061 4727 3232 4799 pedes
3266 4727 3498 4784 abluens
3524 4729 3621 4800 pio
3669 4728 3844 4784 alecto

2260 4819 2342 4874 eis
2361 4818 2670 4890 exemplum
2694 4819 3000 4889 praebuisti,
3030 4821 3460 4890 mandatumque
3475 4820 3704 4878 dedisti.
3718 4819 3843 4877 Gon-

2260 4907 2394 4964 cede
2424 4908 2693 4979 propitius
2721 4918 2782 4963 ut
2824 4925 2924 4980 per
2949 4910 3270 4982 obsequium
3317 4912 3709 4968 mandatorum
3740 4923 3844 4968 tuo-

2259 5012 2384 5054 rum
2413 5013 2604 5054 eorum
2653 5000 2880 5057 obtentu
2934 5003 3004 5057 de
3027 5010 3124 5057 tuo
3153 5001 3403 5058 laetemur
3429 5014 3686 5068 aspectu.
3723 5003 3845 5068 quod
