3962 6326
64 308 96 341 “‘
127 330 261 393 coss

1394 313 1806 375 BENEDICTIO
1843 313 2021 375 OLEI.

3250 314 3395 395 toro

124 451 423 514 decoretur,
441 452 489 501 et
521 457 664 500 more
690 439 848 499 solito
888 438 1038 509 Deus
1091 437 1146 493 in
1172 435 1496 508 adiutorium
1520 448 1701 492 meum
1728 432 1782 496 Α
1804 438 1915 487 mat
1933 412 2054 486 eum
2091 445 2211 485 cum
2254 426 2435 496 calice,
2472 426 2566 482 illa
2588 426 2951 483 tantummodo
2979 427 3087 497 die,
3113 438 3388 502 postquam

125 561 229 603 non
254 542 459 606 dicunt,
485 555 579 597 nec
600 535 809 594 Gloria.
842 533 956 591 Nec
979 531 1349 589 Invitatorium
1364 546 1384 597 ;
1408 530 1498 587 sed
1524 539 1709 585 cantor

124 636 307 708 incipit
322 634 378 690 in
407 631 623 704 psalmis
654 628 785 702 (tuo)
811 627 1171 699 antiphonam,
1217 625 1349 681 sicut
1377 625 1432 679 in
1471 624 1711 695 antiphm

124 725 339 783 narium
361 721 488 795 (rio)
513 719 838 786 continetur;
870 733 961 776 nec
984 716 1250 787 presbyter
1276 712 1494 784 complet
1519 714 1574 768 in
1602 713 1711 784 ﬁne

122 815 433 879 oriuionem,
458 812 549 869 sed
596 810 757 868 tacite
807 809 1129 879 surgendum
1171 813 1269 871 est,
1297 814 1345 861 et
1368 804 1533 859 lector
1555 803 1709 859 bene-

120 907 417 967 dictionem,
471 912 613 977 petat
664 916 686 956 :
730 910 779 956 et
824 903 1035 971 quando
1088 898 1227 969 ﬁnit,
1280 914 1385 953 non
1421 897 1584 953 dicat.
1627 894 1709 953 Tu

120 1005 333 1063 autem,
355 993 448 1055 scd
471 1009 539 1051 ex
566 991 732 1050 verbis
755 989 1037 1047 lectionum
1074 988 1290 1061 jubetur
1312 990 1487 1059 facere
1526 986 1706 1057 ﬁnem.

118 1086 393 1159 Lectiones
410 1099 533 1141 uero
547 1082 792 1155 legantur
813 1089 917 1136 tres
939 1079 1003 1135 de
1022 1077 1397 1135 lamentatione
1424 1075 1710 1133 Hieremias

116 1176 411 1247 prophetas,
450 1171 541 1229 ubi
571 1171 743 1229 dicit:
788 1169 1071 1239 Quomodo
1117 1167 1276 1225 sedet
1318 1166 1433 1222 sola
1492 1166 1711 1235 civitas,

120 1284 287 1341 usque
312 1265 582 1340 Cogitavit
635 1265 784 1321 Dnus
826 1263 1093 1335 dissipare
1132 1277 1351 1318 murum
1386 1260 1510 1317 ﬁlim
1540 1254 1705 1329 Sion;

119 1369 233 1415 tres
257 1358 321 1415 de
360 1366 592 1415 tractatu
633 1356 801 1413 sancti
844 1353 1122 1427 Augustini
1164 1354 1218 1408 in
1269 1351 1473 1425 psalmo
1520 1351 1709 1425 (mum)

117 1450 332 1508 Exaudi
354 1450 497 1505 Deus
521 1448 825 1506 orationem
856 1461 1030 1503 meam
1060 1444 1235 1517 primo
1251 1443 1467 1518 (mum).
1496 1442 1623 1500 Tres
1645 1444 1713 1500 de

118 1542 361 1616 apostolo
389 1541 479 1598 ubi
499 1543 577 1597 ait
602 1540 656 1597 I.
687 1540 758 1598 ad
789 1538 1088 1596 Corinthios
1116 1555 1234 1609 cap.
1264 1553 1342 1593 χι.
1369 1537 1482 1609 Ego
1522 1535 1710 1607 accepi

114 1653 157 1694 ι
216 1636 353 1700 Duo.
414 1633 555 1705 quod
619 1642 677 1691 et
738 1633 937 1689 tradidi
991 1630 1164 1687 vobis.
1230 1627 1408 1685 VIIII
1454 1627 1706 1699 psalmos.

112 1726 311 1791 ,VIIII
339 1726 605 1784 lectiones.
646 1721 825 1781 VIIII
859 1724 1211 1796 responsoria,
1241 1738 1361 1777 cum
1396 1708 1709 1793 antiphonas

1806 519 2285 585 communicaverit,
2327 519 2472 590 ponit
2503 517 2721 573 calicem
2759 535 2917 591 super
2961 517 3147 577 altare.
3184 508 3397 579 Deinde:

1806 620 2077 683 acceptam
2102 627 2134 665 a
2162 610 2484 665 subdiacono
2508 618 2757 680 patenum
2780 609 2925 681 ponit
2963 609 3126 681 juxta
3170 610 3386 669 calicem

1807 703 1872 761 de
1893 703 2054 760 latere
2075 691 2306 769 sinistro,
2333 711 2381 757 et
2423 703 2602 758 statim
2629 703 2930 774 coaperitur
2956 721 2989 758 a
3018 705 3223 762 duobus
3266 698 3399 763 dia:

1808 792 2021 865 canibus
2072 802 2350 865 utrumque
2396 793 2461 848 de
2510 792 2729 849 sindone
2782 794 3004 862 munda,
3036 812 3194 867 quam
3244 788 3399 869 prius'

1806 893 2230 955 praeparaverant
2251 884 2307 938 in
2329 899 2419 938 ore
2446 880 2631 938 altaris
2668 900 2696 939 e
2736 885 2942 956 regione
2968 887 3233 957 pontiﬁcis
3276 882 3399 959 posl

1808 972 2131 1047 corporalem
2157 991 2483 1046 expansum;
2510 984 2559 1031 et
2585 976 2833 1032 continuo
2865 976 2970 1031 duo
3019 976 3214 1050 acolyti
3237 980 3392 1037 inuo-

1809 1066 1949 1125 lutus
1975 1065 2234 1140 ampullas
2264 1085 2382 1125 cum
2408 1068 2630 1127 sindone
2650 1070 2772 1126 alba
2820 1072 3013 1138 serica,
3039 1072 3115 1127 ita
3136 1075 3196 1128 ut
3224 1066 3401 1129 videri

1809 1161 2030 1232 possint,
2056 1178 2090 1217 a
2123 1160 2294 1216 medio
2345 1170 2518 1217 tenent
2548 1162 2604 1216 in
2648 1161 2863 1218 brachio
2891 1163 3105 1218 sinistro
3139 1163 3388 1236 projectis

1809 1256 2117 1314 sindonibus
2143 1273 2300 1327 super
2319 1256 2591 1329 scopulum
2613 1257 2904 1324 sinistram,
2936 1258 3010 1312 ita
3042 1268 3098 1312 ut
3137 1250 3397 1331 pertingal

1810 1348 2082 1421 scapulam
2105 1348 2366 1418 dextram,
2387 1357 2645 1421 quatenus
2667 1350 2866 1422 possint
2894 1348 3239 1420 dependentia
3274 1350 3397 1405 retis

1813 1460 1970 1512 uere;
2003 1460 2036 1498 a
2061 1442 2249 1517 quibus
2270 1443 2365 1499 sub
2396 1442 2616 1498 humero
2652 1442 2916 1498 stantibus
2954 1442 3087 1497 venit
3114 1440 3397 1497 subdiacoi

1813 1552 1931 1603 nus,
1965 1546 2013 1591 et
2056 1537 2246 1608 accipit
2287 1535 2576 1607 ampullam
2624 1537 2961 1592 commixtam
3006 1554 3113 1590 una
3136 1552 3253 1590 cum
3282 1534 3396 1591 sin-

1812 1631 1970 1699 done,
2003 1642 2051 1689 et
2079 1631 2172 1687 dat
2192 1648 2308 1705 eam
2337 1632 2734 1697 archidiaconu,
2760 1640 2808 1686 et
2849 1631 2936 1687 ille
2966 1630 3131 1701 defert
3158 1626 3400 1700 pontiﬁci

1812 1734 1935 1779 ante
1964 1723 2165 1792 altare;
2188 1734 2310 1780 tunc
2350 1722 2585 1796 pontifex
2615 1724 2894 1795 respiciens
2933 1722 3003 1776 ad
3043 1722 3315 1785 orientem,
3348 1716 3398 1775 el

116 1816 216 1891 (is)
244 1818 418 1874 omnia
444 1816 752 1889 complenda
778 1825 920 1871 sunt.
944 1812 1195 1884 Sequitur
1211 1813 1530 1869 matutinum
1553 1829 1573 1868 :
1597 1829 1712 1868 ma—
1738 1828 1786 1891 Β
1813 1815 2069 1871 diaconus
2097 1824 2276 1870 tenens
2299 1824 2420 1870 ante
2440 1815 2611 1886 ipsum
2632 1812 2924 1885 ampullam
2953 1813 3007 1868 in
3035 1812 3248 1866 sinistro
3276 1804 3399 1864 bra-1

115 1908 296 1966 tutino
317 1910 569 1980 completo
592 1924 699 1964 non
727 1908 942 1963 dicatur
961 1905 1130 1977 Kyrie
1155 1905 1393 1978 eleyson,
1429 1921 1521 1960 nec
1549 1904 1619 1960 Et
1645 1918 1716 1961 ne

110 2018 230 2063 nos
264 2002 488 2060 inducas
542 2003 596 2059 in
650 2001 1085 2073 temptationem.
1138 1998 1291 2055 IIora
1345 2008 1520 2055 autem
1561 1999 1713 2056 tertia

110 2095 347 2175 ingressi
389 2095 689 2151 sacrarium
718 2094 1017 2149 induuntur
1056 2090 1357 2148 dalmaticis
1398 2104 1508 2147 tam
1535 2093 1714 2165 ponti-

112 2187 407 2263 [umquam
426 2204 608 2245 omnes
628 2187 863 2255 diaconi,
879 2184 957 2243 vel
985 2187 1130 2242 omni
1155 2195 1483 2255 ornamento,
1507 2186 1716 2245 sedente

108 2279 373 2353 maliﬁce
411 2280 468 2335 in
512 2277 643 2334 sella
673 2294 789 2341 sua,
817 2287 866 2333 et
910 2285 1284 2348 praeparantur
1318 2275 1564 2348 ampullce
1592 2276 1716 2333 dure

122 2386 252 2427 cum
275 2369 409 2435 oleo,
433 2386 660 2441 quarum
685 2367 869 2423 melior
888 2366 1127 2438 defertur
1147 2366 1406 2438 pontiﬁci,
1431 2374 1485 2420 ut
1504 2375 1714 2437 accepto

119 2461 363 2527 balsama
388 2470 437 2533 et
458 2461 834 2519 commiscitato
859 2477 979 2515 cum
1006 2459 1120 2516 oleo
1161 2476 1323 2515 manu
1364 2476 1463 2515 sua
1501 2458 1712 2530 impleat

110 2568 268 2619 aut,
294 2552 442 2608 illam
490 2568 610 2607 vero
658 2550 823 2606 aliaat
862 2550 1089 2607 ministri
1136 2558 1344 2606 teneant
1373 2548 1615 2621 plenam;
1665 2559 1717 2607 et

104 2644 366 2718 fontifea:
383 2644 505 2701 lotis
536 2645 778 2700 manibus
800 2643 1034 2716 procedit
1064 2659 1184 2700 cum
1207 2653 1404 2714 septem
1426 2651 1715 2698 cereostata

104 2734 227 2813 ,(ἰε)
251 2735 319 2795 ad
354 2726 549 2791 Missas
575 2734 747 2807 (216),
776 2734 917 2790 dicta
950 2733 1237 2806 antipltona
1267 2731 1337 2787 ad
1380 2731 1668 2788 Introitum
1694 2746 1715 2791 ς

120 2828 302 2891 Nobis
329 2839 511 2891 autem
544 2829 681 2902 glori
707 2829 835 2904 (ari)
864 2836 1098 2901 oportet.
1150 2827 1404 2900 Sequitur
1448 2825 1634 2884 Gloria
1660 2827 1717 2884 in

118 2918 360 2987 excelsis
385 2918 514 2977 Deo.

108 3076 113 3083 ,
664 3011 806 3069 Dicit
834 3013 1126 3068 orationem
1163 3024 1184 3065 :

106 3174 113 3179 ἰ
205 3105 350 3167 Deus
368 3121 398 3161 a
424 3118 531 3177 quo
551 3112 608 3161 et
642 3103 813 3162 Iudas
837 3114 1022 3177 reatus
1045 3105 1132 3160 sui
1177 3119 1393 3176 pmnam
1416 3112 1472 3164 et
1497 3103 1716 3163 confes-

1817 1908 1937 1966 chio
1966 1908 2253 1966 revolutam
2274 1911 2331 1967 in
2357 1910 2602 1977 sindone,
2629 1917 2687 1964 ut
2722 1926 2881 1981 supra
2912 1909 3161 1974 diximus,
3194 1916 3242 1962 et
3272 1900 3403 1961 dicil

1816 2000 2055 2073 pontifex
2079 2014 2099 2054 :
2127 2000 2356 2057 Sursum
2379 2001 2567 2057 corda.
2588 2001 2627 2071 ri)
2649 2041 2662 2058 .
2697 1999 2974 2057 Habemus
2997 2001 3063 2056 ad
3086 2000 3245 2056 Dum.
3267 1997 3411 2073 Gra-

1816 2092 1925 2149 tias
1959 2107 2185 2164 agamus
2237 2091 2355 2149 Duo
2400 2093 2524 2150 Deo.
2552 2100 2760 2151 nostro.
2788 2092 2844 2163 ἡ.
2874 2092 3102 2164 Dignum
3128 2099 3182 2148 et
3198 2078 3409 2164 justum

1816 2191 1921 2241 est.
1971 2183 2043 2239 Et
2090 2184 2253 2240 intrat
2300 2184 2357 2240 in
2386 2185 2830 2240 consecrationem
2874 2184 3170 2239 chrismatis
3201 2174 3409 2239 excelsa

1815 2291 1958 2344 voce,
2006 2276 2097 2333 sed
2150 2285 2470 2348 antequanm
2519 2276 2879 2344 benedicatur,
2921 2275 3069 2331 halat
3092 2286 3172 2331 ter
3192 2274 3249 2330 in
3296 2266 3412 2330 ami-

1815 2366 2036 2428 pullam.
3391 2362 3399 2372 '

1888 2457 2001 2514 VI).
2018 2459 2289 2530 etjustum
2313 2466 2418 2525 est,
2433 2474 2647 2530 aequum
2666 2466 2720 2513 et
2742 2458 3005 2524 salutare,
3027 2473 3125 2514 nos
3143 2457 3238 2514 tibi
3264 2473 3410 2514 sem-

1816 2566 1917 2625 per
1940 2562 1997 2609 et
2016 2553 2217 2625 ubique
2230 2552 2436 2624 gratias
2448 2567 2632 2624 agere,
2648 2552 2765 2609 Due
2779 2561 2968 2609 sancte
2983 2552 3147 2608 Pater
3161 2548 3306 2606 omni
3311 2532 3411 2622 po:-

1819 2651 2159 2702 tensaeterne
2172 2644 2316 2701 Deus
2331 2661 2348 2712 ;
2364 2643 2457 2715 qui
2475 2644 2526 2698 in
2542 2642 2811 2715 principio
2826 2653 2881 2699 et
2902 2642 3045 2700 inter
3061 2651 3281 2710 caetera,
3294 2650 3404 2699 etc.

2352 2752 2684 2794 EXORCISIIUS
2729 2751 2871 2795 om.
3004 2812 3009 2819 ι
3390 2800 3393 2807 λ

1874 2832 2020 2893 Deus
2035 2830 2494 2888 incrementorum
2510 2839 2566 2886 et
2578 2829 2920 2905 profectuum
2938 2828 3281 2909 spiritalium,
3298 2836 3410 2909 etc,

1822 2922 1944 2992 Qua
1967 2923 2172 2995 expleta
2191 2923 2449 2980 benedicit
2473 2922 2764 2994 ampullam
2789 2921 2890 2978 olei
2917 2923 3100 2978 ordine
3126 2904 3229 2995 quo
3247 2904 3410 2994 supra

1817 3016 2071 3084 delatam,
2100 3025 2150 3072 et
2170 3015 2413 3073 similiter
2440 3015 2585 3071 halat
2615 3016 2671 3070 in
2719 3016 2835 3086 ipsa
2875 3015 2965 3071 sed
2996 3015 3175 3082 tacite,
3204 2998 3414 3087 ampul-

1822 3109 1932 3168 lam
1956 3120 2152 3176 autem,
2179 3126 2299 3183 qua:
2326 3126 2446 3166 cum
2481 3109 2763 3165 chrismate
2799 3117 2897 3179 est,
2947 3109 3126 3164 statim
3158 3117 3214 3162 ut
3258 3092 3413 3187 bene:

124 3199 328 3269 sionis,
353 3207 458 3263 etc.
497 3196 716 3271 Legitur
758 3198 981 3271 apostoli
1023 3197 1174 3254 lectio
1199 3214 1218 3254 :
1243 3197 1496 3267 Fratres,
1523 3211 1719 3283 convef
1744 3200 1793 3266 C
1822 3206 1966 3261 dicta
1995 3204 2175 3277 fuerit,
2199 3205 2520 3277 cooperitur,
2543 3214 2599 3259 ut
2624 3204 2803 3259 anima
2852 3203 2996 3259 nuda
3017 3202 3278 3268 videatur,
3316 3201 3409 3283 sed

102 3292 410 3362 adeamus
454 3293 611 3349 vobis
651 3292 711 3349 in
761 3308 950 3361 unum,
1002 3308 1167 3364 usque
1216 3300 1276 3349 ut
1304 3309 1413 3351 non
1460 3308 1585 3349 cum
1611 3292 1718 3350 hoc

116 3384 338 3454 mundo
361 3383 739 3457 dampnemur.
768 3382 1021 3451 Sequitur
1049 3380 1216 3438 Grad.
1251 3381 1385 3439 Cbr'
1422 3382 1596 3440 factus
1634 3392 1720 3440 est

101 3490 237 3561 ﬁxo
260 3475 421 3536 uehis
438 3475 699 3533 obediens
717 3490 891 3546 usque
917 3473 988 3530 ad
1014 3486 1266 3531 mortem.
1308 3474 1525 3546 Legitur
1561 3492 1722 3532 euan-

120 3567 331 3641 gelium
356 3567 645 3627 secundum
664 3565 964 3633 Iohannem
994 3577 1151 3637 caput
1184 3565 1358 3623 XIII.
1383 3566 1440 3623 In
1470 3566 1564 3624 illo
1584 3578 1719 3625 tem-

125 3673 271 3732 pore
289 3659 471 3719 sciens
498 3659 647 3716 Dnus
666 3659 795 3730 quia
823 3659 973 3714 venit
999 3656 1131 3715 hora
1151 3657 1268 3729 ejus
1300 3676 1314 3713 :
1345 3675 1507 3730 usque
1528 3674 1718 3731 quem-

124 3752 428 3825 admodum
460 3766 559 3824 ego
582 3748 685 3808 feci
723 3749 897 3816 vobis,
924 3750 999 3806 ita
1023 3758 1081 3805 et
1104 3765 1202 3807 vos
1227 3747 1463 3807 faciatis.
1495 3748 1721 3806 Canitur

121 3842 502 3919 offertorium:
527 3841 758 3907 Dextera
816 3840 940 3898 Dni.
993 3838 1245 3912 Sequitur
1295 3855 1454 3912 super
1494 3839 1671 3896 oblata
1698 3854 1720 3896 :

120 3936 256 4010 Ipse
282 3935 387 4003 tibi
403 3950 711 4007 quassamus
734 3934 869 3992 Due.
897 3931 969 3989 Et
993 3933 1120 3990 dicit
1148 3932 1387 4005 pontifex
1416 3933 1600 3990 ordine
1624 3949 1721 3990 suo

123 4042 301 4101 usque
325 4026 416 4083 ubi
461 4027 589 4082 dicit
613 4040 633 4080 :
658 4025 1139 4084 Communicantes
1158 4034 1214 4081 et
1236 4026 1380 4083 diem
1407 4024 1719 4087 sacratissi-

122 4138 291 4187 mum
317 4122 678 4191 celebrantes,
711 4137 821 4194 quo
847 4122 998 4179 Dnus
1045 4131 1234 4180 noster
1269 4120 1429 4178 Iesus
1472 4120 1722 4177 Christus

122 4229 242 4293 pro
266 4213 423 4272 nobis
447 4222 533 4270 est
560 4213 824 4281 traditus;
856 4213 952 4270 sed
978 4221 1034 4268 et
1064 4212 1405 4269 memoriam.
1429 4210 1721 4284 Sequitur;

123 4308 297 4369 Hanc
344 4308 511 4381 igitur
555 4307 888 4366 oblationem
934 4306 1217 4364 servitutis
1262 4314 1485 4371 nostrae,
1531 4304 1627 4362 sed
1669 4312 1726 4361 et

120 4410 354 4465 cunmm
378 4399 597 4459 familiae
622 4411 750 4468 tum,
775 4415 941 4471 quam
984 4398 1084 4456 tibi
1125 4394 1407 4455 oderimus
1455 4395 1527 4453 ob
1554 4396 1721 4463 diem,

1817 3308 2021 3357 tenente
2065 3315 2184 3356 eam
2224 3297 2472 3365 accolito,
2513 3314 2692 3354 omnes
2717 3314 2833 3354 eam
2868 3313 2964 3370 per
3006 3294 3243 3351 ordinem
3267 3293 3410 3367 salu;-

1819 3400 1946 3455 tent,
1961 3409 2124 3465 quam
2139 3391 2428 3463 Episcopus
2448 3400 2496 3446 et
2517 3391 2733 3455 diaconi
2756 3391 2908 3463 prius
2935 3390 3135 3463 nudam
3157 3388 3414 3467 salutant].

1820 3481 1941 3540 Hoc
1985 3482 2212 3554 expleto,
2255 3482 2445 3538 ablatis
2491 3482 2735 3538 manibus
2791 3479 3039 3553 Pontifex
3098 3480 3235 3545 venit
3289 3488 3409 3560 ante

1821 3575 2015 3641 altare,
2036 3585 2083 3632 et
2109 3575 2463 3632 communicat
2505 3574 2675 3630 omnis
2723 3572 2950 3646 populus
2978 3573 3163 3629 ordine
3201 3588 3319 3639 suo,
3361 3580 3411 3643 et
3495 3570 3505 3585 ⁸

1820 3676 2028 3725 seruant
2057 3668 2123 3724 de
2150 3675 2339 3722 sancta
2366 3667 2613 3738 usque‘in
2634 3667 2946 3722 crastinum.

2374 3774 2443 3814 AD
2476 3772 2851 3817 COIPLENDUI.
3386 3816 3391 3827 ,

1842 3888 1847 3893 -
1894 3849 2107 3911 Refecti
2164 3851 2420 3908 vitalibus
2464 3850 2761 3915 alimentis,
2815 3865 3127 3922 qumsamus
3176 3849 3408 3919 Domine

1823 3943 1970 4003 Deus
1998 3950 2207 4010 noster,
2234 3950 2294 3999 ut
2315 3942 2461 4013 quod
2512 3950 2757 4014 tempore
2802 3940 3155 3999 mortalitatis
3193 3940 3413 4012 exequi.

1824 4052 1970 4102 mur,
2002 4035 2411 4092 inmortalitatis
2439 4042 2547 4093 tum
2576 4050 2802 4092 munere
2833 4050 3256 4107 consequamur.
3285 4032 3412 4107 Per.

1820 4128 1914 4185 Ea
1941 4144 2061 4185 vero
2080 4128 2167 4183 die
2188 4128 2323 4183 hora
2348 4144 2488 4184 nona
2518 4126 2744 4198 faciebat
2766 4128 2939 4183 excuti
2959 4129 3132 4199 ignem
3151 4129 3216 4182 de
3239 4124 3416 4197 lapide

1823 4219 2021 4276 inloco
2045 4219 2176 4289 foris
2202 4218 2446 4287 basilica,
2489 4221 2536 4276 si
2589 4219 2662 4275 ibi
2721 4219 3015 4276 oratorium
3043 4219 3307 4286 habuerit,
3360 4218 3414 4273 in

1825 4323 1980 4383 porta
2002 4312 2075 4367 ibi
2100 4313 2405 4379 excutiam;
2437 4313 2522 4368 sin
2544 4329 2686 4379 vero,
2716 4313 2772 4368 in
2799 4311 2915 4368 loco
2940 4313 2995 4367 in
3026 4328 3131 4384 quo
3170 4310 3411 4368 conside-

1828 4405 2043 4462 raverit.
2070 4403 2231 4460 Prior
2250 4406 2327 4461 ita
2356 4414 2411 4460 ut
2432 4421 2498 4460 ex
2517 4421 2577 4460 eo
2596 4406 2761 4475 possit
2782 4404 3005 4460 candela
3026 4404 3276 4471 accendi;
3294 4419 3415 4475 quas

122 4494 191 4557 in
222 4509 338 4566 qua
359 4490 510 4550 Dnus
531 4500 723 4550 noster
741 4490 907 4550 Iesus
926 4489 1176 4547 Christus
1203 4488 1430 4544 tradidit
1447 4486 1729 4557 discipulis
1759 4542 1779 4566 ζ
1829 4494 2054 4551 candela
2098 4495 2156 4551 in
2201 4495 2463 4550 arundine
2490 4495 2661 4557 debet
2701 4495 2848 4565 poni,
2902 4502 2950 4548 et
2979 4511 3011 4549 a
3050 4494 3412 4550 mansiouario

118 4562 264 4652 suis
281 4583 529 4658 corporis
552 4594 610 4641 et
632 4582 919 4657 sanguinis
943 4581 1028 4639 sui
1075 4579 1333 4655 mysteria
1380 4576 1718 4642 celebranda,

1832 4585 2087 4644 Ecclesia:
2115 4586 2192 4642 vel
2220 4586 2335 4642 loco
2359 4586 2447 4641 ubi
2466 4586 2774 4642 accenditur
2795 4585 3033 4657 lampas;
3058 4602 3162 4641 una
3186 4596 3420 4642 seruetur

94 4692 465 4754 -qntesumus
511 4675 628 4734 Due
673 4684 736 4732 ut
782 4674 1030 4748 placatus
1071 4673 1330 4744 accipias.
1387 4670 1490 4741 Qui
1532 4670 1731 4744 pridie,

122 4783 311 4844 quam
336 4782 435 4840 pro
458 4775 643 4826 nostra
667 4766 911 4824 omnium
965 4765 1141 4823 salute
1180 4772 1483 4837 pateretur,
1511 4764 1615 4820 hoc
1646 4774 1735 4820 est

126 4859 336 4928 hodie,
359 4859 571 4931 accepit
586 4874 781 4932 panem
805 4858 862 4914 in
884 4866 1105 4921 sanctas
1129 4872 1195 4929 ac
1219 4855 1575 4915 venerabiles.
1593 4854 1733 4927 Item

124 4955 196 5015 in
221 4951 413 5009 ultimo
424 4962 705 5026 antequam
724 4952 967 5009 dicatur:
981 4952 1087 5010 Per
1105 4967 1267 5024 quem
1286 4952 1403 5010 haec
1413 4952 1596 5008 omnia
1618 4952 1735 5008 Due

86 5114 93 5115 ί
127 5058 368 5116 semper
398 5044 542 5103 bona
568 5059 750 5112 creas,
780 5042 1023 5102 leuantur
1057 5043 1124 5100 de
1174 5042 1426 5116 ampullis
1444 5059 1578 5115 quas
1605 5043 1741 5114 offe-

127 5148 271 5219 runt
306 5136 546 5215 populi”
572 5149 620 5195 et
655 5137 910 5195 benedicit
953 5147 1065 5193 tam
1113 5137 1338 5193 domnus
1388 5152 1547 5206 papa,
1576 5151 1737 5207 quam

106 5214 332 5291 ‘omnes
354 5214 656 5303 presbyteri.

489 5338 809 5382 BENEDICTIO
848 5339 972 5381 OLEI
1011 5337 1114 5380 P80
1150 5337 1405 5381 INFIRMIS.

218 5416 429 5475 Emitte
441 5414 556 5476 Dne
571 5417 834 5491 Spiritum
846 5426 1095 5474 sanctum
1113 5425 1262 5473 tuum
1278 5426 1611 5487 quaesumus,
1626 5424 1735 5472 etc.

136 5508 412 5582 Sequitur
431 5507 536 5566 Per
563 5524 725 5581 quem
749 5510 868 5565 haec
898 5508 1101 5566 omnia.
1127 5506 1248 5576 Qua
1281 5507 1485 5579 expleta
1505 5520 1741 5562 commu-

135 5600 297 5663 nicat
319 5599 587 5673 episcopus
608 5599 752 5657 solus
776 5610 897 5657 ante
925 5598 1116 5666 altare,
1148 5609 1196 5655 et
1245 5598 1501 5655 diaconus
1548 5599 1742 5670 conﬁr-

1836 4694 2000 4752 usque
2022 4678 2079 4734 in
2099 4674 2389 4734 Sabbatum
2401 4686 2643 4734 sanctum
2656 4677 2726 4733 ad
2747 4676 3173 4733 inluminandum
3186 4693 3415 4747 cereum,

1834 4772 1927 4850 aui
1952 4770 2133 4831 eodem
2153 4770 2239 4826 die
2264 4769 2646 4826 benedicendus
2669 4780 2744 4827 est
2787 4770 2994 4837 ordine,
3024 4786 3129 4842 quo
3157 4771 3214 4826 in
3239 4787 3423 4829 sacra-

1812 4871 2134 4923 .mentorum
2160 4862 2473 4919 continetur.
2504 4860 2632 4933 Ipsa
2679 4878 2800 4918 vero
2847 4862 2932 4917 die
2958 4878 3138 4919 omnes
3170 4860 3418 4918 diurnale

1839 4955 2064 5031 olﬁcium
2093 4952 2310 5011 insimul
2350 4963 2571 5010 canunt.
2599 4953 2646 5009 A
2689 4971 2895 5027 vespere
2921 4964 3098 5012 autem
3127 4955 3287 5027 hujus
3317 4954 3424 5009 diei

1838 5047 1984 5105 nuda
2009 5046 2113 5103 sint
2131 5045 2328 5102 altaria
2349 5063 2511 5119 usque
2535 5048 2591 5102 in
2614 5063 2768 5105 mane
2790 5047 3045 5107 Sabbato.

2268 5153 2425 5193 FERIA
2452 5152 2506 5193 Vl
2545 5154 2599 5195 IN
2633 5154 2987 5196 PARASCEVEN.
3148 5210 3159 5217 ι
3267 5210 3277 5219 ὶ

1912 5230 2094 5288 Media
2118 5240 2266 5287 nocte
2295 5230 2615 5302 surgendum
2640 5232 3002 5300 est,dicuntur
3030 5212 3207 5286 VIIII
3231 5212 3422 5301 psalmi

1843 5342 1961 5384 cum
1991 5324 2366 5398 responsoriis;
2389 5335 2493 5381 tres
2518 5324 2765 5383 lectiones
2790 5326 2853 5381 de
2888 5326 3263 5382 lamentatione
3288 5321 3420 5378 Hie-

1846 5418 2024 5474 remiae
2035 5417 2300 5491 propheta:
2319 5416 2384 5471 ab
2396 5433 2457 5471 eo
2478 5415 2616 5483 loco,
2637 5416 2728 5471 ubi
2750 5417 2823 5471 ait
2841 5427 2860 5468 :
2877 5414 3145 5487 Cogitavit
3161 5413 3427 5471 Dnusdis—

1846 5511 2047 5583 sipara,
2065 5524 2226 5584 usque
2238 5509 2625 5566 misericordiae
2639 5508 2741 5564 Dni
2766 5506 3100 5564 multm.Tres
3114 5507 3179 5562 de
3194 5516 3424 5562 tractatu

1849 5602 1909 5659 S.
1929 5603 2207 5675 Augustini
2219 5603 2283 5658 de
2301 5600 2503 5674 psalmo
2518 5598 2737 5656 LXIII.
2758 5597 2884 5655 Tres
2905 5598 2971 5655 de
2984 5596 3231 5673 Apostolo
3246 5597 3332 5656 ubi
3347 5599 3423 5660 ait

224 5787 383 5878 ($16)
415 5797 551 5857 Tota
578 5815 745 5863 missa
774 5814 828 5859 In
876 5798 947 5857 M.
1006 5789 1405 5859 Rﬁorationes
1450 5808 1633 5858 autem
1681 5809 1971 5879 sequentes
1996 5812 2267 5877 plerasque
2285 5799 2491 5859 eaedem
2519 5800 2572 5859 in
2596 5799 2898 5861 Pontiﬁcali
2947 5804 3011 5862 Β.
3038 5805 3309 5881 leguntur.
3384 5862 3392 5881 ,
