3962 5386
594 406 728 468 1071

1353 403 1639 460 APPEND.
1678 402 1770 458 AD
1809 403 1980 459 SIEC.
2023 400 2089 458 Χ.
2132 432 2201 443 -
2240 399 2669 459 MONUMENTA
2705 403 2978 462 LITURG.

3734 409 3864 467 1071

593 527 666 582 ad
681 523 1059 593 Hebrtcoscap.
1093 518 1150 576 V.
1171 520 1872 590 Festinemusergoegretli.
1893 519 2091 573 Deinde
2106 535 2186 572 δε·
2212 519 2261 582 Α
2295 520 2499 574 laribus
2535 521 2744 585 moniti,
2787 532 2844 577 ct
2876 522 3056 577 divina
3089 521 3430 580 institutione
3460 524 3680 581 formati
3708 531 3867 585 ande-

590 620 772 692 quitur
787 618 1128 679 Matutinum;
1144 615 1370 668 lucerna:
1389 614 1789 683 extinguuntur;
1805 612 1979 666 lumen
2003 622 2180 665 autem

591 713 828 770 ecclesite
873 710 1016 781 (hd)
1063 709 1127 763 ab
1177 707 1331 762 initio
1378 717 1566 761 cantus
1613 707 1855 760 nocturni
1903 705 2182 758 inchoatur

590 803 826 874 extingui
863 802 961 856 hoc
1001 811 1176 855 tamen
1205 799 1408 863 ordine,
1441 808 1494 852 ut
1542 798 1606 852 ab
1639 797 1857 852 introitu
1898 795 2061 866 ipsius
2089 813 2178 850 ec-

589 895 762 952 clesia
791 895 1008 965 incipiat
1038 891 1296 964 paulatim
1321 891 1502 955 tutari,
1540 899 1594 943 ut
1636 888 1774 943 verbi
1813 889 1986 958 gratia
2010 928 2025 953 ,
2059 903 2180 958 per-

587 999 708 1044 acto
734 989 903 1059 primo
933 997 1190 1041 nocturno
1221 983 1460 1039 videatur
1483 998 1665 1036 eorum
1694 997 1817 1051 pars
1861 980 2015 1034 tertia
2067 995 2178 1034 esse

585 1080 820 1136 extincta
843 1093 862 1132 .'
893 1078 1064 1134 medio
1110 1086 1367 1132 nocturno
1400 1076 1591 1130 iterum
1639 1074 1832 1138 tertia;
1863 1072 2014 1126 tertio
2058 1086 2175 1126 vero

586 1171 818 1242 expleto,
864 1170 1086 1240 exceptis
1133 1178 1322 1238 septem
1369 1165 1723 1236 lampadibus,
1780 1161 1910 1216 nihil
1958 1160 2172 1214 luminis

585 1263 951 1334 relinquatur;
980 1277 1099 1333 qua:
1125 1261 1179 1314 in
1223 1258 1481 1313 matutino
1515 1258 1612 1310 hoc
1640 1253 1823 1309 ordine
1855 1253 2174 1322 extinguan-

585 1364 715 1421 tur;
744 1355 799 1410 in
829 1353 978 1408 initio
1005 1349 1194 1422 psalmi
1223 1349 1379 1420 primi
1408 1349 1473 1402 sit
1503 1357 1678 1401 custos
1725 1360 1928 1413 semper
1953 1353 2172 1412 paratus

583 1447 641 1502 in
668 1446 782 1501 loco
829 1445 1030 1499 dextra:
1064 1443 1230 1513 partis
1254 1439 1484 1494 ecclesia:
1521 1453 1680 1508 prope
1709 1433 2041 1504 lampadibus
2067 1450 2085 1496 ;
2117 1440 2170 1486 at

583 1542 677 1602 ubi
727 1537 951 1594 audierit
999 1537 1341 1607 antiphonam
1397 1544 1572 1588 tenens
1619 1546 1844 1584 cannam
1904 1529 1957 1582 in
2010 1543 2171 1580 manu

584 1651 687 1692 sua
733 1641 870 1688 tutat
915 1629 1212 1700 lampadem
1261 1641 1464 1689 unam;
1510 1625 1564 1678 in
1613 1621 1718 1691 ﬁne
1772 1618 1960 1689 psalmi
2006 1619 2171 1688 ipsius

583 1727 749 1782 aliam
775 1725 1004 1780 sinistra:
1032 1722 1222 1792 partis,
1263 1721 1339 1774 sic
1376 1735 1481 1772 una
1524 1733 1588 1772 ex
1625 1725 1775 1786 parte
1806 1732 1936 1776 una,
1967 1713 2075 1766 alia
2108 1728 2190 1766 ex"

583 1818 695 1874 alia
719 1827 960 1870 tutantur
987 1830 1150 1884 usque
1176 1812 1244 1866 ad
1277 1808 1624 1881 evangelium,
1657 1810 1712 1863 in
1756 1805 2019 1877 evangelio
2053 1820 2169 1858 vero

583 1918 790 1964 tutatur
817 1907 872 1960 in
893 1905 1109 1960 ecclesia
1133 1903 1357 1972 lampas.

658 1997 809 2052 Hora
851 1997 1005 2051 tertia
1044 1995 1276 2060 procedit
1306 1993 1574 2061 Pontifex,
1613 1990 1688 2046 vel
1715 1993 1804 2061 qui
1845 1991 2006 2044 vicem
2029 1989 2170 2043 illius

583 2090 812 2147 tenuerit
841 2089 898 2143 in
933 2086 1152 2142 ecclesia
1196 2095 1396 2140 statuta
1435 2084 1576 2154 infra
1613 2083 1789 2136 urbem
1815 2123 1829 2146 ,
1864 2099 1963 2135 non
1999 2092 2171 2134 tamen

582 2185 639 2241 in
663 2184 864 2255 majore
889 2181 1144 2246 ecclesia;
1171 2179 1260 2252 qui
1289 2179 1415 2232 dum
1456 2182 1666 2232 ven'ens
1695 2181 1758 2230 de
1790 2176 2023 2229 sacrario
2051 2192 2172 2245 pro-

579 2278 794 2333 cesserit
842 2285 964 2330 ante
1009 2274 1178 2328 altare
1227 2273 1297 2327 ad
1333 2271 1593 2325 orandum
1643 2285 1800 2338 super
1838 2268 2126 2322 oratorium
2153 2306 2166 2330 ,

579 2371 718 2427 sicut
762 2385 875 2423 mos
921 2377 1030 2434 est,
1073 2367 1253 2420 statim
1318 2374 1374 2418 ut
1419 2363 1742 2424 surrexerit,
1797 2378 1913 2414 cum
1963 2358 2170 2413 silentio

579 2461 819 2518 ascendit
865 2461 934 2514 ad
967 2460 1162 2523 sedem,
1212 2476 1314 2530 quo
1357 2457 1565 2512 sedente
1609 2456 1786 2510 statim
1817 2455 2169 2508 subdiaconus

579 2551 814 2609 ascendit
863 2549 932 2604 ad
972 2548 1243 2619 legendum
1273 2589 1288 2613 ,
1336 2559 1381 2602 et
1431 2557 1545 2618 post
1595 2547 1867 2600 lectionem
1927 2555 2172 2598 cantatur

579 2641 886 2698 canticum:
930 2641 1042 2695 Due
1090 2638 1270 2694 audivi
1319 2655 1438 2692 cum
1481 2638 1715 2692 versibus
1763 2636 1907 2698 suis,
1953 2645 2001 2688 et
2041 2633 2169 2687 dicit

576 2731 833 2803 Pontifex
863 2749 883 2788 :
909 2730 1140 2788 Oremus
1174 2749 1188 2786 :
1214 2742 1260 2787 et
1285 2731 1552 2786 Diaconus
1577 2744 1596 2783 :
1625 2730 1932 2784 Flectamus
1957 2743 2164 2798 genua;

575 2833 627 2878 et
665 2833 780 2878 orat
827 2822 1122 2877 diutissime
1146 2863 1160 2886 ,
1204 2833 1252 2877 et
1303 2822 1428 2876 dicit
1457 2821 1678 2885 Levate,
1711 2831 1756 2874 et
1798 2822 1924 2874 dicit
1959 2819 2164 2891 (forsan

575 2916 872 2986 orationes)
899 2932 1029 2987 quas
1054 2925 1108 2968 ut
1143 2913 1356 2984 finierit,
1391 2931 1567 2967 omnes
1595 2915 1748 2966 tacite
1769 2923 1956 2966 exeunt
1985 2912 2166 2980 foras;

577 3005 879 3080 Presbyteri
907 3023 1028 3062 vero
1051 3007 1393 3061 ecclesiarum
1423 3007 1528 3059 sive
1561 3004 1626 3058 de
1661 3005 1806 3068 urbe,
1833 3004 2016 3062 stude
2045 3001 2168 3056 sub-

577 3099 836 3167 urbanis,
878 3099 1072 3154 vadunt
1119 3114 1213 3170 per
1252 3099 1499 3153 ecclesias
1539 3115 1664 3152 suas
1688 3138 1704 3164 ,
1747 3109 1801 3151 ut
1847 3098 1944 3151 hoc
1982 3097 2166 3151 ordine

573 3201 768 3247 cuncta
797 3191 868 3245 ad
892 3208 1160 3262 vesperum
1201 3189 1422 3260 faciant,
1447 3191 1546 3245 hoc
1569 3201 1775 3244 tantum
1803 3201 2081 3254 mutantes,
2107 3197 2165 3242 ut

574 3284 667 3338 ubi
709 3281 958 3353 Pontifex
1011 3283 1245 3338 meminit
1309 3281 1693 3353 apostolicum,
1744 3281 1843 3351 ipsi
1894 3283 2160 3335 nominent

573 3375 878 3446 episcopum
892 3391 1065 3429 suum.
1090 3373 1219 3430 Post
1243 3377 1507 3430 orationes
1529 3385 1862 3445 prwparatur
1889 3391 2021 3428 crux
2042 3384 2163 3428 ante

573 3465 770 3532 altare,
800 3467 1104 3538 interposito
1131 3467 1300 3537 spatio
1327 3467 1463 3520 inter
1500 3467 1669 3537 ipsam
1695 3476 1744 3520 et
1765 3465 1932 3520 altare
1957 3475 2164 3521 susten-

575 3567 692 3616 tata
719 3559 844 3614 hinc
887 3557 1009 3615 inde
1054 3575 1088 3612 a
1129 3558 1332 3614 duobus
1369 3558 1644 3624 accolitis;
1683 3559 1852 3630 posito
1881 3568 2001 3613 ante
2047 3575 2164 3614 eam

574 3651 840 3718 oratorio,
886 3651 1019 3706 venit
1064 3649 1314 3722 Pontifex
1341 3691 1356 3716 ,
1405 3659 1454 3705 et
1499 3652 1780 3706 adoratam
1825 3650 2164 3705 deosculatur

573 3758 821 3808 crucem;
861 3741 1052 3796 deinde
1098 3741 1374 3812 EpiscOpi,
1419 3740 1750 3812 Presbyteri,
1806 3741 2063 3807 Diaconi,
2114 3750 2162 3796 et

575 3833 755 3888 ceteri
795 3848 890 3902 per
929 3833 1190 3896 ordinem,
1219 3831 1408 3885 deinde
1435 3832 1696 3902 populus;
1745 3828 1999 3899 Pontifex
2041 3847 2161 3886 vero

576 3923 720 3979 sedet
772 3924 827 3978 in
861 3923 982 3978 sede
1010 3923 1300 3994 usquedum
1340 3940 1518 3977 omnes
1564 3922 1816 3978 salutent.
1861 3922 2163 3993 Presbyteri

573 4032 700 4072 vero
721 4014 828 4070 duo
855 4015 1078 4086 priores,
1121 4030 1247 4068 mox
1269 4025 1324 4066 ut
1355 4015 1722 4079 salutaverint,
1765 4013 1964 4067 intrant
1988 4015 2042 4068 in
2074 4031 2165 4069 sa-

575 4109 835 4173 crarium,
879 4107 955 4162 vel
996 4107 1084 4160 ubi
1132 4108 1359 4177 positum
1406 4107 1562 4178 fuerit
1611 4124 1798 4176 corpus
1853 4107 1978 4172 Dni,
2023 4107 2162 4177 quod

572 4201 748 4273 pridie
772 4199 1043 4264 remansit,
1071 4208 1317 4269 ponentes
1350 4215 1469 4252 eum
1498 4201 1552 4252 in
1577 4211 1841 4269 patenum,
1879 4209 1924 4253 et
1948 4199 2166 4254 subdia-

574 4310 740 4349 conus
768 4302 937 4348 teneat
966 4300 1088 4346 ante
1117 4291 1255 4360 ipsos
1290 4291 1504 4344 calicem
1531 4307 1648 4344 cum
1689 4294 1806 4346 vino
1834 4307 1938 4346 non
1977 4307 2160 4346 conse-

574 4392 749 4447 crato,
775 4391 823 4437 et
845 4379 981 4436 alter
1003 4381 1353 4436 subdiaconus
1377 4391 1624 4452 patenum
1647 4397 1765 4435 cum
1786 4398 2000 4452 corpore
2024 4383 2126 4438 Dni
2138 4397 2162 4449 ;

573 4473 768 4548 quibus
795 4471 1089 4529 tenentibus
1117 4473 1303 4544 accipit
1333 4473 1470 4528 tinus
1497 4472 1762 4544 presbyter
1782 4484 2026 4544 patenum
2050 4515 2064 4540 ,
2109 4482 2160 4530 et

573 4568 713 4629 alter
731 4567 965 4633 calicem,
994 4575 1044 4622 et
1087 4565 1256 4637 defert
1283 4583 1441 4637 super
1471 4566 1640 4621 altare
1681 4566 1974 4634 nudatum;
2023 4566 2163 4623 Pon-
2186 4598 2241 4661 Β

573 4661 710 4732 sifex
734 4677 854 4718 vero
878 4662 1039 4726 sedet,
1071 4659 1198 4714 dum
1220 4659 1510 4731 persalutat
1531 4660 1756 4732 populus
1782 4678 2010 4727 crucem,
2036 4680 2160 4719 nam

575 4749 838 4806 salutante
871 4747 1129 4820 Pontiﬁce
1162 4749 1238 4804 vel
1262 4749 1454 4820 populo
1475 4767 1702 4815 crucem,
1731 4755 1942 4807 canitur
1959 4767 2162 4823 semper

575 4840 864 4910 antiphona
887 4855 906 4894 :
931 4839 1070 4895 Ecce
1093 4840 1299 4912 lignum
1339 4841 1540 4907 crucis,
1578 4841 1632 4896 in
1655 4857 1763 4913 quo
1797 4842 1946 4898 salus
1974 4843 2160 4900 mundi

572 4929 856 5003 pependit,
871 4931 1050 4986 venite
1068 4931 1376 4987 adoremus.
1398 4932 1620 4986 Dicatur
1633 4932 1868 5003 psalmus
1886 4931 1979 4988 CX
1994 4931 2100 4988 VII
2107 4933 2159 4989 1.

575 5036 684 5076 ana
715 5019 950 5076 salutata
979 5030 1024 5075 et
1069 5023 1294 5088 reposita
1322 5021 1378 5076 in
1415 5022 1528 5078 loco
1575 5041 1671 5078 suo
1696 5025 1965 5079 descendit
2008 5023 2156 5081 Port-

2286 627 2406 668 mus
2441 615 2622 670 dicere
2650 633 2664 672 :
2698 615 2857 670 Pater
2885 623 3067 671 uoster
3091 617 3180 686 qui
3207 632 3267 671 es
3296 618 3348 672 in
3377 618 3554 673 caelis.
3588 617 3862 689 Sequitur:

2280 703 2479 759 Libera
2525 721 2624 761 nos
2669 722 2980 776 quassumus
3011 706 3122 762 Dne
3161 709 3230 761 ah
3252 709 3507 764 omnibus
3535 709 3717 764 malis.
3740 710 3865 765 Cum

2279 795 2508 850 dixerint
2542 797 2738 852 Amen.
2769 795 2943 853 Sumit
2969 799 3034 852 de
3059 809 3267 865 sancta,
3291 809 3339 854 et
3374 800 3520 869 ponit
3554 801 3612 854 in
3652 803 3866 857 calicem

2283 886 2414 941 nihil
2447 888 2645 950 dicens,
2677 899 2728 943 et
2754 891 3142 944 communicant
3169 906 3345 945 omnes
3385 907 3505 945 cum
3534 892 3746 948 silentio
3769 933 3786 960 ,
3825 905 3868 947 et

2277 980 2483 1048 expleta
2522 990 2643 1035 sunt
2671 982 2946 1047 universa,
2988 990 3038 1034 et
3075 981 3203 1036 dicit
3248 980 3543 1053 Pontifex:
3569 983 3627 1039 ln
3659 985 3870 1042 nomine

2276 1069 2456 1126 Patris
2486 1081 2540 1126 et
2562 1071 2683 1127 Filii
2713 1083 2771 1127 et
2793 1071 3032 1143 Spiritus
3059 1073 3258 1140 sancti,
3284 1090 3388 1144 pax
3416 1075 3536 1130 tibi.
3568 1075 3625 1145 ἢ.
3655 1075 3723 1130 Ει
3751 1092 3865 1132 cum

2275 1161 2468 1230 spiritu
2501 1171 2608 1216 tuo.
2648 1161 2714 1216 Et
2745 1174 2860 1232 post
2887 1163 3163 1232 paululum
3191 1180 3404 1235 vespera
3429 1165 3562 1220 dicit
3592 1167 3868 1237 unusquiso

2273 1268 2374 1322 que
2401 1253 2663 1320 privatim,
2694 1263 2742 1307 et
2765 1253 2840 1306 sic
2864 1253 3060 1308 vadunt
3083 1254 3152 1307 ad
3177 1271 3431 1312 mensam.

2753 1345 3066 1402 SABBATO
3105 1347 3396 1406 SANCTO.

2350 1435 2526 1490 Media
2553 1447 2701 1491 nocte
2722 1439 3043 1509 surgendum
3059 1449 3168 1502 est;
3198 1441 3449 1494 dicuntur
3480 1459 3666 1497 novem
3685 1442 3866 1512 psalmi

2274 1544 2395 1580 cum
2424 1528 2790 1596 responsoriis,
2832 1539 2932 1582 tres
2963 1528 3208 1583 lectiones
3233 1529 3480 1600 leguntur
3521 1534 3589 1586 de
3618 1533 3866 1587 lamenta-

2273 1620 2412 1673 tione
2450 1619 2729 1674 Hieremiaz
2771 1621 2836 1674 ab
2881 1638 2941 1677 eo
2980 1621 3095 1676 loco
3147 1625 3234 1677 ubi
3266 1624 3444 1678 dicit:
3484 1625 3862 1682 Misericordia

2273 1710 2373 1766 Dui
2405 1712 2606 1776 multae,
2638 1729 2799 1784 usque
2839 1712 2892 1766 in
2935 1713 3114 1781 ﬁnem.
3141 1713 3342 1769 Deinde
3372 1715 3628 1786 leguntur
3647 1717 3867 1772 homslie

2275 1815 2579 1858 sanctorum
2621 1803 2865 1869 Patrum,
2897 1806 2964 1858 ad
2997 1808 3166 1876 ipsum
3195 1809 3333 1862 diem
3381 1812 3724 1879 pertinentes,
3747 1811 3867 1865 etin

2275 1896 2509 1951 candelis
2540 1897 2886 1950 accendendis
2921 1898 2995 1951 vel
3025 1899 3393 1969 extinguendis
3413 1940 3428 1965 ,
3471 1903 3612 1954 sicut
3639 1903 3868 1971 superias'

2273 1993 2511 2045 habetur.
2560 1989 2686 2044 Post
2711 1995 2894 2045 horam
2941 1994 3148 2046 tertiam
3177 1993 3395 2047 sabbato
3423 1997 3752 2063 procedunt,
3787 1997 3865 2065 qui

2276 2081 2578 2151 baptizandi
2604 2093 2746 2146 sunt,
2779 2084 2848 2135 ad
2872 2082 3167 2146 ecclesiam,
3193 2095 3240 2138 et
3265 2084 3591 2139 ordinantur
3619 2103 3712 2154 per
3736 2089 3864 2141 ordi-

2275 2191 2389 2228 nem
2423 2177 2555 2228 sicut
2599 2177 2779 2244 scripti
2823 2186 2978 2242 sunt,
3023 2178 3244 2230 masculi
3271 2178 3325 2232 in
3354 2178 3605 2232 dextram
3625 2219 3642 2244 ,
3671 2180 3864 2248 femina

2273 2269 2328 2321 in
2373 2270 2681 2333 sinistram,
2725 2268 2925 2338 faciens
2963 2287 3171 2326 crucem
3217 2271 3468 2326 sacerdos
3510 2273 3566 2326 in
3617 2272 3864 2341 frontibus

2273 2362 2624 2429 singulorum.
2662 2361 2854 2417 Postea
2885 2363 3112 2434 inposita
3143 2382 3304 2420 manu
3331 2382 3494 2436 super
3539 2368 3721 2436 capita
3760 2369 3864 2422 sin-

2273 2451 2516 2522 gulorum
2543 2454 2668 2506 dicit
2693 2470 2713 2506 :

2347 2546 2472 2614 Ipsa
2503 2547 2705 2615 expleta
2737 2551 2902 2620 tangit
2925 2548 3150 2620 singulis
3177 2566 3331 2605 nares
3353 2559 3403 2604 et
3426 2567 3590 2606 aures
3616 2551 3684 2606 de
3704 2561 3860 2622 sputo,

2270 2646 2317 2690 et
2345 2637 2469 2690 dicit
2498 2653 2516 2691 :
2546 2637 2770 2708 Epheta,
2810 2641 2953 2709 quod
2975 2649 3061 2694 est
3086 2641 3368 2710 adaperire
3391 2640 3444 2695 in
3474 2642 3705 2698 odorem
3744 2657 3860 2697 sna-

2270 2727 2478 2783 vitatis.
2514 2727 2593 2782 Tu
2641 2739 2824 2784 autem
2869 2729 3107 2800 eﬂ‘ugare
3137 2731 3349 2787 diabole
3369 2773 3386 2797 ,
3416 2733 3860 2805 adpropinquabit

2269 2821 2412 2875 enim
2446 2819 2711 2888 judicium
2743 2823 2859 2877 Dei.
2886 2822 3079 2877 Postea
3105 2825 3271 2895 tangit
3294 2825 3360 2880 de
3389 2825 3506 2880 oleo
3533 2838 3724 2881 sancto
3749 2845 3858 2882 sca-

2268 2911 2422 2979 pulas
2475 2921 2522 2964 et
2582 2924 2782 2982 pectus,
2839 2924 2887 2966 et
2947 2915 3073 2967 dicit
3120 2928 3140 2966 :
3202 2916 3578 2973 Abrenuutias
3625 2918 3858 2973 satana!

2266 2999 2322 3068 ἡ.
2352 3000 2688 3057 Abrenuntio
2729 3017 2746 3057 :
2777 3011 2833 3056 et
2859 3003 3110 3059 omnibus
3133 3019 3343 3076 pompis
3375 3009 3498 3077 ejus
3529 3023 3546 3063 :
3586 3007 3644 3076 Ii.
3671 3021 3729 3064 et
3753 3017 3856 3063 onr~

2268 3092 2430 3149 nibus
2453 3095 2709 3164 operibus
2737 3093 2896 3164 ejus?
2917 3096 2972 3164 ἢ.
2996 3097 3057 3151 Ε⁸
3083 3111 3182 3166 ego
3202 3105 3256 3152 te
3283 3097 3415 3155 liuio
3439 3097 3563 3154 oleo
3588 3100 3782 3156 salutis
3808 3101 3855 3155 in

2269 3183 2488 3240 Christo
2517 3185 2645 3241 Jesu
2692 3197 2881 3244 nostro
2917 3189 3244 3260 propitiatus
3274 3190 3328 3244 in
3359 3193 3535 3246 vitam
3585 3202 3853 3258 :eternam,

2267 3294 2373 3350 pax
2406 3279 2524 3334 tibi.
2556 3279 2675 3335 Hac
2703 3283 2931 3353 expleta,
2960 3283 3188 3339 ambulet
3213 3286 3269 3338 id
3311 3286 3600 3341 circuitum
3639 3288 3856 3360 inposita

2266 3386 2428 3426 manu
2470 3387 2628 3442 super
2654 3373 2831 3444 capita
2873 3390 3055 3429 eorum
3083 3374 3415 3430 decantando
3451 3378 3664 3434 excelsa
3691 3395 3807 3434 voce
3834 3391 3855 3431 :

2265 3459 2440 3518 Credo
2468 3463 2521 3517 in
2557 3463 2749 3531 Deum,
2782 3466 2928 3520 vertit
2971 3483 3028 3522 se
3063 3467 3133 3521 ad
3163 3467 3410 3538 feminas,
3456 3479 3507 3524 et
3549 3469 3682 3540 facit
3719 3471 3854 3526 sitni-

2265 3554 2402 3610 liter.
2428 3554 2620 3612 Postea
2635 3557 2833 3614 dicitur
2851 3559 2927 3615 eis
2956 3559 3022 3615 ab
3045 3560 3458 3617 archidiacono:
3488 3562 3657 3619 Orate
3682 3564 3848 3631 electi.

2264 3645 2468 3703 ﬂectite
2502 3663 2699 3720 genua,
2721 3659 2770 3705 et
2804 3661 2919 3719 post
2952 3650 3230 3720 paululum
3257 3652 3429 3707 dicit:
3459 3652 3688 3721 Levate,
3718 3670 3849 3712 com-

2265 3741 2410 3812 plete
2438 3744 2740 3798 arationem
2770 3753 3006 3799 vestram
3053 3744 3106 3800 in
3149 3760 3340 3811 unum,
3372 3755 3432 3802 et
3460 3747 3632 3805 dicite
3657 3764 3842 3814 amen;

2265 3842 2313 3886 et
2370 3834 2681 3903 respondent
2723 3851 2902 3893 omnes
2949 3851 3131 3891 amen.
3164 3835 3368 3892 lterum
3411 3839 3844 3896 admonentur»

2265 3923 2638 3978 archidiacono
2687 3925 2769 3978 his
2820 3926 2986 3981 verbis
3026 3940 3045 3978 :
3087 3927 3413 3984 Caticumini
3478 3933 3777 3996 recedant;
3806 3931 3846 3986 si

2264 4018 2388 4088 quis
2437 4019 2801 4075 caticuminus
2829 4029 2948 4087 est,
2995 4021 3252 4090 recedat;
3300 4037 3496 4080 omnes
3546 4024 3844 4081 calicumini

2265 4119 2467 4165 exeant
2523 4110 2689 4166 foras.
2740 4111 2941 4167 lterum
2992 4113 3118 4168 dicit
3161 4113 3417 4170 diaconus
3449 4131 3470 4171 :
3517 4115 3642 4172 Filii
3689 4116 3844 4173 bris-

2265 4201 2387 4256 simi
2444 4203 2778 4258 revertimini
2830 4204 2883 4258 in
2926 4203 3060 4262 locis
3113 4206 3310 4262 vestris
3363 4217 3722 4278 expectantes
3765 4209 3843 4264 ho-

2266 4306 2405 4358 ram,
2429 4308 2532 4362 qua
2564 4295 2735 4366 possit
2760 4295 2906 4351 circa
2937 4311 3033 4352 vos
3066 4295 3161 4353 Dei
3210 4299 3385 4371 gratia
3433 4300 3693 4371 baptismi
3733 4317 3842 4372 ope-

2265 4387 2397 4440 rari.
2432 4384 2583 4442 Hora
2629 4403 2769 4442 nona
2819 4390 3188 4460 ingrediuntur
3236 4392 3292 4446 in
3338 4395 3642 4448 sacrarium
3680 4411 3838 4450 sacer-

2264 4478 2410 4532 dotes
2435 4489 2483 4532 et
2511 4477 2700 4544 levitw,
2727 4487 2775 4533 et
2804 4479 3030 4534 induunt
3058 4497 3114 4535 se
3140 4482 3481 4549 vestimentis,
3520 4501 3643 4538 cum
3673 4487 3838 4556 quibus

2266 4570 2473 4642 vigilias
2502 4569 2764 4626 celebrare
2790 4571 3007 4638 debent,
3042 4582 3090 4628 et
3131 4590 3349 4629 accenso
3394 4593 3546 4632 cerea
3571 4578 3837 4648 procedant

2267 4682 2444 4720 omnes
2467 4664 2626 4719 simul
2663 4665 2728 4720 de
2751 4667 2988 4721 sacrario
3029 4683 3148 4722 cum
3176 4669 3290 4739 ipso
3321 4685 3472 4724 cerea
3507 4671 3564 4726 in
3585 4669 3837 4726 ecclesias

2266 4773 2388 4811 cum
2415 4754 2644 4822 silentio,
2680 4755 2813 4810 nihil
2839 4768 3102 4822 canentes,
3134 4769 3182 4813 et
3221 4761 3441 4829 ponitur
3461 4762 3520 4816 in
3543 4761 3833 4817 candelam

2265 4856 2389 4901 ante
2415 4845 2604 4913 altare,
2648 4856 2697 4901 et
2742 4863 2880 4902 unus
2907 4849 3165 4903 diaconus
3193 4859 3343 4920 rogat
3387 4868 3556 4907 unum
3589 4853 3657 4907 de
3684 4864 3833 4907 sacer-

2267 4938 2474 4993 dotibus
2501 4937 2581 4993 vel
2601 4937 2771 4994 levitis
2793 4978 2810 5006 ,
2837 4939 2927 5010 qui
2953 4940 3144 4996 ibidem
3181 4943 3409 4996 revestiti
3436 4945 3675 5009 adstant,
3694 4956 3834 5014 pust

2267 5046 2452 5090 orare:
2478 5040 2526 5085 et
2547 5039 2602 5084 ut
2623 5030 2874 5099 surrexit,
2897 5032 3024 5086 dicit
3048 5033 3156 5103 ipse
3176 5035 3433 5090 diaconus
3449 5055 3469 5093 :
3485 5035 3743 5092 Dominus
3757 5049 3831 5089 vo-
