3962 6326
133 353 281 417 sors
580 350 583 351 ί
904 364 909 367 ι
1437 357 1801 422 BENEDlCT.
1838 365 2092 423 vitam.
2700 350 2713 356 "
3264 350 3412 432 tois

128 474 342 534 candus
381 490 504 534 vero
526 473 685 533 scola
710 482 846 534 tenet
872 492 963 545 vas
996 493 1217 535 aureum
1243 478 1301 535 in
1328 495 1493 535 manu
1516 497 1615 536 sua
1643 498 1722 537 st-
1748 489 1801 551 Α
1826 482 2137 555 dampnate,
2167 482 2258 555 qui
2285 496 2431 540 caeco
2470 490 2600 540 nato
2638 481 2826 542 oculos
2853 482 3090 558 aperuit,
3118 489 3175 543 et
3196 487 3413 558 quatri-

129 571 305 631 nistra
331 586 493 640 super
531 569 824 641 planetam,
873 570 1013 626 unde
1053 573 1291 643 pontifex
1332 574 1539 628 mittere
1578 575 1726 630 debet
1828 574 2066 629 duanum
2117 574 2381 631 Lazarum
2424 578 2491 632 de
2531 585 2883 633 monumento
2914 576 3218 635 suscitavit.
3266 578 3412 652 Ergo

126 658 378 729 chrysma
407 661 464 713 in
502 659 721 729 fontem,
746 670 795 714 et
808 660 947 730 jussi
983 661 1189 731 faciunt
1211 661 1462 718 letaniam
1506 666 1723 721 trinam.
1827 670 2133 727 maledicte.
2163 667 2233 726 Ut
2254 689 2436 742 supra.
3162 740 3167 743 _

123 747 336 806 Deinde
356 749 593 820 pontifex
612 749 846 818 procedit
871 767 989 805 cum
1016 756 1157 806 omni
1178 750 1383 815 decore.
1400 764 1725 809 sustentatus
1895 764 2179 821 ίΕιει-ηειη
2202 781 2266 822 ac
2281 765 2638 838 iustissimam
2668 766 2926 837 pietatem
2955 773 3104 822 luam
3152 772 3261 824 διο,

123 856 158 894 a
189 839 398 895 duobus
424 840 758 909 diaconibus,
779 850 829 897 et
873 841 968 897 illa
988 842 1095 897 duo
1116 854 1428 909 cereostata,
1456 862 1573 918 quae
1603 856 1725 902 ante
2315 856 2567 931 Sequitur
2587 859 2931 913 exorcismus.

122 930 344 1002 Ῑαεταηε
387 931 708 988 inlumina”
735 973 753 997 ο
799 950 1001 1004 θεωρεῖ
1050 945 1175 991 an“
1213 935 1387 1006 ἕρεαπι
1433 937 1722 1007 "Medum
1893 947 2158 1005 Exorcizo
2189 957 2242 1005 te
2286 930 2534 1005 creatura
2563 966 2718 1021 aqua:
2764 950 2817 1005 in
2854 950 3073 1005 nomine
3112 950 3205 1006 Dei
3230 948 3411 1008 Patris

121 1021 424 1115 meum
445 1023 627 1115 ρηιηίιξ
641 1023 911 1092 ﬁnierim;
932 1024 1131 1081 ιειαηία
1150 1027 1326 1097 ﬁnita.
1348 1027 1490 1098 Ῑαειο
1513 1030 1722 1086 mentio
1822 1041 2230 1112 omnipotentis,
2259 1051 2314 1096 et
2342 1042 2395 1095 in
2427 1042 2645 1097 nomine
2669 1040 2797 1097 .lesu
2822 1042 3024 1098 Christi
3045 1041 3164 1098 Filii
3194 1042 3330 1115 ejus,
3354 1050 3413 1099 et

120 1113 256 1170 ἀίείτ
290 1114 569 1186 “Mil”:
607 1113 757 1171 Dm"
800 1117 1104 1174 VObiscum-
1155 1118 1191 1188 li
1242 1118 1311 1175 Εῑ
1354 1134 1479 1178 οιιηι
1525 1122 1721 1194 ερίτῑιιι
1824 1131 2062 1205 Spiritus
2090 1133 2290 1190 sancti.
2338 1131 2526 1190 Omnis
2550 1135 2723 1190 virtus
2767 1134 3098 1203 adversarii,
3136 1144 3192 1191 et
3225 1113 3410 1192 omnis

120 1213 243 1279 tuo.
278 1206 461 1264 Dicit:
484 1206 758 1277 Oremus;
793 1220 843 1266 et
870 1211 962 1266 dat
991 1213 1310 1269 orationem.

285 1352 299 1360 .
651 1316 977 1361 BENIDICTIO
1006 1319 1216 1362 FORTIS.

196 1386 553 1462 Omnipotens
573 1392 908 1464 sempiterne
935 1393 1101 1460 Deus,
1136 1395 1327 1453 adesto
1350 1402 1461 1453 etc.

615 1499 983 1542 CONSECRATIO
1018 1502 1228 1545 FORTIS.

196 1571 352 1631 Dnus
375 1573 679 1632 vobiscum.
722 1575 777 1640 ἡ.
824 1576 892 1631 Et
929 1591 1053 1633 cum
1098 1579 1294 1650 spiritu
1336 1586 1451 1636 tuo.
1484 1578 1717 1640 Sursum

115 1665 316 1723 corda.
362 1666 418 1734 ἢ.
462 1665 755 1723 Habemus!
786 1667 868 1723 ad‘
893 1666 1053 1724 Dnm.
1088 1668 1309 1726 Gratias
1335 1686 1563 1744 agamus
1594 1671 1713 1729 Dno

120 1755 246 1813 Deo
272 1764 481 1812 nostro.
537 1756 593 1827 ti.
626 1758 859 1830 Dignum
881 1766 936 1813 et
960 1757 1166 1828 justum
1193 1770 1296 1817 est.

1823 1224 2063 1281 incursio
2110 1224 2333 1292 diaboli,
2377 1240 2540 1281 omne
2582 1226 2927 1296 phantasma,
2974 1225 3153 1281 omnis
3199 1224 3409 1283 inimici

1818 1327 2063 1391 potestas
2083 1319 2364 1375 eradicare
2388 1327 2442 1374 et
2469 1317 2639 1388 eliuga
2650 1335 2706 1374 re
2730 1321 2797 1374 ab
2824 1320 2929 1374 hac
2953 1327 3203 1375 creatura
3229 1333 3406 1391 aquae.

1822 1408 1977 1466 Unde
2014 1410 2268 1466 exorcizo
2295 1419 2345 1465 te
2387 1419 2637 1465 creatura
2667 1426 2818 1481 aquae
2845 1424 2944 1480 per
2988 1410 3158 1466 Deum
3187 1425 3401 1476 verum,

1819 1514 1917 1571 per
1951 1500 2118 1556 Deum
2146 1501 2352 1567 vivum,
2378 1518 2477 1573 per
2508 1504 2675 1557 Deum
2700 1512 2967 1567 sanctum,
2994 1515 3092 1574 per
3122 1501 3259 1558 Dnm
3282 1518 3406 1559 nrm

1818 1589 2000 1648 Jesum
2050 1593 2362 1659 Christum,
2412 1602 2471 1648 ut
2510 1592 2762 1649 eiliciaris
2800 1610 2941 1665 aqua
2979 1601 3211 1660 sancta,
3260 1608 3406 1665 aqua

1819 1685 2125 1751 benedicta,
2162 1695 2223 1741 ut
2263 1686 2570 1757 ubicunque
2619 1685 2786 1741 ell’nsa
2830 1685 3020 1755 fueris,
3048 1684 3133 1740 vel
3161 1699 3407 1757 aspersa,

1821 1779 1935 1836 sive
1959 1779 2013 1834 in
2042 1779 2226 1846 domo,
2254 1780 2369 1835 sive
2401 1780 2453 1834 in
2481 1796 2632 1852 agro,
2664 1779 2891 1851 effugias
2921 1795 3139 1835 omnem
3175 1780 3411 1850 phanta-

196 1848 312 1905 Ἦ).
340 1856 397 1904 et
419 1846 627 1918 justum
671 1859 776 1916 est,
811 1866 1027 1923 acquum
1062 1862 1118 1909 et
1146 1854 1413 1923 salutare;
1451 1855 1592 1915 Deus
1620 1874 1692 1930 qu

1819 1872 1976 1935 siam,
2004 1889 2220 1927 omnem
2259 1872 2464 1928 inimici
2508 1881 2864 1945 potestatem;
2914 1871 3151 1944 Spiritus
3188 1880 3412 1928 sanctus

112 1940 380 1999 invisibili
410 1942 652 2013 potentia
674 1951 784 2000 etc.

194 2034 349 2093 Unde
370 2035 674 2108 bene-Nico
687 2046 741 2093 te
758 2044 1010 2094 creatura
1030 2054 1185 2112 aqua:
1205 2056 1303 2112 per
1321 2041 1490 2100 Deum
1507 2045 1710 2115 vivum,

112 2142 224 2201 per
254 2127 420 2184 Deum
453 2143 641 2185 verum
669 2136 779 2185 etc.

197 2219 420 2292 Signate
443 2220 565 2279 illos
588 2238 604 2287 ;
646 2221 889 2279 accedite
913 2225 982 2279 ad
1010 2225 1465 2285 benedictionem.
1493 2229 1713 2301 Signent

110 2328 263 2385 spsos
283 2311 513 2383 infantes
540 2314 596 2368 in
641 2313 904 2384 frontibus
930 2332 1111 2371 eorum
1151 2321 1347 2388 patrini
1384 2321 1464 2375 vel
1487 2323 1713 2387 patrima

112 2407 186 2465 de
203 2407 479 2481 pollicibus
505 2410 616 2466 suis
644 2410 874 2465 dicentes
897 2424 917 2462 :
950 2410 1006 2465 ln
1039 2413 1256 2468 nomine
1298 2412 1479 2470 Patris
1508 2426 1558 2469 et
1586 2415 1712 2471 Filii

112 2511 177 2560 et
201 2500 438 2573 Spiritus
456 2502 653 2559 sancti.
684 2501 831 2559 Tunc
852 2505 988 2559 venit
1014 2504 1264 2560 accolitus
1290 2508 1479 2561 iterum
1509 2506 1711 2577 faciens

111 2610 326 2650 crucem
344 2591 412 2650 tu
441 2595 703 2665 frontibus
735 2596 1066 2666 singulorum
1098 2597 1318 2651 dicendo
1342 2614 1361 2651 :
1395 2597 1451 2652 ln
1493 2599 1712 2652 nomine

111 2684 302 2742 Patris
338 2694 395 2741 et
417 2684 536 2742 Filii
558 2694 614 2744 et
635 2685 874 2758 Spiritus
903 2689 1112 2753 sanctif,
1149 2699 1197 2743 et
1252 2691 1450 2760 inponit
1496 2707 1711 2745 manum

111 2792 279 2847 super
305 2793 414 2840 eos,
439 2777 575 2833 dans
596 2778 887 2832 orationem
912 2776 1117 2833 excelsa
1149 2781 1368 2853 roceltis
1408 2781 1571 2834 verbis
1596 2797 1614 2833 :

186 2868 333 2926 Deus
354 2870 654 2936 Abraham,
684 2870 825 2925 Deus
851 2870 1022 2936 lsaac,
1053 2871 1194 2927 Deus
1218 2870 1385 2927 Jacolt
1412 2882 1520 2927 etc.

188 2964 335 3038 Ergo
389 2964 675 3021 maledicte
726 2963 938 3020 diabolo
998 2980 1327 3035 recognosce
1382 2967 1706 3023 sententiam

114 3066 265 3115 tuam
297 3066 405 3114 etc.

184 3148 257 3205 Et
278 3149 556 3204 adnuntiat
579 3149 835 3206 diaconus
859 3150 1036 3205 dicens
1064 3166 1084 3206 :
1115 3148 1281 3206 Orate
1296 3150 1475 3216 electi,
1507 3149 1706 3208 ﬂectite

114 3256 314 3314 genua,
348 3251 397 3297 et
440 3241 641 3314 reliqua
684 3244 868 3313 prius;
906 3251 955 3296 et
986 3243 1198 3314 signant
1228 3243 1429 3313 patrini
1464 3243 1540 3296 uel
1584 3261 1700 3297 ma-
1728 3244 1776 3309 ο
1808 3250 1911 3303 mei
1968 3251 2109 3303 Deus
2162 3249 2458 3305 secundum
2516 3268 2529 3303 :

112 3336 268 3391 trime
295 3344 354 3389 ut
378 3336 549 3405 prius,
570 3345 618 3390 et
655 3336 891 3406 sequitur
913 3335 1052 3391 alius
1073 3334 1349 3400 accolitus,
1375 3352 1532 3406 super
1561 3353 1704 3390 mas—

113 3426 259 3483 culos
284 3428 413 3498 facit
437 3444 644 3483 crucem
686 3429 821 3483 sicut
848 3427 995 3498 prius
1027 3426 1149 3497 fecit
1174 3442 1195 3493 ;
1223 3436 1270 3481 et
1301 3427 1555 3497 inponens
1588 3443 1721 3481 ma-.

110 3535 239 3576 usus
264 3535 417 3575 suam
441 3536 600 3588 super
621 3536 709 3576 eos
734 3520 858 3574 dicit
883 3535 904 3575 :

177 3613 318 3669 Audi
339 3612 625 3669 maledicte
638 3622 861 3669 satanas
883 3612 1164 3683 adjuratur
1175 3627 1273 3683 per
1294 3626 1489 3668 nomen
1510 3613 1701 3670 aeterni

108 3701 206 3761 Dei
240 3714 299 3760 et
318 3701 602 3758 salvatoris
629 3702 803 3759 nostri
842 3702 936 3758 lilii
964 3702 1055 3758 Dei
1085 3719 1205 3758 cum
1239 3714 1329 3758 tua
1353 3704 1528 3759 victus
1557 3704 1698 3759 invi-

104 3796 196 3855 dia
227 3804 466 3852 tremens
494 3810 826 3867 gemensque
853 3795 1111 3861 discede;
1143 3795 1279 3850 nihil
1313 3797 1408 3851 tibi
1439 3798 1512 3853 sit
1545 3812 1698 3853 com-

99 3903 274 3945 mune
300 3902 423 3943 cum
449 3889 627 3945 servis
655 3888 749 3944 Dei
783 3887 897 3959 jam
927 3886 1170 3943 ctrlestia
1205 3889 1575 3959 cogitantibus
1606 3903 1698 3944 re-

97 3981 514 4040 nuntiatorihus
542 3981 638 4037 tibi
684 3998 713 4036 a
743 3980 962 4047 saeculo,
993 3992 1049 4038 et
1090 3983 1262 4038 beatae
1293 3982 1702 4039 inmortalitatis

96 4073 358 4132 victuris.
405 4074 482 4131 Da
533 4074 700 4146 igitur
765 4075 1029 4131 honorem
1096 4075 1404 4132 advenienti
1470 4074 1699 4146 Spiritui

95 4175 317 4233 sancto,
346 4168 437 4238 qui
469 4182 538 4224 ex
560 4183 772 4224 summa
799 4168 924 4225 cmli
949 4183 1080 4225 arce
1102 4169 1441 4225 descendens
1465 4184 1563 4239 pro
1588 4178 1702 4224 tur-

92 4261 248 4318 batis
291 4260 571 4317 fraudibus
616 4262 722 4317 tuis
763 4262 950 4317 divino
978 4259 1124 4317 fonte
1164 4272 1392 4331 purgata
1437 4270 1655 4332 pectora
1682 4301 1699 4327 ,

99 4352 254 4409 idem
280 4351 673 4408 sanctiﬁcando
698 4353 957 4423 templum
986 4362 1044 4408 et
1082 4352 1326 4408 habitum
1350 4353 1616 4424 perliciat,
1645 4359 1702 4406 et

94 4444 176 4501 sb
220 4445 477 4501 omnibus
530 4445 747 4517 penitus
775 4445 934 4501 noxis
964 4445 1366 4515 praeteritorum
1408 4444 1699 4499 criminum

91 4533 321 4592 liberati
346 4535 491 4591 servi
520 4534 615 4590 Dei
642 4535 848 4606 gratias
882 4536 1109 4605 perenni
1136 4536 1250 4590 Deo
1275 4532 1520 4589 referant
1548 4549 1696 4589 sem-

1816 1962 2025 2017 ltaltitet
2059 1962 2111 2016 in
2159 1962 2319 2017 domo
2358 1963 2483 2030 hac,
2531 1980 2647 2034 per.
2680 1961 2749 2017 Et
2802 1965 3052 2017 miscetur
3078 1961 3159 2017 sal
3197 1971 3247 2017 et
3276 1961 3412 2016 cinis

1816 2053 2014 2123 faciens
2039 2064 2116 2106 ter
2137 2054 2259 2108 inde
2288 2071 2494 2108 crucem
2516 2070 2673 2124 super
2694 2055 2806 2123 ipsa
2831 2070 2992 2125 aqua.
3029 2051 3163 2107 Dein
3188 2050 3412 2120 deponis

1815 2147 1993 2202 vinum
2026 2147 2247 2200 mixtum
2268 2163 2386 2199 cum
2410 2147 2526 2216 ipsa
2548 2162 2685 2218 aqua
2730 2145 3022 2210 benedicta,
3045 2154 3094 2198 et
3117 2144 3245 2197 dicit
3268 2143 3409 2198 Itane

1815 2240 2145 2292 orationem:
2194 2237 2421 2292 Crcalor
2450 2248 2505 2293 et
2534 2246 2886 2292 conservator
2928 2235 3149 2291 humani
3172 2233 3407 2304 generis,

1814 2328 1972 2383 tlator
2003 2329 2192 2398 gratia!
2240 2328 2502 2399 spiritalis
2527 2370 2541 2393 ,
2579 2327 2805 2397 largitor
2829 2335 3046 2380 aeterna:
3086 2324 3313 2388 salutis;
3343 2330 3405 2378 tu

1818 2420 1929 2474 Due
1962 2420 2115 2474 mitte
2148 2421 2411 2491 Spiritum
2457 2429 2610 2475 luunt
2662 2434 2826 2489 super
2870 2419 3053 2474 vinum
3091 2432 3213 2473 cum
3260 2431 3406 2488 aqua

1816 2512 2069 2576 mixtum,
2104 2521 2161 2565 ut
2208 2520 2415 2566 armata
2466 2512 2666 2565 virtute
2707 2509 2949 2565 caelestis
2977 2507 3309 2564 defensionis
3336 2508 3408 2566 ad

1814 2605 2281 2659 consecrationem
2312 2603 2471 2672 hujus
2498 2603 2743 2659 ecclesiae
2766 2602 2851 2659 vel
2879 2601 3070 2657 altaris
3097 2600 3408 2681 proficiant.

1812 2693 1917 2750 Per
1953 2695 2109 2749 Dum.

1884 2789 2083 2843 Deinde
2113 2788 2310 2857 faciens
2334 2806 2539 2845 crucem
2569 2806 2686 2844 cum
2713 2788 2875 2860 digito
2912 2803 3008 2843 suo
3031 2787 3096 2841 de
3116 2786 3231 2857 ipsa
3260 2799 3403 2856 aqua

1810 2881 1864 2935 in
1894 2882 2077 2936 dextra
2096 2894 2245 2952 parte
2267 2898 2358 2951 per
2380 2894 2609 2953 quatuor
2628 2899 2824 2936 cornua
2847 2880 3056 2945 altaris,
3080 2880 3202 2935 inde
3225 2879 3395 2934 latera

1810 2990 1928 3027 cum
1960 2974 2155 3043 Itysopo
2195 2974 2455 3045 adspergit
2496 2984 2687 3044 septem
2728 2975 2857 3028 vices
2886 2975 3121 3027 canendo
3149 2969 3400 3041 antipha-

1811 3079 1934 3118 nam
1958 3082 1975 3117 :
2007 3066 2313 3137 Atlsperges
2347 3080 2433 3119 me
2464 3064 2577 3119 Dne
2607 3066 2811 3136 hys0po
2858 3074 2915 3119 et
2959 3061 3280 3126 mundabor,
3317 3060 3403 3115 la-

1810 3157 1962 3212 vahis
1998 3172 2105 3221 tne,
2159 3166 2211 3211 et
2240 3172 2404 3228 super
2451 3157 2628 3212 nivem
2667 3155 2977 3211 dealhahor.
3013 3151 3108 3208 Ps.
3146 3150 3407 3209 Miserere

2587 3248 2781 3303 vadens
2829 3247 2885 3301 in
2913 3244 3140 3300 circuitu
3192 3242 3404 3309 altaris,

1804 3341 2097 3411 spargendo
2114 3340 2301 3395 deinde
2319 3342 2371 3395 in
2393 3342 2578 3395 dextra
2598 3340 2823 3409 parietes
2848 3337 3082 3392 ecclesits
3109 3326 3404 3407 usquedum

1805 3435 2012 3487 veniens
2064 3442 2186 3486 ante
2232 3432 2400 3486 altare
2443 3447 2693 3503 spargens
2733 3431 2924 3485 iterum
2953 3428 3178 3497 desuper
3201 3426 3260 3480 in
3289 3425 3400 3481 cir-

1808 3526 1949 3579 cuitu
1975 3524 2163 3579 altaris
2193 3523 2269 3579 vel
2297 3524 2527 3578 ecclesia:
2564 3521 2799 3577 canendo
2829 3531 2943 3576 ant.
2972 3519 3215 3589 Exurgat
3254 3518 3401 3576 Deus

1804 3626 1860 3673 et
1884 3617 2213 3686 dissipentur
2236 3615 2442 3671 inimici
2466 3616 2604 3687 ejus.
2637 3612 2733 3669 Ps.
2762 3613 2966 3685 Ipsum,
2998 3610 3292 3683 usquedum
3312 3624 3403 3665 ee-

1804 3709 1951 3764 nicns
1972 3710 2159 3763 iterum
2183 3718 2304 3762 ante
2326 3706 2493 3761 altare
2514 3722 2763 3776 spargens
2782 3704 3006 3774 desuper
3028 3702 3155 3757 etin
3174 3699 3401 3755 circuitu

1802 3801 2034 3855 ecclesia:
2064 3800 2300 3854 canendo
2339 3808 2449 3854 ant.
2490 3798 2594 3865 Qui
2618 3796 2824 3852 habitat
2851 3796 2903 3850 itt
2951 3792 3221 3863 adiutorio
3244 3790 3400 3849 sitis-

1803 3892 1951 3959 simi,
1982 3892 2034 3947 in
2059 3890 2393 3962 protectione
2428 3888 2524 3944 Dei
2562 3888 2684 3943 cmli
2718 3885 3159 3943 commorabitur.
3189 3881 3284 3938 Ps.
3311 3881 3395 3953 ipe

1803 4000 1943 4049 sum,
1996 3992 2045 4037 et
2090 3982 2245 4036 mittit
2273 3997 2338 4035 ex
2375 3981 2629 4035 ministris
2652 3989 2746 4035 aut
2780 3978 2984 4033 clericis
3010 3978 3143 4031 duos
3164 3972 3244 4029 uel
3263 3982 3394 4039 tres,

1803 4076 1892 4148 qui
1944 4075 2266 4131 extrinsecus
2309 4073 2540 4129 ecclesia:
2587 4073 2786 4144 pariter
2827 4088 2935 4126 una
2974 4071 3082 4125 vice
3114 4065 3396 4143 psallentes

1802 4175 2075 4239 spargant.

1877 4259 2078 4316 Iterum
2102 4261 2212 4332 ipse
2237 4257 2475 4331 pontifex
2508 4258 2648 4313 radit
2680 4257 2744 4311 de
2765 4257 2878 4327 ipso
2934 4253 3106 4310 altare
3143 4265 3397 4323 spargere.

1804 4352 1930 4405 dum
1959 4368 2053 4422 per
2075 4352 2303 4405 medium
2338 4349 2570 4405 ecclesia?
2596 4350 2650 4403 in
2674 4348 2888 4419 longum
2922 4355 2968 4402 et
2994 4346 3050 4400 in
3079 4344 3187 4399 lato
3208 4340 3399 4399 simili-

1803 4452 1882 4497 ter
1917 4459 2122 4497 crucem
2151 4442 2415 4513 faciendo,
2438 4443 2542 4497 sive
2566 4458 2660 4511 per
2696 4456 2847 4494 omne
2866 4438 3216 4510 pavimentum
3245 4448 3398 4506 spar-

1802 4535 1996 4608 gendo,
2034 4552 2153 4590 cum
2179 4535 2382 4598 antiph.
2432 4533 2634 4588 Domus
2657 4547 2774 4587 mea
2801 4532 2992 4585 domus
3016 4527 3278 4583 orationis
3301 4540 3399 4579 vo-

89 4644 238 4704 per,
278 4638 336 4685 et
360 4628 688 4686 benedicant.
732 4642 929 4684 nomen
968 4627 1089 4698 ejus
1130 4636 1377 4683 sanctum
1409 4627 1463 4682 in
1496 4626 1694 4683 sarcula
1723 4607 1775 4669 D
1801 4628 2031 4681 caliilur.
2062 4626 2117 4695 ᾗ.
2163 4625 2407 4680 Narrabo
2453 4639 2651 4679 nomen
2686 4631 2835 4676 tuum
2860 4619 3120 4676 fratribus
3150 4617 3308 4685 meis,
3336 4617 3397 4674 in

88 4719 445 4780 seculorum.
471 4719 595 4778 Per.

171 4813 320 4871 Deus
338 4811 639 4879 Abraham,
668 4811 813 4868 Deus
844 4810 1018 4879 isaac,
1046 4812 1190 4868 Deus
1209 4809 1378 4868 Jacob
1405 4817 1510 4868 etc.

169 4904 319 4978 Ergo
346 4904 635 4961 maledicte
662 4905 899 4970 diabole,
925 4914 984 4959 ut
1024 4922 1208 4977 supra.
1241 4903 1378 4960 Item
1406 4904 1534 4958 dicit
1570 4902 1692 4958 dia-

87 5014 267 5057 conus
287 5012 309 5052 :
339 4996 508 5055 Orate
539 4996 719 5064 electi,
767 5007 817 5053 et
851 4997 1052 5069 reliqua
1078 5008 1133 5051 ut
1174 5012 1372 5068 supra;
1399 5005 1449 5052 et
1477 4996 1690 5067 signant

86 5090 299 5165 patrini
326 5089 405 5147 uel
433 5090 676 5146 matrimi:
700 5098 756 5144 ut
785 5089 951 5161 prius.
980 5087 1182 5145 Deinde
1215 5089 1399 5143 tertius
1430 5086 1686 5142 accolitus

87 5181 232 5257 facit
276 5197 483 5238 crucem
525 5183 583 5238 in
630 5180 891 5252 frontibus
947 5196 1231 5253 puerorum
1280 5181 1414 5235 sicut
1450 5180 1689 5234 anterior

87 5274 250 5348 fecit,
271 5282 319 5329 et
354 5273 559 5345 inponit
584 5289 799 5328 manum
826 5288 986 5343 super
1005 5274 1180 5344 capita
1208 5287 1389 5326 eorum
1414 5268 1635 5324 dicendo
1663 5281 1685 5323 :

165 5363 438 5422 Exorcizo
462 5373 518 5422 te
546 5364 804 5421 inmunde
829 5362 1051 5435 spiritus
1078 5369 1186 5419 etc.

166 5455 309 5513 Item
350 5472 508 5518 super
534 5456 759 5529 feminas
793 5456 994 5527 faciens
1022 5470 1230 5510 crucem
1272 5462 1330 5509 ut
1359 5453 1620 5526 superius,
1639 5458 1692 5509 et

87 5547 309 5618 inponit
336 5563 551 5602 manum
579 5562 739 5618 super
760 5546 936 5619 capita
963 5562 1145 5601 earum
1171 5544 1393 5601 dicendo
1420 5558 1442 5597 :

172 5639 440 5697 Exorcizo
461 5649 513 5696 te
535 5640 792 5696 inmunde
812 5639 1037 5711 spiritus
1060 5654 1158 5711 per
1178 5639 1391 5695 Patrem
1411 5645 1467 5693 et
1491 5636 1690 5693 Filium

92 5739 155 5789 et
199 5730 466 5803 Spiritum
515 5742 783 5795 sanctum,
823 5738 884 5785 ut
916 5746 1081 5787 exeas
1125 5740 1179 5786 et
1226 5730 1449 5787 recedas
1488 5731 1556 5784 ab
1604 5728 1691 5785 his

94 5822 418 5884 famulabus
453 5823 584 5890 Dei;
638 5823 755 5896 ipse
799 5822 944 5878 enim
994 5822 1088 5881 tibi
1140 5822 1368 5895 imperat
1407 5819 1691 5878 maledicte

1803 4718 1983 4773 medio
2009 4717 2253 4774 ecclesia:
2297 4717 2528 4772 laudabo
2575 4724 2648 4770 te.
2679 4726 2726 4770 et
2766 4712 2974 4771 Gloria.
3006 4709 3078 4766 Et
3104 4710 3311 4767 ueniens
3337 4709 3398 4766 in

1800 4810 1970 4865 medio
1994 4810 2224 4866 ecclesia.-
2256 4810 2425 4865 dicit:
2463 4807 2713 4873 Oremus,
2740 4815 2789 4862 et
2807 4806 3084 4872 diaconus,
3109 4801 3397 4891 ﬂectamus

1799 4924 1993 4982 genua.
2020 4908 2242 4975 Levate,
2272 4918 2320 4962 et
2350 4907 2476 4962 dicit
2505 4905 2795 4960 orationem
2818 4903 2973 4959 istam
3003 4919 3024 4959 :

1871 5002 2037 5069 Deus,
2112 5002 2204 5073 qui
2261 4999 2380 5057 loca
2426 4997 2630 5054 nomini
2677 5008 2769 5053 tuo
2808 4997 2989 5054 dicata
3057 4992 3392 5059 sanctificas,

1791 5094 2009 5153 eﬂ‘unde
2036 5109 2202 5165 super
2239 5092 2381 5149 hanc
2409 5090 2674 5147 orationis
2709 5090 2929 5147 domum
2951 5089 3388 5164 gratiamtuam,

1788 5196 1850 5244 ut
1874 5184 2126 5242 omnibus
2157 5183 2245 5239 hic
2270 5182 2646 5238 invocantibus
2668 5190 2721 5238 te
2748 5180 3006 5237 auxilium
3030 5188 3135 5235 tute
3172 5178 3394 5235 miseri-

1788 5280 1989 5339 cordia:
2040 5278 2329 5343 sentiatur,
2382 5292 2500 5348 per.
2535 5275 2736 5332 lterum
2774 5275 2946 5330 dicit:
2999 5271 3277 5331 Oremus:
3333 5281 3389 5328 et

1790 5373 2047 5429 diaconus
2094 5369 2267 5425 dicit:
2310 5365 2592 5425 flectamus
2639 5363 3078 5439 genua.Levate.
3130 5361 3387 5437 Sequitur

1791 5463 1960 5517 oratio
1984 5476 2005 5517 :

1859 5551 2001 5607 Deus
2068 5548 2555 5606 sanctificationum
2609 5546 2952 5617 omnipotens
3025 5543 3385 5611 dominator,

1786 5641 1941 5712 cujus
1983 5642 2158 5713 pietas
2197 5642 2318 5697 sine
2377 5640 2483 5696 line
2524 5638 2774 5694 sentitur.
2819 5638 2962 5694 Deus
3004 5636 3097 5709 qui
3134 5634 3383 5692 cmlestis

1788 5732 1946 5789 simul
1991 5742 2046 5787 et
2098 5741 2313 5787 terrena
2362 5729 2759 5802 complecteris,
2803 5744 3029 5784 servans
3062 5727 3375 5784 misericor-

1788 5822 1930 5878 diam
1977 5830 2125 5876 tuam
2169 5820 2366 5895 populo
2396 5829 2488 5877 tuo
2530 5818 2827 5881 ambulanti
2857 5829 2985 5876 ante
3019 5826 3374 5891 conspectum
