3962 5386
565 353 742 484 ιῤ75⁷
783 454 850 467 ,,

1425 386 1718 445 APPEND.
1757 388 1848 462 AD
1879 385 2055 443 SASC.
2077 385 2142 441 Χ.
2169 417 2237 428 -
2263 386 2697 444 MONUMENTA
2730 385 3012 443 LlTURG.

3701 364 3831 446 tiri

567 509 753 581 gloriae
799 513 945 573 tum;
977 502 1176 560 exaudi
1232 517 1419 575 preces
1472 517 1754 557 servorum
1811 509 2048 566 tuorum,
2095 508 2156 556 ut
2182 505 2230 564 Λ
2259 499 2536 556 teternam.
2588 500 2766 556 Dicit:
2792 497 2900 554 Pax
2927 508 3122 555 tecum.
3149 499 3202 569 ἡ.
3230 490 3450 556 Etcum
3492 499 3684 570 spiritu
3723 511 3816 559 tuo.

566 603 678 658 sint
724 597 862 656 oculi
908 599 986 654 tui
1041 596 1219 669 aperti
1269 610 1430 666 super
1466 596 1684 651 domum
1730 594 1893 650 istam
1950 594 2038 648 die
2087 607 2153 648 ac

567 702 774 760 nocte;
829 692 1078 761 hancque
1131 689 1417 745 basilicam
1468 688 1523 744 in
1573 688 1778 743 honore
1831 687 2018 744 Sancti
2071 687 2150 742 ill.

567 765 754 842 sacris,
787 782 1060 856 mysteriis
1104 782 1410 837 institutam
1446 781 1902 837 clementissimus
1939 781 2155 838 dedicat

569 873 1136 934 miseratusinlustra,
1177 871 1396 943 proprio
1433 871 1719 943 splendore
1742 870 2000 937 clariﬁca,
2031 886 2152 926 om-

565 980 801 1037 nemque
844 965 1116 1021 hominem
1167 963 1474 1020 venientem
1520 964 1750 1019 adorare
1800 964 1854 1019 in
1885 965 1988 1020 hoc
2031 964 2152 1020 loco

562 1058 804 1128 placatus
847 1056 1110 1124 admitte;
1176 1057 1444 1128 propitius
1495 1056 1719 1128 dignare
1761 1058 2053 1130 respicere,
2097 1068 2154 1116 et

561 1159 787 1222 propter
842 1165 1038 1206 nomen
1096 1157 1248 1204 tuum
1299 1164 1574 1221 magnum,
1639 1157 1696 1204 et
1723 1165 1884 1206 manu
1933 1149 2056 1207 forti
2096 1159 2152 1206 et

562 1244 792 1323 brachio
845 1253 1107 1311 extenso,
1157 1243 1211 1298 in
1259 1242 1362 1297 hoc
1419 1241 1729 1298 habitaculo
1783 1241 2152 1312 supplicantes

565 1336 737 1395 libens
763 1345 1006 1409 protege,
1041 1336 1330 1408 dignanter
1353 1335 1564 1400 exaudi,
1628 1350 1691 1390 ac
1713 1342 1918 1389 :eterna
1966 1333 2157 1391 delen-

564 1430 1019 1494 sione-conserva,
1072 1439 1134 1484 ut
1167 1444 1380 1500 semper
1407 1426 1590 1484 felices
1620 1443 1836 1498 semper
1881 1437 1971 1482 tua
2026 1425 2153 1481 reli-

564 1522 724 1597 gione
752 1523 994 1578 laetantes
1023 1532 1335 1578 constanter
1363 1522 1418 1578 in
1465 1531 1667 1578 sanctae
1711 1519 1994 1576 Trinitatis
2047 1520 2154 1576 ﬁde

565 1614 830 1692 catholica
860 1623 1235 1686 perseverent;
1262 1630 1358 1686 per
1388 1614 1546 1669 Dnm.

576 1768 584 1774 ,
635 1705 1082 1778 Regenerationis
1110 1707 1384 1777 ingressus
1410 1706 1463 1760 in
1499 1717 1639 1760 verae
1669 1703 1992 1760 innocentim
2013 1717 2153 1758 nova

563 1798 794 1856 infantia
846 1810 1181 1856 renascatur.
1222 1798 1348 1854 Per.
1384 1796 1502 1852 Hac
1528 1797 1669 1852 omni
1719 1795 1925 1869 expleta
1977 1795 2152 1866 fundit

563 1892 806 1964 chrysma
848 1891 912 1947 de
937 1890 1151 1947 vasculo
1179 1892 1236 1946 in
1275 1891 1471 1962 fontem
1499 1907 1656 1962 super
1675 1890 1842 1960 ipsam
1873 1905 2065 1960 aquam
2094 1889 2152 1945 in

561 1984 777 2037 modum
797 1984 986 2047 crucis,
1025 1991 1070 2036 et
1094 1999 1212 2036 cum
1238 1999 1400 2037 manu
1425 1998 1524 2036 sua
1545 1981 1766 2036 ntiscitat
1802 1982 1973 2053 ipsum
1999 1985 2154 2051 chry-

563 2087 677 2125 snta
699 2088 816 2126 cum
841 2089 998 2143 aqua,
1027 2082 1074 2126 et
1096 2073 1289 2143 spargit
1311 2088 1466 2142 super
1486 2087 1688 2125 omnem
1713 2071 1932 2141 fontem,
1956 2071 2038 2126 vel
2061 2087 2154 2126 su-

563 2178 658 2244 ριν
680 2179 882 2218 omnem
933 2163 1204 2235 papulum.
1269 2161 1386 2218 Hoc
1416 2163 1557 2234 facto
1597 2164 1764 2218 omnis
1788 2162 2038 2235 populus,
2061 2163 2153 2236 qui

562 2254 797 2320 voluerit,
852 2255 1040 2328 accipit
1088 2255 1496 2310 benedictionem
1544 2255 1597 2310 in
1636 2256 1776 2310 vasis
1795 2255 1904 2310 suis
1931 2255 1996 2311 de
2033 2257 2149 2326 ipsa

561 2362 725 2417 aqua,
761 2356 1040 2419 antequam
1080 2347 1152 2403 ibi
1187 2347 1514 2420 baptizentur
1554 2349 1783 2418 parvuli,
1804 2349 1875 2402 ad
1900 2365 2150 2419 spargen-

560 2438 688 2495 dum
719 2439 774 2494 in
807 2439 1045 2495 domibus
1079 2455 1282 2508 eorum,
1330 2451 1378 2495 et
1402 2440 1580 2508 uineis,
1621 2450 1670 2494 et
1695 2440 1912 2511 campis,
1947 2449 1997 2494 et
2026 2439 2146 2510 fru-

560 2533 727 2602 ctibus
751 2549 950 2589 eorum.
994 2533 1196 2589 Deinde
1242 2534 1529 2605 presbyter,
1555 2543 1646 2588 aut
1667 2534 1922 2589 diaconus
1944 2533 2148 2590 etiamsi

561 2645 766 2684 necesse
793 2629 974 2700 fuerit,
1019 2637 1069 2683 et
1091 2626 1298 2682 accoliti
1324 2626 1628 2684 discalceati
1654 2628 1925 2684 induentes
1949 2645 2004 2683 se
2024 2627 2146 2683 aliis

562 2720 789 2784 uestibus
817 2720 1029 2776 mundis
1075 2719 1154 2775 vel
1201 2719 1442 2775 candidis
1487 2720 1854 2791 ingrediuntur
1890 2720 1946 2775 in
1975 2719 2147 2791 fontes

562 2813 702 2867 intra
741 2828 957 2884 aquam,
1018 2821 1067 2867 et
1111 2811 1444 2881 baptizantur
1469 2811 1638 2882 primo
1673 2809 1916 2876 masculi,
1957 2809 2146 2866 deinde

563 2903 774 2974 feminae
826 2902 921 2958 sub
973 2904 1072 2958 hac
1125 2904 1532 2974 interrogatione
1582 2919 1602 2957 :
1654 2901 2038 2958 Sanctiﬁcatur
2087 2910 2144 2960 et

556 2999 904 3056 ftecundetur
924 2998 1048 3057 fons
1076 3000 1180 3056 iste
1226 3000 1281 3056 in
1322 3001 1542 3056 nomine
1584 2999 1764 3057 Patris
1813 3007 1870 3055 et
1910 2999 2034 3056 Filii
2088 3009 2145 3056 et

557 3093 800 3166 Spiritus
851 3097 1048 3166 sancti.
1103 3096 1294 3154 Credis
1343 3096 1398 3152 in
1457 3095 1643 3152 Deum
1691 3096 1910 3153 Patrem
1968 3095 2143 3152 omni-

556 3197 833 3258 patentem
868 3199 1171 3246 creatorem
1226 3187 1348 3244 caali
1375 3196 1431 3244 et
1457 3189 1662 3245 terrae?
1689 3189 1743 3258 ἢ.
1770 3189 1968 3246 Credo.
2011 3187 2142 3245 Cre-

559 3279 645 3338 tlis
685 3287 742 3334 et
787 3279 841 3335 in
902 3278 1087 3336 Jesum
1138 3279 1414 3336 Christum
1473 3279 1669 3335 Filium
1717 3280 1835 3352 ejus
1884 3279 2138 3348 unicum,

557 3369 697 3424 Dnm
753 3378 1000 3426 nostrum
1041 3380 1224 3427 natum
1279 3380 1336 3427 et
1380 3372 1636 3443 passum?
1680 3372 1736 3441 ἢ.
1789 3371 1988 3428 Credo.
2014 3371 2144 3427 Cre-

560 3462 646 3517 dis
675 3468 732 3518 et
775 3461 831 3516 in
875 3461 1136 3533 Spiritum
1186 3471 1463 3531 sanctum;
1530 3471 1774 3519 sanctam
1842 3461 2143 3518 Ecclesiam

556 3552 946 3620 catholicam;
1037 3553 1411 3609 remissionem
1485 3563 1880 3625 peccatorum;
1965 3553 2145 3609 carnis

555 3644 1054 3712 resurrectionem,
1116 3652 1172 3699 et
1223 3643 1391 3699 vitam
1453 3645 1755 3699 aeternam?
1801 3644 1857 3714 πῆ.
1930 3641 2140 3708 Credo,

553 3732 628 3788 Et
655 3734 874 3806 acceptis
904 3733 1192 3804 infantibus
1215 3733 1280 3787 de
1306 3733 1610 3804 parentibus
1637 3735 1903 3807 baptizant
1935 3749 2022 3789 eos
2047 3732 2142 3788 sub

555 3827 697 3882 trina
733 3826 1009 3893 mersione,
1037 3834 1240 3880 tantum
1267 3834 1504 3880 sanctam
1533 3824 1843 3881 Trinitatem
1875 3824 2034 3882 semel
2062 3825 2142 3880 in-

555 3928 797 3988 poeantes
822 3918 896 3973 ita
917 3917 1174 3973 dicendo:
1211 3917 1432 3990 Baptizo
1465 3926 1516 3974 te
1543 3917 1597 3973 in
1626 3918 1844 3974 nomine
1864 3917 2061 3984 Patris,
2093 3925 2142 3973 et

555 4011 738 4081 mergit
763 4009 918 4065 semel
943 4025 962 4066 :
993 4016 1050 4064 et
1096 4008 1240 4076 Filii,
1275 4019 1324 4064 et
1353 4009 1541 4081 mergit
1565 4009 1758 4064 iterum
1779 4025 1799 4065 :
1827 4019 1882 4065 et
1904 4007 2142 4079 Spiritus

556 4100 750 4164 sancti,
797 4111 844 4155 et
875 4101 1054 4171 mergit
1076 4099 1252 4154 tertio.
1292 4097 1495 4155 Levatis
1540 4108 1718 4154 autem
1753 4100 1881 4171 ipsis
1913 4099 2142 4169 infantes

547 4191 872 4248 inmanibus
895 4191 1006 4246 suis
1027 4191 1251 4258 o/ferunt
1276 4206 1364 4244 eos
1390 4190 1482 4244 uni
1511 4189 1810 4260 presbytero
1833 4206 1853 4256 ;
1888 4189 1999 4259 ipse
2024 4205 2141 4245 vero

543 4284 821 4354 presbyter
864 4283 1061 4352 faciens
1097 4283 1162 4338 de
1203 4283 1446 4355 chrysma
1485 4299 1691 4339 crucem
1720 4301 1840 4339 cum
1875 4283 2064 4356 pollice
2084 4285 2141 4341 in

547 4373 743 4428 uertice
763 4389 944 4429 eorum
973 4390 1089 4428 cum
1115 4374 1437 4430 invocatione
1455 4383 1651 4431 sanctae
1673 4375 1945 4432 Trinitatis
1970 4377 2096 4432 dicit
2119 4394 2139 4434 :

546 4462 700 4519 Deus
723 4465 1083 4536 omnipotens,
1114 4472 1221 4522 etc.

627 4554 695 4611 Et
719 4566 841 4612 sunt
861 4558 1058 4627 parati,
1091 4559 1183 4631 qui
1226 4575 1313 4614 eos
1334 4562 1626 4632 suscepturi
1652 4570 1796 4628 sunt,
1822 4579 1940 4618 cum
1963 4562 2137 4619 linteis

551 4645 610 4701 in
637 4647 876 4703 manibus
900 4665 1102 4716 eorum,
1140 4658 1189 4704 et
1218 4650 1478 4722 accipiunt
1504 4651 1643 4723 ipsos
1672 4670 1705 4708 a
1729 4655 2038 4725 presbyteris
2059 4653 2137 4710 vel

553 4734 881 4803 diaconibus,
909 4739 1000 4810 qui
1044 4755 1130 4794 eos
1166 4739 1520 4808 baptizarunt.
1560 4737 1814 4814 Pontifex
1852 4759 1971 4799 vero
1991 4759 2137 4815 egre-

552 4826 780 4881 dictura
804 4825 964 4896 fonte,
1006 4829 1202 4884 habens
1228 4833 1569 4900 compositam
1613 4834 1788 4888 sedem
1823 4833 1880 4888 in
1905 4835 2022 4905 ipsa
2050 4850 2135 4889 ec-

551 4917 712 4996 clesia
735 4917 821 4972 ubi
863 4920 1102 4988 uoluerit,
1134 4921 1316 4976 sedens
1344 4923 1400 4977 in
1438 4939 1518 4976 ea.
1552 4922 1624 4977 Et
1652 4925 1999 4995 deportantur
2030 4924 2132 4996 ipsi

545 4991 784 5080 'infantes
826 5019 947 5063 ante
970 5025 1110 5077 eum,
1149 5021 1196 5064 et
1225 5011 1317 5066 dat
1347 5012 1568 5083 singulis
1591 4991 1800 5082 stolam,
1824 4991 2062 5070 casulam
2089 5020 2144 5071 et

539 5099 860 5174 chrysmale,
881 5109 926 5156 et
949 5100 1124 5155 decem
1150 5103 1390 5175 siliquas,
1421 5115 1468 5158 et
1491 5107 1801 5171 vestiuntur;
1823 5108 1997 5162 induti
2017 5125 2138 5165 vero

551 5190 867 5228 ηιιιιίηηηηηο
891 5209 984 5228 nas-

1659 5209 1774 5228 οιικσ
1809 5209 1862 5228 ἇν-
1891 5209 2108 5228 ginno-Kla-

1027 5193 1260 5228 Invida/sn!
1292 5195 1420 5228 οἶμαι
1450 5197 1624 5228 οΑο-ιῖιπιὲ

2256 592 2393 648 Ecce
2437 593 2516 648 sic
2567 592 2918 647 benedicatur
2941 592 3118 649 omnis
3147 594 3308 649 homo
3344 595 3436 664 qui
3471 594 3631 649 timet
3678 595 3816 651 Dnm.

2255 683 2547 740 Benedicat
2587 699 2682 740 vos
2716 683 2977 740 Dominus
3025 701 3091 741 ex
3143 683 3309 756 Syon,
3331 695 3394 740 ut
3422 686 3655 741 videatis
3675 685 3822 754 bona,

2255 794 2376 850 quae
2420 786 2545 833 sunt
2601 778 2654 833 in
2713 775 3093 846 Hierusalem,
3163 777 3413 834 omnibus
3464 777 3659 836 diebus
3717 779 3824 836 vita:

2253 881 2466 928 νρειτω.

2886 964 3021 1020 Inde
3051 963 3176 1019 dicit
3201 977 3223 1017 .'

2337 1060 2619 1113 nontirmat
2656 1071 2753 1114 vos
2777 1055 2940 1112 Pater
2966 1064 3021 1111 et
3046 1054 3215 1111 Filius
3242 1063 3298 1111 et
3322 1053 3563 1128 Spiritus
3597 1062 3826 1124 sanctus,

2252 1153 2314 1202 ut
2338 1147 2581 1204 habeatis
2610 1149 2776 1203 vitam
2803 1156 3087 1214 teternam,
3137 1154 3194 1202 et
3218 1141 3497 1202 vivatis'in
3529 1146 3730 1202 secula
3749 1163 3831 1202 sa-

2253 1237 2515 1292 culorum.
2543 1238 2738 1294 Amen.

2323 1331 2441 1386 Hoc
2465 1341 2638 1387 autem
2669 1349 2761 1403 per
2780 1332 2958 1386 omnia
2983 1341 3352 1400 prwcaventes,
3381 1342 3440 1387 ut
3468 1333 3584 1387 ltth
3618 1348 3727 1387 non
3755 1350 3826 1387 ne-

2251 1422 2541 1495 gligantur,
2579 1423 2703 1496 quia
2755 1433 2880 1478 tunc
2923 1439 3100 1478 omnes
3135 1422 3391 1493 baptismo
3430 1421 3668 1495 legitimo
3691 1420 3830 1477 Chri-

2251 1515 2538 1570 stianitatis
2590 1516 2798 1570 nomine
2852 1514 3252 1584 conﬁrmantur.
3286 1513 3510 1570 Interim
3554 1531 3678 1569 vero
3705 1515 3831 1569 scola

2242 1593 2399 1679 jussu
2444 1607 2572 1680 facit
2612 1608 2861 1662 letaniam
2907 1619 3030 1662 ante
3066 1607 3253 1672 altare,
3301 1607 3473 1679 prima
3508 1619 3769 1676 septenas,
3795 1619 3832 1661 et

2251 1698 2420 1767 spatio
2479 1698 2619 1768 facto
2672 1697 2874 1769 faciunt
2924 1697 3058 1753 alter
3129 1697 3346 1767 quinas,
3402 1697 3601 1752 iterum
3683 1699 3836 1768 spatio

2255 1789 2397 1859 facto
2447 1791 2652 1860 faciunt
2707 1792 2916 1858 trinas,
2978 1800 3025 1845 et
3081 1791 3206 1845 dum
3277 1791 3404 1846 dicit
3461 1792 3653 1863 Agnus
3713 1791 3833 1858 Dei,

2187 1867 2232 1928 Β
2261 1879 2516 1953 Magister
2559 1880 2714 1936 scola:
2743 1883 2870 1936 dicit
2898 1881 3214 1950 accendite;
3253 1891 3304 1937 et
3329 1891 3455 1937 tunc
3497 1874 3836 1938 inluminatur

2254 1973 2497 2039 ecclesia,
2529 1981 2578 2029 et
2624 1973 2858 2045 procedit
2907 1971 3161 2043 Pontifex
3189 1973 3254 2028 de
3279 1975 3547 2040 sacrario,
3598 1990 3721 2028 cum
3747 1953 3844 2027 duo

2253 2074 2542 2121 cereostata
2565 2065 2728 2139 (unde
2756 2065 2997 2136 superius
3021 2064 3272 2136 diximus)
3302 2074 3445 2119 stant
3464 2066 3606 2120 sicut
3631 2074 3780 2120 antea
3809 2081 3834 2120 α

2251 2158 2450 2214 dextris
2467 2169 2515 2214 et
2538 2175 2569 2212 a
2588 2158 2817 2214 sinistris
2843 2157 3051 2213 altaris.
3083 2155 3303 2213 Letania
3325 2154 3532 2222 expleta
3556 2155 3688 2210 dicit
3710 2152 3838 2210 Ροηο

2250 2251 2382 2322 tifea:
2408 2250 2591 2307 Gloria
2621 2251 2675 2306 in
2694 2249 2896 2307 excels.
2921 2251 2984 2306 D.
3010 2259 3058 2304 et
3088 2250 3414 2315 orationem;
3440 2249 3641 2304 deinde
3664 2247 3837 2319 legitur

2248 2344 2528 2415 Apostolus
2544 2359 2564 2399 .'
2579 2345 2816 2418 sequitur
2827 2343 2932 2400 All.
2949 2343 3291 2401 Confltemini
3305 2344 3438 2399 Dno.
3478 2343 3838 2415 Sequiturtru-

2247 2445 2359 2491 ctus
2372 2435 2612 2494 Laudate
2623 2439 2758 2494 Dnm
2780 2453 2966 2495 omnes
2980 2447 3200 2510 gentes:
3214 2435 3467 2508 Sequitur
3482 2435 3833 2506 Evangeliurn.

2247 2527 2326 2583 De
2347 2545 2551 2601 vespere
2571 2527 2789 2586 Sabbati
2809 2541 2931 2586 ante
2952 2529 3291 2602 Evangelium
3317 2546 3421 2584 non
3439 2539 3659 2599 portant
3682 2529 3837 2586 lumen

2245 2625 2304 2680 in
2331 2625 2444 2695 ipsa
2466 2633 2636 2690 nocte,
2665 2623 2756 2678 sed
2792 2632 2997 2678 tantum
3027 2622 3314 2677 incensum.
3349 2620 3476 2675 Non
3496 2629 3714 2676 cantent
3744 2621 3832 2676 Ol-

2246 2715 2547 2779 fertorium,
2589 2732 2681 2770 nec
2726 2715 2913 2783 Agnus
2959 2713 3074 2779 Dei,
3122 2729 3216 2768 nec
3244 2711 3725 2777 Communionem,
3751 2713 3829 2766 sed

2245 2808 2462 2863 missam
2490 2824 2583 2877 per
2621 2807 2880 2862 ordinem.
2925 2804 3071 2860 Illud
3101 2814 3274 2859 autem
3310 2803 3374 2858 de
3395 2803 3636 2873 paruulis
3679 2803 3837 2873 prori-

2245 2901 2474 2956 dendum
2510 2908 2606 2966 est,
2645 2907 2702 2953 ut
2746 2907 3020 2970 postquam
3072 2896 3323 2967 baptizati
3367 2895 3594 2966 fuerint,
3636 2895 3831 2950 nullast

2244 2996 2416 3051 cibum
2439 2995 2720 3066 accipiant,
2755 3008 2849 3047 nec
2877 2989 3209 3047 ablactentur
3237 2999 3521 3061 antequam
3550 2989 3833 3044 communi-

2245 3095 2361 3142 cent
2392 3084 2738 3143 Sacramento
2767 3083 3003 3154 corporis
3040 3079 3271 3148 Christi;
3305 3091 3355 3136 et
3385 3081 3634 3136 omnibus
3662 3080 3832 3133 diebus

2245 3177 2551 3251 septimam:
2597 3175 2806 3248 pascha:
2849 3175 2920 3229 ad
2949 3175 3138 3230 missas
3187 3174 3499 3244 procedant,
3535 3182 3588 3228 et
3621 3173 3830 3242 olerent

2168 3248 2215 3313 (ί
2244 3248 2338 3343 pro
2381 3270 2529 3341 ipsis,
2565 3277 2616 3322 et
2653 3267 3032 3322 communicent
3073 3281 3285 3332 omnes;
3335 3265 3418 3320 hic
3467 3275 3647 3319 autem
3681 3277 3830 3333 supra

2245 3363 2469 3432 scriptus
2505 3360 2687 3416 ordine
2721 3359 2986 3432 baptismi,
3024 3360 3158 3413 sicut
3202 3363 3258 3414 in
3314 3359 3414 3413 hoc
3472 3357 3708 3414 Sabbato
3739 3373 3830 3427 pe-

2244 3455 2404 3518 sclue,
2440 3469 2515 3507 sic
2561 3461 2612 3507 et
2659 3452 2716 3506 in
2741 3449 2973 3507 Sabbato
3000 3457 3328 3522 pentecosten
3355 3449 3675 3503 omnimodis
3707 3449 3830 3502 cel»

2246 3547 2443 3603 bretur.
2468 3545 2604 3601 Item
2637 3546 2694 3600 in
2730 3547 2844 3616 ipsa
2873 3544 2960 3598 die
2984 3541 3280 3598 diurnalem
3310 3559 3528 3620 cursum
3557 3545 3826 3612 separatim

2245 3650 2464 3696 canunt.
2489 3638 2558 3694 In
2584 3638 2696 3709 ipsa
2725 3648 2872 3692 nocte
2889 3648 3001 3707 post
3029 3636 3293 3709 gallorum
3314 3647 3556 3702 cantum,
3581 3635 3822 3691 matutino

2246 3740 2517 3802 rumpente
2549 3730 2663 3785 luce
2692 3728 2948 3793 tenebras,
2995 3737 3264 3799 surgentes
3298 3727 3354 3781 in
3415 3727 3694 3782 ecclesiam
3745 3740 3823 3781 ee-

2245 3823 2419 3890 niunt,
2449 3831 2499 3878 et
2525 3831 2710 3876 mutua
2748 3821 3004 3876 cltaritate
3028 3835 3084 3874 se
3105 3819 3324 3874 invicem
3379 3817 3732 3881 obsculantes,
3776 3825 3823 3872 et

2243 3907 2421 3971 dicant
2449 3930 2468 3970 :
2489 3915 2630 3970 Deus
2658 3913 2713 3970 in
2733 3911 3057 3984 adjutorium
3082 3924 3281 3967 meum.
3307 3908 3562 3979 Sequitur
3583 3910 3827 3966 Invitata-

2246 4006 2385 4064 rium
2410 4021 2527 4060 cum
2548 4003 2651 4060 All.
2678 4001 3106 4077 Sequunturtres
3128 4001 3321 4073 psalmi
3341 4017 3463 4056 cum
3491 4000 3785 4072 antiphonis
3803 4012 3824 4051 :

2243 4093 2446 4154 Beatus
2487 4096 2592 4152 vir.
2650 4094 2832 4164 Quare
2869 4095 3226 4151 tremuerunt.
3276 4093 3392 4149 Dne
3416 4093 3551 4164 quid
3574 4092 3822 4163 multipli‘

2241 4189 2352 4247 cati
2376 4197 2520 4246 sunt.
2543 4185 2846 4260 Sequuntur
2867 4203 2988 4243 vero
3013 4195 3116 4242 tres
3140 4185 3386 4240 lectiones
3408 4198 3533 4238 eum
3558 4189 3824 4253 respnso-

2243 4281 2358 4337 riis.
2416 4277 2602 4335 Prima
2631 4277 2782 4335 lectio
2811 4279 2878 4335 de
2900 4278 3126 4335 Actibus
3155 4276 3549 4349 apostolorum.
3583 4273 3824 4347 Sequitur

2239 4375 2472 4432 secunda
2525 4383 2575 4430 et
2622 4375 2779 4429 tertia
2805 4372 2871 4428 de
2891 4371 3130 4429 homiliis
3157 4370 3335 4427 sancti
3372 4367 3689 4440 Augustini.
3733 4363 3821 4421 8e-

2239 4471 2420 4542 quilur
2443 4467 2766 4525 Matutinum
2791 4483 2910 4521 cum
2932 4465 3036 4523 All.
3773 4470 3778 4474 '

2313 4560 2466 4632 Infra
2491 4560 2652 4616 Albas
2676 4558 2898 4615 Paschte
2926 4575 3084 4631 super
3115 4556 3295 4614 Venite
3317 4570 3339 4610 :
3368 4555 3629 4613 Surrexit
3654 4550 3820 4609 Doio

2237 4668 2342 4710 nus
2367 4667 2494 4709 vere
2519 4651 2609 4706 all.
2639 4662 2688 4708 et
2709 4661 2814 4707 tres
2837 4650 3029 4723 psalmi
3052 4668 3146 4724 per
3169 4659 3484 4706 nocturnum
3509 4650 3818 4720 inpartitum

2230 4758 2328 4816 per
2385 4740 2620 4814 singulas
2675 4751 2848 4797 noctes
2879 4757 3041 4813 usque
3071 4742 3128 4796 in
3151 4749 3358 4795 octavas
3391 4738 3631 4810 pascite,
3651 4736 3706 4791 id
3728 4741 3814 4789 est.

2305 4831 2467 4890 It'eria
2489 4833 2572 4912 II.
2605 4833 2739 4891 Cum
2770 4834 3100 4890 invocarem.
3128 4831 3306 4889 Verba
3336 4846 3481 4887 mea.
3518 4829 3639 4886 Dne
3669 4845 3733 4884 ne
3767 4827 3812 4880 in

2230 4921 2312 4981 ira
2334 4934 2443 4982 tua.

2253 5090 2256 5093 _
2310 5015 2472 5072 Feria
2493 5016 2611 5073 III.
2637 5017 2751 5074 Dne
2775 5017 2917 5074 Deus
2941 5030 3095 5072 meus
3118 5014 3172 5072 in
3196 5022 3248 5070 te
3274 5012 3512 5070 speravi.
3548 5011 3661 5068 Dne
3679 5009 3811 5064 Duas

2237 5119 2439 5167 noster.
2470 5107 2528 5164 In
2555 5109 2671 5165 Dno
2698 5108 2930 5166 conﬁdo.

2320 5197 2470 5228 0-..}...
2532 5197 2606 5228 IV
2681 5198 2899 5228 α.ι.....ν.
2947 5213 3033 5228 mn
3065 5197 3147 5228 ἤδη
3195 5196 3307 5228 ,ὶηο
3361 5192 3658 5228 lion-smn
3682 5188 3802 5228 Πηρ-
