3962 6326
609 365 636 430 Ι
647 364 755 427 079

1095 496 1259 542 nasus
1291 497 1347 541 in
1386 461 1729 541 rtnxscsvef

682 624 889 700 Popule
929 638 1086 682 meus
1135 621 1265 694 quid
1316 619 1421 677 feci
1470 617 1610 675 tibi?
1649 616 1757 673 Aut
1797 615 1851 671 in
1902 628 2010 686 quo
2067 627 2199 669 con-

609 718 827 777 tristavi
859 715 953 773 te?
988 713 1277 785 Responde
1307 710 1484 767 mihi?
1514 709 1652 778 Quia
1680 707 1843 765 eduxi
1873 714 1927 762 te
1955 706 2022 762 de
2054 713 2196 761 terra

609 809 828 883 Algypti
849 806 1053 879 parasti
1081 819 1298 862 crucem
1323 801 1594 859 Salvatori
1623 809 1734 856 tuo.
1757 799 1919 870 Agios
1941 813 1974 854 o
1995 797 2195 853 Theos.

609 902 776 972 Agios
802 898 1070 970 iscbyros.
1099 893 1265 966 Agios
1285 895 1576 948 athanatos
1601 891 1821 962 eleyson
1853 902 2027 961 ymas.
2060 887 2201 943 San-

611 1003 734 1050 ctus
779 992 944 1058 Deus,
975 990 1210 1046 Sanctus
1254 985 1432 1043 fortis.
1473 984 1707 1040 Sanctus
1742 979 2065 1037 immortalis
2098 979 2201 1034 tni-

611 1098 799 1142 serere
843 1082 1024 1140 nobis.
1071 1080 1173 1150 Qui
1229 1078 1390 1135 eduxi
1435 1086 1488 1134 te
1523 1092 1622 1149 per
1653 1077 1928 1132 desertum
1965 1073 2200 1144 quadra-

612 1179 761 1253 ginta
805 1177 992 1242 annis,
1034 1183 1090 1231 et
1139 1188 1339 1230 manna
1380 1170 1557 1227 cibavi
1601 1177 1686 1235 te,
1732 1177 1788 1225 et
1826 1165 2100 1224 introduxi
2143 1165 2198 1222 in

613 1280 818 1328 terram
856 1268 993 1324 satis
1016 1265 1276 1337 optimam
1303 1263 1508 1336 parasti
1537 1275 1755 1317 crucem
1783 1258 2050 1315 Salvatori
2081 1267 2196 1314 tuo.

610 1365 800 1436 Agios.
841 1361 980 1431 Quid
1019 1359 1162 1414 ultra
1209 1357 1372 1414 debui
1425 1356 1608 1412 facere
1651 1354 1747 1410 tibi
1793 1364 1849 1409 et
1898 1368 2003 1408 non
2052 1349 2200 1407 feci?

612 1457 728 1529 Ego
755 1454 974 1526 quidem
1024 1451 1263 1524 plantavi
1302 1457 1356 1505 te
1386 1449 1600 1505 vineam
1649 1461 1824 1502 meam
1863 1443 2200 1517 speciosissi-

612 1565 794 1614 mam,
851 1557 906 1602 et
955 1555 1014 1602 tu
1069 1543 1213 1601 facta
1271 1557 1330 1600 cs
1377 1543 1510 1598 mihi
1562 1541 1726 1597 nimis
1774 1554 1983 1595 amara.
2027 1539 2199 1595 Aceto

611 1655 849 1713 namque
888 1639 1035 1696 sitim
1081 1653 1257 1694 meam
1300 1636 1538 1708 potasti,
1589 1643 1647 1690 et
1694 1634 1878 1688 lancea
1910 1630 2198 1702 perforasti

612 1734 756 1791 latus
784 1731 1056 1788 Salvatori
1088 1740 1200 1786 tuo.
1231 1729 1416 1800 Agios.
1463 1730 1586 1781 Ant.
1617 1725 1758 1782 Ecce
1788 1725 1990 1795 lignum
2019 1723 2201 1781 crucis

1467 357 1760 418 APPEND.
1794 353 1885 412 AD
1923 350 2095 411 SEO.
2124 346 2194 406 Χ.
2222 375 2296 391 —-
2331 339 2763 403 MONUMENTA
2787 337 3065 398 LITURG.

2218 471 2270 532 Α
2299 470 2387 522 me
2411 464 2740 534 circumtege
2760 503 2776 527 ,
2807 459 3014 533 galeam
3045 454 3237 514 salutis
3256 451 3380 512 mihi
3406 451 3619 524 impone,
3640 453 3760 526 gladio

2299 555 2528 628 spiritali
2556 568 2642 609 me
2670 553 2922 620 accinge,
2947 557 3007 605 ut
3034 557 3226 605 contra
3249 547 3447 602 hostem
3470 546 3761 615 nequissimum

2295 648 2594 707 bellaturus
2629 654 2686 702 ct
2734 654 2825 700 tuo
2858 643 3072 699 muniar
3117 637 3464 696 miserationis
3512 638 3696 704 auxilio.
3729 650 3766 697 et

2300 739 2594 798 salutifera
2630 737 2808 794 crucis
2844 733 3043 791 vexillo
3075 750 3090 788 :
3123 731 3404 802 cunctique
3438 737 3518 784 tuo
3541 740 3767 786 sanctono-

2298 835 2444 893 mine
2469 833 2711 904 insigniti
2735 832 2802 887 ab
2823 829 2997 887 hostis
3025 827 3212 899 perfidi
3234 825 3341 880 sint
3363 823 3630 880 incursione
3647 823 3767 880 securi

2297 944 2397 1002 per
2427 937 2477 984 te
2505 927 2632 983 Jesu
2661 925 2896 980 Christe.

2339 1017 2511 1083 ‘Alia.
2561 1017 2703 1072 Deus
2739 1014 2832 1088 qui
2877 1013 3046 1086 Moysi
3094 1009 3295 1068 famulo
3341 1017 3429 1064 tuo
3481 1007 3528 1062 in
3569 1007 3637 1062 via
3663 1021 3768 1077 sque.

2296 1113 2460 1171 lentis
2507 1111 2717 1169 heremi
2770 1119 3076 1182 serpentem
3126 1122 3336 1164 aeneum
3387 1106 3438 1162 in
3475 1105 3625 1161 media
3649 1104 3772 1176 populi

2300 1203 2644 1260 multitudine
2691 1203 2760 1258 ad
2807 1199 3114 1258 liberendas
3151 1199 3300 1255 letali
3344 1198 3456 1252 viro
3500 1195 3682 1252 infestas
3704 1196 3774 1250 ani-

2299 1311 2418 1352 mas
2462 1293 2704 1352 exaltare
2725 1293 2971 1362 Iussisti;
3024 1301 3084 1346 ut
3123 1291 3169 1348 si
3199 1291 3324 1362 quis
3351 1287 3603 1346 mortifero
3625 1288 3778 1346 vulnere

2301 1387 2536 1443 inﬂictus
2583 1385 2651 1441 ad
2697 1401 2820 1442 eum
2870 1385 3191 1456 respiceret,
3240 1391 3297 1439 et
3334 1397 3576 1438 venenum
3623 1381 3778 1436 exiciale

2300 1480 2589 1546 evaderet,
2637 1488 2693 1535 et
2739 1487 2940 1550 optatae
2979 1476 3170 1532 salutis
3216 1475 3382 1529 vitam
3416 1472 3781 1542 adipisceret.8i-
3878 1472 3879 1538 1

2301 1571 2565 1643 gnificans
2595 1570 2825 1641 teipsutn
2865 1567 3045 1623 futura
3088 1576 3211 1638 post
3245 1563 3505 1620 curricula
3541 1578 3622 1633 pro
3651 1563 3706 1618 tui
3728 1578 3781 1617 tt-

2303 1662 2413 1718 lute
2465 1662 2748 1734 plasmatis
2783 1701 2799 1728 ,
2852 1661 3030 1716 crucis
3077 1657 3436 1715 extollendum
3484 1655 3712 1727 patibulo,
3747 1663 3785 1711 ut

2305 1771 2445 1826 quos
2473 1753 2720 1810 diabolus
2764 1753 2934 1808 armis
2980 1752 3199 1807 invidia:
3226 1750 3603 1820 captivaverat,
3641 1746 3786 1801 tuade-
3878 1769 3879 1794 :

613 1828 828 1929 ‘f'7_q“2
879 1824 1028 1929 sam:
1058 1823 1268 1929 .mundi
1320 1820 1606 1929 pepﬁndi"
1655 1819 1836 1924 chite
1884 1818 2199 1929 ﬂdf’rem'w'
2230 1867 2278 1929 Β
2307 1818 2614 1904 siderabilis
2663 1845 2844 1916 passio
2891 1845 2958 1900 ad
3012 1843 3244 1914 patriam
3294 1818 3574 1896 revocaret.
3616 1837 3786 1894 Concede

613 1919 740 1975 Ant.
788 1917 928 1972 Dum
979 1914 1233 1972 Salvator
1276 1913 1462 1968 mundi
1509 1911 1702 1968 mortis
1745 1910 2065 1983 supplicium
2101 1925 2202 1981 pa-

615 2018 827 2066 teretur
873 2009 927 2063 in
955 2021 1117 2062 cruce
1135 2047 1150 2071 ,
1177 2005 1422 2060 clamans
1449 2019 1586 2060 voce
1613 2019 1807 2075 magna
1849 2003 2070 2058 tradidit
2097 2001 2206 2074 spi-

613 2107 804 2163 ritum.
850 2105 914 2161 Et
958 2120 1086 2161 ecce
1128 2103 1307 2158 velum
1351 2100 1537 2173 templi
1581 2100 1815 2155 divisum
1849 2105 1970 2163 est,
2009 2108 2207 2150 monu-

615 2212 801 2257 menta
843 2208 1033 2272 aperta
1083 2207 1228 2254 sunt.
1285 2197 1472 2252 Terrae
1519 2204 1699 2250 motus
1726 2193 1870 2248 enim
1918 2190 2094 2246 factus
2125 2195 2209 2245 est

615 2307 875 2365 magnus,
904 2291 1030 2361 quia
1072 2299 1304 2344 mortem
1350 2287 1473 2343 Filii
1521 2286 1611 2340 Dei
1659 2283 1930 2340 clamabat
1970 2279 2204 2336 mundus

614 2399 678 2438 se
724 2383 996 2439 sustinere
1042 2396 1148 2437 non
1206 2395 1384 2450 posse.
1442 2379 1645 2448 Aperto
1693 2390 1825 2446 ergo
1865 2373 2055 2427 lancea
2099 2370 2207 2426 mi-

617 2474 728 2529 litis
758 2473 929 2528 latere
959 2471 1205 2527 crncifixi
1238 2469 1484 2532 Domini,
1515 2468 1683 2523 exivit
1721 2465 1944 2537 sanguis
1975 2475 2030 2519 et
2067 2478 2209 2534 aqua

617 2567 673 2621 in
698 2566 1083 2621 redemtionem
1109 2562 1299 2617 salutis
1324 2570 1540 2617 nostrae.
1569 2559 1613 2616 Ο
1635 2558 1954 2614 admirabile
1976 2557 2207 2627 pretium

618 2661 774 2732 Cujus
814 2660 1050 2734 pondere
1098 2658 1386 2728 captivitas
1437 2659 1675 2710 rctlemta
1718 2663 1801 2709 est
1841 2651 2058 2716 mutuli,
2093 2660 2206 2706 tar-

620 2763 769 2810 tarea
817 2752 1095 2810 confracta
1155 2759 1276 2805 sunt
1327 2749 1561 2804 claustra
1616 2745 1849 2808 inferni,
1889 2752 2075 2812 aperta
2128 2749 2212 2798 est

619 2849 778 2905 nobis
796 2848 961 2918 ianua
995 2847 1163 2914 regni.
1198 2845 1252 2914 ᾖ.
1281 2844 1425 2898 Crux
1459 2841 1630 2895 fidelis
1657 2841 1800 2894 inter
1823 2853 2015 2892 omnes
2047 2836 2213 2890 arbor

617 2956 728 2997 una
761 2941 978 2996 nobilis.
1019 2938 1172 2992 Nulla
1208 2937 1340 2991 silva
1381 2935 1541 2990 talem
1582 2932 1817 3002 profert,
1851 2930 2042 2984 fronde
2080 2927 2212 2983 ﬂore

621 3033 953 3106 germinans.
976 3029 1142 3086 Dulce
1165 3029 1391 3099 lignum,
1408 3025 1591 3081 dulces
1605 3023 1806 3089 clavos,
1824 3022 1978 3077 dulce
2000 3021 2212 3092 pondus

605 3125 871 3197 sustinet.
921 3124 1068 3180 Crux
1127 3121 1164 3175 f.
1228 3120 1406 3190 Pange
1455 3118 1634 3188 lingua
1691 3116 1907 3186 gloriosi
1968 3114 2210 3184 prrclium

2309 1952 2418 1999 tam
2457 1941 2590 1996 mihi
2622 1941 2824 1996 misero
2851 1949 2908 1995 et
2952 1938 3258 2010 peccatori,
3310 1951 3465 2008 qnam
3505 1933 3706 1989 omnibus
3731 1941 3788 1988 tuo

2307 2047 2503 2088 cruore
2523 2031 2799 2095 mercatis,
2825 2030 2919 2102 qui
2954 2029 3118 2086 hodie
3139 2037 3386 2084 sanctam
3409 2026 3672 2098 passionem
3691 2031 3788 2078 tum

2309 2125 2581 2196 supplices
2609 2134 2972 2188 venerantur,
3021 2123 3336 2194 lignumque
3374 2121 3492 2176 vitae
3533 2119 3791 2180 adorant,ttt
3878 2165 3879 2182 η

2309 2215 2604 2272 diabolicas
2629 2214 2890 2281 insidias,
2936 2224 2990 2270 te
3017 2213 3312 2284 adjuvante
3349 2211 3606 2266 vincamus
3635 2215 3794 2264 etsiet-
3878 2223 3879 2228 ‘

2309 2321 2392 2361 nae
2418 2306 2542 2362 vita:
2583 2307 2877 2378 participes
2924 2321 3047 2362 esse
3091 2319 3420 2360 mereamur.
3448 2301 3667 2370 Quicum
3689 2299 3793 2354 Patre

2309 2413 2468 2453 VIVIS.

2381 2493 2523 2547 Alia.
2573 2491 2798 2547 Domine
2831 2490 2959 2546 Jesu
3007 2489 3258 2551 Christe,
3317 2488 3408 2559 qui
3449 2500 3539 2542 nos
3578 2498 3658 2556 per
3677 2479 3795 2539 crocis

2311 2586 2617 2657 passionem
2666 2585 2922 2641 hodierna
2983 2585 3068 2640 die
3116 2601 3145 2638 a
3196 2584 3460 2640 diabolica
3507 2584 3716 2637 servitute
3752 2575 3794 2630 li-

2308 2676 2552 2741 berasti,
2604 2685 2662 2730 ut
2713 2691 2820 2745 quo
2874 2676 2962 2730 die
2994 2674 3271 2730 hominem
3327 2665 3796 2733 condidems,eodettt

2311 2778 2368 2823 et
2425 2767 2789 2823 reformares!
2833 2768 3038 2822 Exaudi
3097 2782 3182 2821 me
3241 2766 3494 2832 miserum
3537 2769 3585 2816 et
3624 2765 3797 2832 peccato-

2313 2874 2425 2914 rem
2478 2874 2658 2913 coram
2720 2860 2821 2912 hoc
2871 2856 3149 2928 signaculo
3203 2855 3384 2911 cruris
3443 2853 3648 2908 facinora
3687 2844 3798 2902 coal

2312 2957 2551 3016 tentem,
2598 2959 2653 3003 et
2699 2949 3114 3018 deprecantem,
3175 2955 3236 2999 ut
3279 2945 3439 3016 hujus
3471 2937 3734 2997 venerabilis
3763 2939 3798 2988 et

2309 3040 2495 3094 vitalis
2524 3040 2660 3110 signi
2717 3040 2943 3093 tuitione
2987 3037 3228 3092 munitus
3273 3045 3331 3091 et
3373 3034 3533 3090 hostis
3573 3021 3798 3100 nequissimi

2315 3132 2480 3204 ignita
2525 3133 2628 3186 tela
2680 3131 2973 3201 repellere,
3023 3138 3078 3184 et
3126 3129 3194 3183 ab
3243 3126 3462 3183 inﬂictis
3504 3114 3797 3178 cvacuarintl-

625 3217 964 3272 certaminis.
994 3213 1056 3269 Et
1075 3228 1236 3283 super
1254 3211 1432 3266 crucis
1457 3211 1753 3280 truphmnm
1773 3208 1858 3262 dic
1884 3207 2210 3276 trimnpbum
2245 3230 2291 3293 ρ
2325 3226 2546 3280 Hermus
2595 3233 2651 3279 et
2693 3225 2760 3278 ad
2812 3224 2978 3277 vitam
3027 3231 3291 3276 mmmam
3341 3219 3540 3274 valeam
3584 3207 3798 3287 perveni",

628 3306 884 3363 nobilem
920 3304 1166 3372 Qualiter
1206 3303 1480 3357 redemtor
1499 3301 1648 3355 orbis
1675 3299 1984 3354 immolatus
2004 3299 2215 3354 vicerit.

623 3399 790 3454 Crux.
834 3398 910 3454 De
943 3396 1184 3468 parentis
1207 3394 1523 3467 protoplasti
1553 3402 1660 3448 etc.
1691 3391 1954 3462 Hymnus.
1987 3388 2216 3445 Vexilla.

626 3489 756 3546 Ant.
786 3487 1017 3546 Crucem
1046 3497 1216 3543 tuam.
1251 3487 1372 3543 Ant.
1407 3485 1576 3540 Tuam
1605 3499 1845 3540 crucem.

800 3615 1098 3657 ORATIONES
1136 3616 1189 3656 IN
1225 3614 1528 3655 PARASCIYE
1569 3614 1634 3653 AD
1674 3611 2030 3654 SALUTANDAI

1215 3708 1425 3751 ceuceu
1463 3692 1632 3764 (219).

697 3801 930 3872 Domine
977 3810 1106 3868 Jesu
1147 3808 1366 3866 Christe
1411 3808 1556 3864 Deus
1594 3823 1756 3864 verus
1800 3806 1867 3862 de
1891 3806 2026 3875 ,Deo
2064 3818 2220 3873 vero,

623 3905 719 3979 qui
753 3917 854 3977 pro
897 3902 1235 3959 redemtione
1263 3899 1477 3972 generis
1505 3899 1730 3954 humani
1758 3898 2068 3968 serpentino
2097 3910 2222 3951 sua-

623 3999 780 4058 sione
818 3996 1068 4067 decepti,
1109 3993 1367 4050 mundum
1413 3991 1694 4048 erroribus
1739 3989 2071 4062 implicatum
2102 3988 2223 4044 illu-

595 4094 839 4152 ‘minare
869 4102 928 4150 et
978 4092 1161 4148 crucis
1204 4087 1511 4162 patibulum
1560 4086 1745 4142 subire
1777 4084 2031 4148 voluisti,
2058 4091 2118 4138 ut
2158 4081 2221 4136 li-

625 4201 794 4260 gnum
824 4185 974 4258 ligno
999 4183 1251 4240 vinceres
1269 4223 1284 4248 ,
1318 4190 1373 4235 et
1402 4180 1608 4250 peccati
1637 4177 2040 4232 haereditariam
2076 4189 2215 4229 mor-

624 4289 737 4337 tem
789 4287 969 4336 morte
1013 4274 1391 4347 potentissima
1422 4285 1731 4342 superares.
1775 4267 1980 4323 Exaudi
2007 4281 2094 4323 me
2122 4265 2223 4321 ml-

625 4386 811 4430 serutn
863 4379 921 4426 et
970 4367 1246 4438 indignum
1293 4372 1629 4435 prostratum
1679 4369 1810 4416 ante
1866 4359 2054 4417 oculos
2115 4368 2221 4415 tute

628 4461 1034 4536 benignissima:
1097 4456 1393 4529 Maiestatis
1448 4455 1766 4510 adorantem
1813 4460 1897 4519 te,
1952 4461 2004 4507 et
2048 4451 2221 4507 bene-

627 4556 900 4613 dicentem
948 4566 1147 4608 nomen
1191 4559 1338 4606 tuum
1365 4553 1612 4602 sanctum
1639 4553 1805 4616 atque
1835 4541 2111 4608 terribile,
2163 4548 2221 4597 et

626 4645 866 4705 concede
905 4643 1040 4700 mihi
1093 4650 1148 4698 te
1197 4654 1335 4713 puro
1382 4638 1548 4695 corde
1596 4651 1826 4707 sapere,
1864 4645 1919 4690 te
1964 4633 2219 4697 laudare,

629 4747 686 4794 te
713 4736 1042 4809 praedicare,
1091 4742 1148 4791 et
1200 4747 1298 4804 per
1319 4729 1577 4786 vexillum
1606 4727 1749 4784 istud
1778 4733 1985 4782 sanctae
2011 4722 2225 4789 crucis,

627 4841 792 4898 quam
818 4825 979 4882 hodie
1002 4825 1058 4881 in
1085 4832 1180 4880 tuo
1213 4821 1433 4879 nomine
1456 4819 1784 4876 adoraturus
1811 4815 2042 4882 adveni,
2074 4828 2228 4871 men-

628 4929 739 4979 tem
783 4933 964 4977 meam
1013 4931 1323 4990 corpusque
1373 4911 1692 4980 sanctiﬁca,
1742 4918 1898 4967 scuto
1941 4908 2068 4966 ﬁdei
2121 4915 2229 4964 tua:

702 5054 854 5128 (219)
892 5050 1163 5128 Creditur_
1185 5045 1310 5109 hrec'
1339 5047 1636 5107 salutiferae
1670 5045 1851 5128 crucis
1883 5043 2132 5128 adoratio
2168 5042 2224 5100 in

628 5116 920 5185 ecclesiam
948 5139 1055 5197 per
1081 5122 1269 5197 orbem
1297 5128 1594 5197 propagata
1635 5120 1705 5175 ab
1743 5116 2228 5197 Hiergsolymitona

632 5200 691 5255 in
729 5206 916 5255 monte
949 5185 1213 5267 'Golgotha
1249 5185 1514 5267 ecclesia;
1560 5191 1616 5246 in
1667 5205 1772 5262 qua
1807 5185 2228 5267 a__Constantino

631 5269 828 5342 Magno
869 5259 1142 5342 vera_,'in
1201 5279 1306 5342 qua
1361 5261 1615 5342 Christus
1651 5259 2104 5342 pependithrnx
2131 5272 2230 5342 ex-

632 5326 1032 5412 posita‘cultui'
1063 5352 1130 5394 ac
1171 5326 1396 5392 adorata
1433 5331 1543 5403 iam
1573 5348 1614 5412 _a
1651 5326 1879 5412 suppari
1928 5329 1988 5386 S.
2027 5326 2228 5412 Cyrillo

635 5399 869 5468 Hiersol.
901 5414 1389 5472 commemoratur,
1417 5399 1629 5460 catech.
1655 5399 1741 5459 tv.
1764 5399 1946 5468 'Quam
1963 5441 1979 5466 ,
2003 5399 2230 5472 ut‘scri-

635 5482 716 5539 bit
759 5481 822 5538 S.
871 5481 1132 5537 Paulinus
1176 5477 1320 5545 Nol.,
1368 5471 1529 5546 epist.
1572 5475 1635 5530 3i
1695 5474 1762 5529 ad
1783 5473 2090 5546 Severum,
2121 5471 2230 5546 epi-

635 5568 824 5625 scopus
863 5552 1009 5625 urbis
1052 5552 1127 5625 eis
1156 5540 1467 5625 quotannis,
1495 5563 1614 5625 cum
1645 5544 1842 5625 pasrha
1873 5541 2085 5597 Domini
2119 5540 2232 5625 egi-

639 5616 770 5689 tur',
823 5616 1179 5678 adorandam'
1208 5619 1399 5691 populo
1455 5616 1694 5690 princeps
1737 5616 1846 5684 ipse
1895 5621 2232 5691 venerantem

639 5681 853 5764 promit.
889 5693 1083 5764 Neque
1113 5681 1311 5764 praeter
1345 5681 1488 5764 hanc
1515 5681 1656 5745 diem
1676 5727 1692 5750 ,
1721 5681 1826 5758 qua
1856 5683 2035 5742 crucis
2054 5681 2232 5764 ipsius

641 5761 1348 5836 mysterium’celebratur,
1403 5762 1552 5836 ipsa,
1597 5774 1718 5836 qua:
1764 5761 2227 5836 sacramentorum

641 5826 807 5895 ca'usa
833 5842 918 5890 est
935 5874 950 5901 ,
979 5833 1133 5908 quasi
1161 5826 1438 5904 quoddam'
1475 5826 1830 5894 solemnitatis
1859 5826 2073 5897 insigne
2098 5838 2228 5894 pro-

2320 3316 2421 3386 Qui
2458 3333 2578 3396 cum
2633 3317 2795 3374 Patre
2846 3325 2902 3371 et
2961 3312 3168 3387 Spiritu
3213 3321 3407 3369 sancto
3453 3308 3577 3368 vivis
3600 3315 3644 3362 et
3674 3310 3800 3373 res!!!

2320 3409 2462 3466 Deus
2516 3423 2633 3480 per.

2777 3557 3100 3601 IINEDIt‘JﬂO
3137 3557 3285 3600 IGNIS
3323 3556 3443 3599 NOVI

2483 3657 2585 3729 (Ex
2615 3657 2736 3714 cod.
2770 3658 2848 3714 th.
2881 3657 3012 3713 bibl.
3048 3655 3207 3713 Vind.
3241 3674 3300 3713 n.
3335 3654 3467 3722 685,
3495 3666 3612 3710 saec.
3635 3647 3698 3721 ι.)

2391 3791 2621 3847 Domine
2673 3789 2818 3847 Deus
2866 3798 3052 3846 noster
3101 3787 3269 3845 Pater
3295 3786 3639 3858 omnipotens
3676 3769 3804 3835 exul

2321 3899 2421 3941 nos
2455 3883 2635 3938 lumen
2666 3881 3013 3947 indeflcicns,
3048 3890 3102 3936 tu
3153 3895 3215 3936 es
3246 3879 3472 3936 Domine
3498 3873 3705 3933 conditor
3727 3881 3805 3924 cl-

2321 3977 2474 4032 nium
2517 3975 2782 4030 luminum
2834 3973 3102 4046 benefdic
3148 3986 3340 4044 quaeso
3395 3971 3494 4026 hoc
3535 3968 3685 4022 lumen

2319 4083 2418 4141 per
2465 4075 2516 4122 te
2566 4065 2944 4121 sanctiticatur
2969 4043 3134 4133 atque
3165 4043 3558 4134 bene-l-dicitur.
3586 4055 3652 4111 Tu
3676 4043 3806 4106 illuni-

2322 4159 2462 4216 nasti
2512 4159 2737 4214 Domine
2777 4173 2994 4213 omnem
3026 4155 3310 4212 mundum.
3341 4153 3535 4209 Praesta
3566 4150 3808 4219 quam“.

2323 4263 2380 4310 ut
2409 4256 2530 4325 igne
2556 4252 2824 4308 claritatis
2855 4260 2959 4306 tua:
2985 4249 3384 4313 accendamur,
3414 4255 3466 4303 et
3494 4240 3808 4300 illuminemttr:

2321 4357 2378 4403 et
2424 4332 2565 4403 sicut
2608 4344 2926 4400 illuminasti
2982 4343 3163 4414 ignem
3217 4339 3425 4412 Moysi,
3477 4337 3545 4392 ita
3589 4326 3808 4388 illuminare

2323 4441 2547 4510 dignare
2577 4437 2741 4494 corda
2773 4445 2828 4493 et
2857 4450 3049 4491 sensus
3076 4440 3293 4488 nostros
3312 4471 3330 4498 ,
3363 4440 3422 4485 ut
3449 4428 3514 4484 ad
3546 4425 3686 4481 vitam
3709 4423 3811 4473 etet-

2326 4548 2451 4588 nam
2479 4531 2769 4603 pervenire
2799 4542 3126 4583 mereamur.
3156 4525 3286 4582 Per.

2249 4596 2300 4656 θ
2397 4594 2693 4681 Benedicat
2738 4636 2836 4677 vos
2873 4620 3018 4675 trina
3047 4617 3305 4689 majestas
3347 4613 3582 4671 Domine.
3612 4594 3810 4689 (290)“?

2326 4720 2542 4777 nedicat
2582 4717 2817 4789 Spiritus
2868 4686 3149 4778 sanctus,
3173 4711 3264 4781 qui
3321 4709 3375 4764 in
3425 4702 3593 4775 ερθείε
3629 4686 3810 4789 “il”?

2301 4774 2655 4871 Iordane
2707 4807 2872 4864 ﬂuvio
2923 4774 3423 4877 super'Cbristum
3457 4774 3719 4867 requievit.
3756 4774 3813 4835 111⁸

2331 4919 2432 4961 vos
2475 4901 2796 4965 benedicat,
2826 4898 2919 4971 qui
2963 4897 3033 4953 de
3076 4893 3216 4952 coelo
3257 4893 3508 4966 dignatus
3548 4890 3622 4940 est
3660 4877 3810 4933 δείσει’

2327 5035 2521 5094 fertur.
2538 5032 2733 5122 _Jonas
2768 5027 3300 5122 Qu‘rel‘ianensis’,ogt
3348 5023 3455 5122 volt.
3480 5014 3812 5122 ihl‘t'qgﬂmﬂs

2329 5088 2752 5171 adsensun}
2799 5103 2880 5158 tu.
2911 5102 3009 5168 At,
3056 5088 3273 5173 p._382_
3316 5112 3375 5152 n.
3417 5093 3482 5158 δ,
3515 5088 3756 5173 indicauit):

2787 5155 3081 5244 selutife'ré
3100 5155 3405 5225 ’Domim‘ca
3430 5155 3812 5244 ρὸεςὶοπὶξ

3019 5215 3336 5298 Pammenes
3362 5215 3624 5308 uerenda!!!
3647 5215 3814 5308 (reﬂ:

3397 5290 3404 5291 ί
3423 5290 3625 5379 adorari.

3182 5432 3374 5505 Paris.
3395 5432 3461 5504 in
3505 5438 3668 5499 eadem
3689 5432 3809 5498 ωυεὲσ

2334 5548 2461 5590 stec.
2503 5549 2559 5587 ιι
2606 5531 2846 5586 habitum
2884 5527 2971 5583 his
3001 5525 3180 5581 verbis
3211 5539 3226 5578 :
3258 5520 3357 5575 Die
3379 5520 3675 5590 sancte-qu?

2289 5644 2294 5646 -
2339 5572 2544 5658 003.5»:
2572 5603 2628 5657 in
2658 5603 2897 5656 universo
2921 5597 3118 5652 mundo
3161 5592 3450 5664 specialiter
3475 5572 3809 5664 celeft'ﬂﬂ‘:

2334 5641 2806 5730 "35535351?
2824 5641 3118 5724 u-
3148 5641 3386 5719 οἷάίηέιᾶ
3400 5641 3733 5714 sacerdotalem
3752 5641 3809 5688 ⁸⁸³

2335 5757 2581 5802 cunctum
2610 5741 2870 5814 populant
2888 5739 3242 5814 Christianum
3284 5733 3517 5789 adorare.

2408 5815 2558 5888 (220)
2596 5808 2730 5874 Cum
2761 5811 2902 5874 netis
2932 5808 3173 5870 musicis.
