3962 6326
831 215 1004 263 ΨΜ

191 310 338 374 1081

188 428 328 486 dere
354 423 412 483 in
453 427 692 486 terram,
731 423 790 475 et
835 416 902 475 de
945 429 1046 472 suo
1079 415 1342 487 sanguine
1384 427 1484 470 vos
1525 410 1776 468 redemit.
1804 412 1860 476 Α
1956 409 2157 467 Sancte
2186 412 2392 468 Albane
2426 411 2536 468 tuis
2563 422 2682 467 esto
2703 409 2892 467 favens
2919 407 3150 470 meritis.

190 515 493 576 Benedicat
540 510 800 569 Dominus
853 507 1215 565 sacerdotium
1261 513 1501 561 vestrum
1525 539 1545 570 ,
1596 511 1653 558 et
1705 501 1788 557 in-

188 607 423 665 troitum
470 614 730 660 vestrum.
770 598 1019 656 Alleluia.
1070 599 1194 652 Ant.
1240 593 1364 651 Vidi
1413 609 1608 666 aquam
1639 606 1790 663 egre-

190 699 436 758 dientem
484 695 554 752 de
601 692 800 763 templo
849 691 916 747 de
968 690 1139 746 latere
1186 688 1405 752 dextro,
1439 684 1673 740 alleluia.
1722 681 1792 739 Et

192 803 392 848 omnes
436 787 506 843 ad
539 800 677 856 quos
706 783 952 854 pervenit
996 795 1137 852 aqua
1167 781 1268 836 ista
1317 777 1453 834 salvi
1504 774 1631 832 facti
1663 780 1791 830 sunt

191 890 257 937 et
307 880 490 937 dicent
513 876 739 935 Alleluia
785 874 1019 930 alleluia.
1059 873 1183 929 Ant.
1218 871 1274 928 ln
1306 871 1394 926 die
1439 865 1792 924 resurrectio-

193 973 290 1032 nis
338 987 477 1029 mea
503 971 633 1026 dicit
688 968 949 1025 Dominus
979 965 1190 1022 alleluia
1237 961 1575 1034 congregabo
1600 966 1792 1032 gentes

193 1072 256 1122 et
302 1062 549 1136 colligam
603 1075 771 1132 regna
821 1069 876 1117 et
921 1057 1192 1114 effundam
1239 1070 1404 1126 super
1440 1066 1538 1108 vos
1589 1064 1788 1121 aquam

191 1154 476 1213 mundam.
523 1151 774 1210 Alleluia.
828 1149 953 1205 Ant.
983 1148 1147 1204 Maria
1193 1155 1248 1202 et
1291 1145 1500 1200 Martha
1543 1158 1666 1198 cum
1701 1155 1786 1196 ve-

195 1249 410 1307 nissent
457 1245 524 1302 ad
565 1251 974 1301 monumentum
1023 1240 1199 1311 angeli
1249 1237 1596 1310 splendentes
1628 1247 1790 1305 appa-

191 1350 424 1401 ruerunt
442 1335 900 1405 dicentes:Quem
929 1335 1172 1408 quaeritis
1199 1333 1465 1388 viventem
1492 1345 1616 1386 cum
1644 1344 1791 1383 mor-

193 1435 471 1500 tuis,non
496 1441 582 1489 est
609 1433 697 1488 hic
740 1430 918 1485 venite
958 1437 1014 1484 et
1042 1428 1218 1482 videte
1267 1425 1444 1480 locum
1475 1423 1567 1478 ubi
1591 1421 1786 1494 jacuit.

191 1528 318 1587 Cito
358 1536 551 1584 euntes
590 1525 754 1581 dicite
805 1520 1082 1594 discipulis
1121 1519 1272 1590 ejus,
1304 1528 1361 1574 et
1393 1516 1555 1572 Petro
1598 1534 1610 1569 :
1657 1512 1791 1570 Sur-

191 1619 341 1676 rexit
374 1618 652 1682 Christus,
699 1616 792 1687 qui
843 1614 1047 1670 creavit
1076 1611 1255 1668 omnia
1279 1651 1294 1678 ,
1323 1619 1379 1666 et
1408 1610 1660 1665 misertus
1705 1613 1790 1662 cst

191 1712 437 1770 humano
466 1709 672 1783 generi.
708 1707 866 1764 Allel.

588 1862 642 1903 IN
681 1861 768 1902 DIE
791 1855 1249 1901 RESURBECTIONIS
1285 1855 1396 1897 DNI.

268 1980 396 2037 Ant.
425 1978 560 2037 Cum
609 1993 704 2034 rex
753 1977 939 2050 gloriae
971 1975 1221 2032 Christus
1249 1973 1520 2030 infernum
1551 1970 1787 2028 debella-

190 2081 354 2130 turus
374 2071 621 2135 intraret,
654 2078 711 2125 et
735 2069 936 2124 chorus
965 2066 1241 2139 angelicus
1277 2073 1404 2118 ante
1448 2062 1641 2118 faciem
1667 2061 1786 2129 ejus

189 2174 387 2238 portas
414 2163 716 2236 principum
763 2160 872 2216 tolli
915 2160 1230 2229 praeciperet
1274 2165 1586 2211 sanctorum
1617 2168 1788 2224 popu-

189 2257 304 2325 lus,
330 2258 422 2329 qui
454 2255 740 2312 tenebatur
769 2255 822 2309 in
866 2263 1040 2308 morte
1065 2251 1330 2322 captivus,
1359 2263 1494 2304 voce
1534 2247 1787 2302 lacrima-

190 2351 291 2407 bili
318 2349 690 2406 clamaverat:
724 2343 990 2399 advenisti
1025 2339 1428 2404 Desiderabilis,
1475 2352 1636 2408 quem
1687 2351 1784 2392 ex-

188 2441 576 2514 spectabamus
637 2439 690 2491 in
744 2435 1020 2498 tenebris,
1050 2442 1108 2486 ut
1156 2432 1416 2487 educeres
1462 2430 1563 2483 hac
1625 2436 1784 2483 nocte

190 2531 502 2588 vinculatos
522 2530 591 2585 de
613 2528 887 2584 claustris.
927 2524 1003 2579 Te
1031 2533 1212 2578 nostra
1237 2521 1502 2576 vocabant
1529 2519 1786 2590 suspiria,

192 2632 254 2679 te
285 2621 433 2693 larga
463 2619 809 2688 requirebant
836 2616 1070 2670 lamenta
1098 2629 1220 2668 cum
1255 2611 1432 2666 factus
1456 2627 1515 2665 es
1537 2625 1659 2680 spes
1693 2611 1785 2664 de-

192 2715 435 2785 speratis
485 2728 674 2784 magna
713 2709 1010 2766 consolatio
1061 2707 1113 2761 in
1178 2705 1482 2761 tormentis.
1537 2702 1784 2758 Alleluia.

191 2810 328 2865 Ant.
361 2805 524 2862 Sedet
561 2805 796 2876 Angelus
823 2805 886 2856 ad
911 2800 1214 2872 sepulcrum
1247 2799 1456 2853 Domini
1506 2797 1640 2851 stola
1675 2797 1790 2850 cla-

192 2898 382 2955 ritatis
409 2907 714 2967 coopertus.
749 2895 1000 2950 Videntes
1028 2908 1151 2947 eum
1197 2890 1455 2946 mulieres
1480 2889 1645 2942 nimio
1674 2897 1786 2942 ter-

195 3005 329 3048 rore
348 2991 645 3061 perterritae
669 2989 958 3044 astiterunt
986 3001 1016 3040 a
1060 2985 1237 3054 longe.
1269 2983 1421 3038 Tunc
1469 2981 1676 3036 locutus
1707 2989 1789 3036 est

195 3080 422 3153 angelus
444 3090 498 3136 et
523 3081 656 3136 dixit
679 3080 770 3134 eis.
804 3079 860 3148 Ῡ.
888 3077 1216 3132 Crucifixnm
1271 3075 1324 3129 in
1348 3089 1509 3128 carne
1550 3073 1784 3138 laudate,

1061 299 1331 358 VERSUS
1365 297 1455 356 ET
1484 295 1877 356 ORATIONES
1901 294 1973 356 ΙΝ
2011 297 2705 362 C(ENA.DOMINI..ETC.

3318 295 3468 359 1081

3255 409 3460 474 Ardua.

1890 503 2096 570 Victor,
2129 505 2435 560 Alexander
2473 503 2683 560 meritis
2705 511 2920 574 utrique
2936 502 3081 558 beati

1959 595 2123 652 Nobis
2150 606 2299 651 orate
2318 597 2386 651 de
2405 596 2633 651 Domino
2657 595 2890 649 veniam.
3253 593 3462 658 Ardua.

1890 686 2179 760 Splendide
2208 687 2466 743 Silvester
2494 685 2755 757 Gregorie
2789 694 2975 742 sancte
2999 684 3274 758 magister.

1959 777 2069 834 Nos
2089 793 2304 849 quoque
2325 793 2448 834 cum
2485 777 2646 832 sociis
2671 776 2807 832 ferte
2827 776 3068 847 juvando
3096 774 3254 847 polis.
3325 775 3463 835 Ard.

1889 867 1935 926 0
1959 868 2187 922 Martine
2213 867 2329 933 Dei,
2353 865 2634 923 confessor
2658 882 2868 922 summe
2893 864 3148 921 sacerdos

1959 961 2184 1019 Gemma
2215 963 2559 1019 sacerdotum
2582 962 2840 1018 auxilium
2868 961 2950 1017 fer
2976 976 3161 1035 ymon.
3258 959 3464 1018 Ardua.

1891 1057 1936 1116 Ο
1956 1059 2244 1113 Benedicte
2277 1057 2440 1113 Pater
2463 1058 2851 1112 monachorum
2875 1054 3134 1125 Calleque
3155 1053 3326 1110 frater

1961 1149 2094 1207 Cum
2122 1151 2345 1222 reliquis
2379 1151 2585 1217 sanctis
2615 1164 2712 1204 nos
2743 1147 2984 1204 refovete
3003 1146 3161 1219 polis.
3260 1144 3463 1204 Ardua.

1890 1241 2126 1299 Maxime
2150 1241 2217 1297 de
2244 1241 2472 1296 Francis
2498 1240 2712 1311 superis
2743 1238 3030 1309 coniuncte
3057 1235 3294 1293 catervis

1964 1335 2163 1389 Sancte
2188 1333 2446 1390 0thmarc
2469 1342 2619 1387 tuum
2646 1331 2858 1386 laetifica
2880 1329 3160 1402 pupulum.
3257 1326 3466 1387 Ardua.

1891 1430 2078 1486 lnclite
2105 1430 2292 1502 Magne
2319 1439 2463 1484 tuam
2492 1428 2729 1485 clemens
2752 1443 2896 1482 nunc
2925 1426 3131 1496 inspice
3158 1424 3371 1498 plebem

1962 1519 2253 1576 Pontifices
2285 1519 2418 1575 fidos
2446 1535 2510 1574 ac
2541 1519 2779 1589 reliquos
2807 1516 3041 1586 famulos
3264 1515 3467 1575 Ardua.

1892 1611 2176 1683 Virgineus
2197 1610 2356 1666 flores
2390 1613 2568 1681 Agnes
2598 1611 2939 1680 Agathesque
2968 1609 3204 1664 ferentes

1961 1706 2178 1761 Auxilio
2217 1707 2410 1762 vestris
2443 1707 2621 1760 addite
2644 1722 2741 1761 nos
2774 1706 2955 1762 sociis.
3261 1703 3468 1762 Ardua.

1816 1771 1864 1833 Β
1893 1795 1990 1852 His
2019 1796 2348 1867 Waldbnrga
2376 1812 2560 1853 comes
2591 1807 2804 1852 nostras
2833 1797 2919 1866 pia
2961 1795 3174 1867 suscipe
3201 1809 3364 1851 voces

1959 1888 2068 1944 Nos
2096 1897 2150 1942 et
2171 1904 2293 1943 eum
2319 1887 2435 1942 Duo
2464 1899 2684 1960 protege
2706 1898 2892 1943 sancta
2919 1888 3062 1959 polo.
3263 1887 3470 1944 Ardua.

1883 1978 2149 2035 Innocuos
2181 1994 2377 2048 pueros
2399 1994 2715 2033 resonemus
2743 1978 2902 2033 laude
2933 1987 3185 2049 peractos

1955 2068 2057 2137 Qui
2084 2069 2242 2124 modo
2270 2084 2368 2122 nos
2391 2084 2589 2140 pueros
2611 2069 2742 2124 dant
2779 2083 3036 2124 resonare
3065 2067 3256 2125 melos.

1889 2161 2093 2218 Omnes
2115 2177 2149 2216 ο
2169 2161 2344 2215 sancti
2384 2171 2581 2216 nostra:
2607 2161 2909 2216 succurrite
2935 2162 3058 2217 vitae

1883 2252 2095 2323 Perque
2116 2268 2331 2308 crucem
2358 2263 2599 2308 sanctam
2624 2254 2772 2308 salva
2798 2269 2897 2310 nos
2923 2252 3041 2326 Xpe
3065 2255 3365 2310 redemtor.

3237 2346 3465 2406 Omnes.

1885 2436 1968 2492 Ira
1995 2436 2170 2506 deque
2194 2446 2279 2490 tua
2303 2436 2543 2492 clemens
2566 2452 2666 2491 nos
2693 2437 2842 2508 eripe
2863 2437 3098 2494 Christe.
3234 2437 3471 2495 Omnes.

1887 2527 1996 2583 Nos
2025 2538 2339 2598 peccatores
2364 2530 2485 2582 audi
2514 2540 2563 2583 te
2589 2528 2804 2584 Christe
2832 2545 3104 2601 rogamus.
3251 2528 3477 2587 Omnes.

1887 2619 1958 2676 Ut
1980 2637 2165 2691 pacem
2195 2621 2348 2674 nobis
2375 2623 2540 2675 dones
2574 2629 2624 2675 te
2646 2620 2863 2676 Christe
2899 2634 3172 2690 rogamus.
3249 2619 3475 2679 Omnes.

1886 2712 2101 2768 Crimen
2130 2723 2186 2765 ut
2205 2728 2364 2767 mune
2392 2713 2496 2767 tuis
2520 2713 2696 2767 solvas
2739 2723 2789 2768 te
2809 2712 2924 2785 Xpe
2951 2730 3225 2787 rogamus.
3317 2713 3472 2773 Oms.

1888 2805 2047 2858 Aura:
2072 2813 2129 2858 ut
2162 2805 2476 2872 temperiem
2501 2805 2668 2859 dones
2697 2814 2748 2858 te
2777 2804 2896 2875 Xpe
2928 2822 3204 2875 rogamus.
3245 2805 3474 2864 Omnes.

1893 2891 1959 2946 Ut
1989 2891 2170 2962 fruges
2194 2902 2351 2947 terrae
2378 2894 2546 2948 dones
2570 2905 2622 2948 te
2654 2893 2771 2964 Xpe
2797 2911 3068 2965 rogamus.
3251 2894 3475 2954 Omnes.

1890 2984 1961 3040 Ut
1987 2984 2238 3054 populum
2268 2995 2522 3040 cunctum
2547 2985 2724 3040 salves
2750 2995 2802 3039 te
2826 2985 2942 3058 Xpe
2970 3002 3248 3055 rogamus.
3325 2985 3478 3044 Olus.

1891 3073 2299 3142 Ecclesiamque
2323 3083 2469 3128 tuam
2492 3075 2674 3130 firmes
2713 3084 2766 3130 te
2804 3076 2922 3147 Xpe
2953 3092 3227 3146 rogamus.
3322 3077 3478 3134 Oms.

3331 2067 3470 2125 Ard.

201 3131 546 3242 etsepnltmn
581 3178 800 3241 propter
828 3183 924 3222 nos
949 3167 1272 3239 glorificate,
1305 3175 1786 3236 resurgentemque
1808 3131 1858 3194 θ
1891 3167 1989 3223 Fili
2021 3167 2336 3222 celsithroni
2361 3183 2461 3222 nos
2487 3170 2609 3223 audi
2641 3131 2869 3226 Christe.
2899 3131 3177 3242 rogaumus.
3253 3169 3478 3228 Omnes.

198 3281 234 3323 ι
259 3275 433 3323 morte
455 3265 695 3320 adorate.
723 3263 895 3318 Nolite
925 3271 1185 3325 metuere,
1217 3260 1334 3314 dico
1366 3258 1518 3312 vobis
1545 3259 1668 3327 quia
1699 3255 1786 3310 ille

201 3373 364 3433 quem
389 3357 627 3430 quzeritis
656 3365 926 3410 mortuum
950 3352 1064 3422 jam
1117 3353 1244 3406 vivit
1280 3360 1334 3405 et
1355 3352 1464 3404 vita
1505 3348 1785 3403 hominum

201 3467 328 3508 cum
363 3464 428 3507 eo
466 3449 721 3504 surrexit.
749 3446 999 3501 Alleluia.
1047 3445 1174 3498 Ant.
1203 3441 1453 3497 Christus
1495 3453 1786 3509 resurgens

200 3558 270 3600 ex
301 3541 526 3596 mortuis
555 3540 668 3609 jam
716 3553 823 3594 non
868 3537 1117 3603 moritur,
1161 3550 1311 3589 mors
1364 3531 1440 3588 illi
1489 3531 1632 3586 ultra
1676 3546 1785 3586 non

201 3633 611 3690 dominabitur:
642 3627 786 3702 quod
837 3628 980 3684 enim
1035 3627 1192 3693 vivit,
1216 3625 1351 3680 vivit
1394 3625 1523 3680 Deo.
1557 3622 1784 3678 Alleluia

169 3779 172 3782 .
198 3727 449 3786 Alleluia.

622 3875 876 3918 unum
913 3873 1148 3918 IETRICA
1197 3858 1370 3933 (22l).

198 3995 388 4059 Ardua
409 4010 532 4068 spes
560 3995 742 4052 mundi
771 3995 1034 4051 solidator
1066 4001 1121 4050 et
1147 3993 1319 4049 incliti
1342 3991 1468 4048 coeli

276 4090 489 4148 Christe
513 4089 707 4145 exaudi
741 4104 841 4144 nos
870 4087 1135 4159 prepitius
1169 4069 1446 4140 famulosa
1600 4083 1784 4140 Ardua

201 4181 373 4255 Virgo
402 4182 494 4238 Dei
518 4183 754 4254 genitrix
784 4181 1016 4236 rutilans
1043 4182 1095 4234 in
1119 4181 1325 4234 honore
1348 4178 1601 4250 perennis

277 4273 384 4330 Ora
421 4287 520 4343 pro
549 4271 765 4326 famulis
787 4280 976 4326 sancta
1011 4269 1179 4324 Maria
1223 4269 1347 4324 tuis.
1453 4267 1634 4324 Ardua
1665 4282 1788 4338 spes

199 4363 408 4436 Angele
436 4377 645 4419 summe
669 4359 1043 4416 DeiMichahel
1071 4359 1408 4414 miserescito
1438 4359 1610 4415 nostri
1744 4372 1747 4374 '

275 4452 844 4525 AdjuvetetGabribel
871 4461 1033 4522 atque
1064 4452 1183 4522 pius
1204 4451 1507 4519 Raphahel.
1581 4451 1784 4508 Ardua.

199 4549 400 4621 Aspice
414 4562 512 4604 nos
532 4562 721 4604 omnes
741 4547 978 4603 clemens
1007 4546 1248 4616 Baptista
1275 4545 1570 4602 Jobannes.

277 4639 548 4712 Petreque
569 4654 692 4696 cum
719 4637 890 4694 Paulo
906 4648 1003 4694 nos
1028 4654 1154 4710 rege
1177 4638 1507 4708 doctiloquo.
1580 4637 1782 4699 Ardua.

203 4733 395 4792 Coetus
418 4733 746 4806 apostolicus
770 4733 841 4788 sit
869 4731 1026 4788 nobis
1047 4731 1229 4787 fautor
1257 4740 1312 4788 et
1337 4732 1516 4788 omnis

277 4824 356 4882 Ac
380 4824 810 4900 patriarcharum
830 4825 1287 4897 propheticusque
1311 4824 1530 4880 chorus.
1577 4823 1785 4882 Ardua.

204 4914 439 4976 Poscere
471 4930 616 4972 nunc
644 4913 978 4988 Stephanum
1007 4917 1320 4972 studeamus
1349 4915 1591 4974 carmine
1635 4931 1790 4973 sum-

282 5099 355 5159 Ut
371 5115 497 5160 eum
522 5099 854 5174 martyribus
875 5115 976 5158 nos
990 5107 1143 5172 iuvet
1168 5101 1283 5175 ipse
1301 5101 1444 5174 pius.
1576 5008 1790 5166 Agidis:

206 5191 412 5267 lnclyte
434 5193 691 5250 Laurenti
720 5195 813 5266 qui
837 5193 1083 5251 flammas
1105 5196 1411 5267 exuperasti

285 5285 477 5343 Victor
500 5287 570 5342 ab
588 5286 803 5342 etherio
833 5300 934 5342 nos
948 5287 1211 5342 miserere
1239 5287 1427 5344 choro.
1572 5288 1782 5347 Ardua.

210 5374 354 5436 Care
375 5375 486 5435 Deo
506 5387 717 5450 martyr
741 5375 935 5450 patria:
961 5376 1129 5434 decus
1150 5375 1311 5448 hujus
1331 5377 1519 5434 herile.

282 5603 434 5678 (221)
488 5603 718 5662 Ιιίωηῑεε
783 5604 868 5662 hae
929 5604 990 5679 in
1035 5605 1227 5662 ordine
1262 5605 1420 5663 ollicii
1479 5606 1645 5663 divini
1695 5623 1793 5679 per

211 5692 438 5742 annum,
453 5692 624 5749 quem
639 5685 791 5749 parte
817 5678 975 5732 tertia
997 5679 1237 5742 edemus,
1265 5679 1608 5748 assignantur
1625 5678 1725 5737 fer.
1747 5693 1788 5736 tt

204 5749 412 5820 Rogat.
449 5749 728 5806 Habentur
756 5749 844 5805 hic
864 5764 986 5805 cum
1011 5749 1155 5805 notis
1187 5749 1427 5805 musicis.

1812 4497 1867 4560 D

1889 3263 2042 3335 Agne
2077 3262 2169 3318 Dei
2209 3262 2389 3317 Patris
2420 3264 2575 3317 nobis
2603 3265 2861 3319 miserere
2883 3263 3110 3335 pusillis.
3256 3261 3478 3320 Omnes.

1888 3358 2107 3414 Christe
2131 3357 2328 3414 exaudi
2352 3372 2453 3411 nos
2484 3371 2517 3411 ο
2550 3355 2714 3428 Kyrie
2750 3372 2911 3428 ymon
2937 3357 3180 3430 eleyson.
3255 3355 3478 3413 Omnes.

2305 3466 2578 3506 INCIPIUNT
2618 3465 2863 3505 LETANIE
2897 3449 3070 3521 (222).

2245 3541 2346 3614 (Ex
2395 3543 2516 3596 cod.
2578 3541 2702 3606 685,
2727 3541 2828 3596 sub
2872 3540 3116 3615 Ottone).

1887 3632 2088 3690 Humili
2120 3648 2284 3706 prece
2309 3642 2365 3688 et
2386 3634 2600 3688 sincera
2640 3633 2930 3689 devotione

1959 3725 2042 3781 Ad
2076 3735 2127 3782 te
2162 3725 2465 3782 clamantes
2487 3739 2704 3795 semper
2730 3723 2924 3778 exaudi
2957 3737 3075 3778 nos.
3257 3720 3479 3780 Humili.

1889 3815 2148 3873 Summus
2177 3825 2233 3872 et
2279 3817 2623 3887 omnipotens
2645 3816 2876 3884 genitor,
2916 3816 3008 3886 qui
3060 3823 3253 3872 cuncta
3281 3813 3480 3874 creasti

1959 3906 2218 3964 Eternus
2253 3905 2367 3976 Xps
2395 3905 2535 3962 filius
2561 3915 2725 3976 atque
2752 3905 2915 3961 Deus.

1887 3995 2107 4053 Necnon
2133 3995 2478 4053 sanetiticans
2506 3996 2814 4052 dominator
2834 3995 3069 4067 Spiritus
3087 3994 3264 4050 almus

1889 4090 2062 4147 Unica
2091 4089 2342 4157 Maiestas
2365 4091 2616 4160 trinaque
2639 4087 2750 4144 sola
2780 4088 2875 4144 Dei
3128 4086 3214 4143 Ad
3239 4093 3292 4143 te
3313 4083 3476 4144 clam.

1886 4181 2005 4253 Ipsa
2035 4181 2126 4236 Dei
2162 4182 2392 4252 genitrix
2426 4179 2732 4250 reparatrix
2764 4178 2948 4234 inclita
2978 4177 3162 4232 mundi

1965 4273 2094 4341 Quae
2122 4273 2256 4327 Dnm
2282 4281 2432 4328 casto
2458 4285 2688 4341 corpore
2711 4269 3026 4340 concipiens

1893 4367 2158 4438 Perpetua
2185 4381 2402 4438 semper
2425 4366 2646 4420 radians
2671 4379 2795 4419 eum
2817 4363 3133 4435 virginitate

1962 4460 2216 4530 lndignos
2240 4458 2469 4513 famulos
2496 4459 2659 4528 Virgo
2684 4455 2853 4510 Maria
2885 4463 3030 4511 tuos.

1891 4552 2139 4624 Angelici
2165 4567 2422 4623 proceres
2445 4550 2708 4605 caelorum
2744 4549 3023 4604 exercitus
3043 4545 3224 4602 omnis

1963 4644 2192 4700 IEterno
2217 4657 2429 4714 semper
2451 4641 2657 4696 lumine
2694 4639 3022 4710 conspicuus

1891 4738 2122 4811 Agmine
2148 4745 2236 4792 ter
2264 4736 2405 4790 trino
2427 4731 2636 4805 Supero
2663 4745 2762 4802 per
2783 4731 2963 4786 sidera
2989 4742 3160 4799 regno

1964 4828 2242 4885 Laudibus
2262 4836 2525 4882 :eternum
2555 4822 2939 4880 concelebrant
2965 4819 3275 4876 Dominum.
3299 4816 3384 4874 Ad
3407 4823 3483 4874 te.

1891 4922 2087 4980 Petrus
2113 4937 2234 4978 cum
2264 4919 2452 4984 Paulo,
2492 4917 2732 4974 Thomas
2759 4931 2885 4974 cum
2913 4913 3308 4970 Bartholomato

1966 5016 2032 5072 Et
2052 5012 2239 5072 Jacobi
2268 5010 2440 5067 sancti
2462 5025 2562 5066 nos
2587 5009 2824 5064 relevent
2851 5005 3124 5079 precibus,

1892 5109 2158 5171 Andreas,
2190 5103 2493 5168 Matthzeus,
2518 5100 2794 5156 Barnabas
2833 5109 2994 5169 atque
3013 5095 3270 5160 Joannes,

1966 5197 2214 5258 Matbias,
2248 5194 2441 5259 Lucas,
2477 5190 2692 5246 Marcus
2712 5199 2768 5244 et
2794 5187 3078 5243 altisonus.
3261 5177 3482 5238 Humili.

1893 5290 2082 5348 Coetus
2107 5286 2433 5358 apostolicus
2458 5285 2706 5340 duodeno
2730 5283 2906 5338 sidere
2932 5285 3200 5348 comptus.

1965 5378 2243 5451 Propitius
2265 5385 2490 5434 cunctos
2510 5385 2735 5447 protege
2760 5386 2860 5428 nos
2898 5369 3127 5426 famulos

3249 4449 3480 4510 Humili.

1972 5605 2123 5678 (222)
2153 5605 2381 5661 Litaniae
2414 5604 2495 5678 ha:
2543 5603 2597 5657 in
2627 5600 2816 5678 ordine
2844 5597 3005 5678 cilicii
3051 5594 3222 5678 divini
3260 5607 3360 5665 per
3385 5607 3486 5678 anf-

1898 5665 2022 5734 nuin
2070 5665 2414 5748 assignantur
2450 5675 2621 5748 fer._rt
2673 5672 3051 5748 liogationum.
3084 5665 3298 5748 Ubique
3341 5673 3484 5723 nota

1897 5749 2118 5806 musicae
2143 5737 2270 5802 stitit
2295 5745 2673 5815 superscripta:
2705 5737 2974 5798 iu'uostro
3000 5737 3205 5796 codice.
