3962 6326
626 278 775 424 ’ξοδδ
1522 351 1807 410 APPE‘ND.
1846 351 1938 407 AD
1978 351 2151 409 smn.

2208 352 2261 408 Κ.
2299 383 2368 394 —-
2401 350 2834 409 MONUMENTA
2871 349 3128 407 LITURG
3679 361 3772 422 ιω

630 460 700 525 Et
733 476 870 534 quos
897 462 1478 536 multiplicesJacerant
1498 485 1595 541 per
1632 470 1858 525 crimina
1891 483 2073 542 pestes
2241 473 2293 535 Α
2320 469 2656 542 Temperiem
2683 469 2805 526 coeli
2835 471 3097 534 tribuens,
3121 476 3180 523 ut
3203 469 3348 539 copia
3377 469 3564 544 frugum

648 555 930 635 ,Peccata
961 559 1244 616 absolvens
1278 561 1365 617 fac
1391 563 1530 617 bona
1562 570 1756 617 cuncta
1792 564 1962 633 sequi.
2025 563 2107 616 Ad
2139 570 2210 617 te.
2387 562 2648 618 Omnibus
2672 563 2910 618 exundet
2939 562 3104 617 ubere
3135 561 3356 618 laeticiae.
3652 570 3768 630 Αάιε.

628 645 784 704 Nunc
826 646 1164 720 Stephanus,
1227 651 1759 721 LinusHClemens.
1813 653 2104 710 Anacletus
2161 663 2216 710 et
2313 653 2468 726 Agne
2489 655 2586 709 Dei
2608 655 2800 720 Patris,
2827 655 2915 724 qui
2939 655 3123 710 mundi
3150 655 3374 710 crimina
3408 656 3534 714 tollis

644 767 674 817 ἰ
753 771 755 774 ‹
2017 750 2215 824 [almus
2384 748 2594 820 Optata:
2629 750 2774 820 pacis
2801 765 3023 805 munera
3057 751 3192 805 dona
3220 751 3343 806 tuis.

698 832 909 902 Xistus,
932 836 1259 907 Alexander,
1289 840 1704 914 Corneliusque,
1731 842 1884 910 Pius,
2314 841 2479 914 Kyrie
2507 852 2855 914 pantocrator
2879 856 3018 914 yson
3050 859 3111 898 so
3139 844 3280 899 disse
3308 851 3357 900 te
3387 854 3560 915 pantos

625 925 893 999 Ypolitus,
921 928 1095 999 Vitus,
1117 932 1447 992 Laurentius
1476 944 1637 1007 atque
1663 936 1936 992 Modestus
2387 931 2499 988 Sub
2523 933 2757 989 basileos
2776 950 2938 1006 ymon
2966 933 3082 1005 Xpe
3103 934 3314 1008 elcyson
3342 952 3502 1007 ymos.

697 1019 1104 1096 Gregoriusque
1127 1025 1246 1096 pius
1272 1042 1373 1082 nos
1399 1028 1704 1084 miserando
1726 1029 1938 1098 juveut.
1990 1028 2210 1086 Humili.
2754 1042 2884 1082 mm
2923 1041 3155 1081 uermes
3194 1042 3438 1083 LETANIA.

621 1110 893 1182 Iheodole
914 1118 1111 1190 summi
1145 1119 1303 1175 miles
1329 1117 1628 1177 fortissime
1654 1111 1882 1178 Christi.
2311 1115 2471 1172 Salve
2504 1125 2653 1172 vesta
2691 1117 2806 1173 dies
2840 1125 2950 1173 toto
2975 1117 3295 1174 venerabilis
3316 1134 3426 1174 aevo

692 1205 859 1265 Nobis
881 1225 1026 1267 nunc
1063 1209 1280 1270 famulis
1315 1214 1583 1270 auxiliare
1612 1217 1741 1271 tuis.
2380 1208 2496 1278 Qua
2521 1211 2665 1266 Deus
2689 1210 2959 1266 infernum
2990 1211 3120 1266 vicit
3147 1219 3203 1266 et
3232 1222 3374 1267 astra
3404 1221 3538 1268 tenet

618 1295 817 1366 Nil-sic
852 1302 1198 1374 perspicuum
1223 1306 1424 1375 poterit
1450 1320 1552 1362 vox
1580 1307 1725 1363 clara
1764 1307 1989 1364 referre.
2309 1300 2450 1357 Ecce
2470 1287 2805 1358 rénascenlis
2836 1311 3068 1359 lcstatur
3093 1304 3265 1375 gratia
3294 1305 3473 1361 mundi

690 1389 762 1449 Ut
795 1393 949 1451 decet
975 1395 1029 1451 in
1057 1397 1147 1453 tali
1179 1413 1322 1454 nunc
1345 1398 1524 1455 Patris
1557 1401 1837 1471 obsequio.
2022 1402 2104 1457 Ad
2132 1409 2204 1459 te.
2379 1391 2634 1448 omnium
2660 1392 2996 1466 (Hominum)
3038 1395 3266 1451 θοηιίηο
3295 1395 3431 1452 dona
3456 1398 3632 1456 Γθάίδεθ
3651 1415 3733 1459 SW-

616 1480 718 1554 Hic
739 1483 837 1540 tibi
865 1489 1139 1558 perpetuis
1167 1499 1425 1546 resonant
1451 1493 1803 1548 concentibus
1823 1495 1971 1550 mdes
2308 1481 2552 1554 Namque
2581 1485 2931 1556 triumphanti
2962 1496 3084 1559 post
3108 1487 3279 1543 tristia
3306 1498 3499 1544 tartara
3517 1489 3692 1549 Christo

687 1577 914 1638 Ossibus
935 1589 992 1638 et
1018 1583 1189 1639 sacris
1210 1597 1424 1655 semper
1457 1586 1688 1641 [labetur
1712 1587 1883 1643 honos
2381 1574 2629 1647 Undique
2653 1578 2842 1634 fronde
2866 1594 3057 1635 nemus
3086 1580 3331 1651 gramine
3355 1580 3480 1637 ﬂore
3500 1581 3653 1638 favent

613 1667 750 1742 Cum
778 1670 886 1727 laeti
915 1671 1104 1728 famuli
1127 1673 1404 1730 celebrem
1430 1676 1519 1731 hic
1545 1676 1684 1732 festa
1715 1677 1950 1749 benigne
2305 1662 2539 1738 Legibus
2574 1668 2771 1724 inferni
2796 1672 3070 1740 oppressis
3098 1687 3261 1743 super
3288 1683 3430 1728 astra
3451 1686 3677 1730 meantem

685 1764 961 1824 Laudibus
985 1767 1252 1824 instantes
1273 1777 1431 1826 nocte
1453 1769 1649 1841 dieque
1673 1771 1801 1825 tuis.
1976 1769 2198 1828 Humili.

2018 1771 2198 1828 υιηίιί,
2375 1757 2624 1814 Laudant
2645 1761 2747 1814 rite
2773 1761 2942 1816 Deum
2972 1762 3063 1816 lux
3083 1763 3237 1833 polus
3259 1779 3386 1818 arva
3408 1763 3582 1818 fretum

612 1855 796 1930 Dirige
823 1859 990 1916 corda
1014 1860 1135 1932 pius
1165 1869 1221 1916 et
1259 1871 1500 1933 tempora
1534 1862 1708 1934 dirige
1733 1871 1916 1919 nostra
2228 1851 2278 1914 Β
2308 1849 2412 1918 Qui
2435 1851 2726 1908 CI‘UCiﬁXUS
2749 1861 2867 1909 erat
2895 1855 3034 1909 Deus
3070 1870 3197 1912 ecce
3222 1871 3322 1926 ρετ
3341 1856 3513 1912 omnia
3539 1863 3692 1925 τεεηει

685 1949 862 2021 Atque
886 1950 1002 2007 dies
1033 1951 1182 2008 laxos
1206 1951 1406 2008 ducere
1428 1953 1494 2008 da
1533 1952 1765 2010 famulos
2375 1943 2625 2015 Dantque
2644 1947 2880 2001 creatori
2905 1957 3102 2003 cuncta
3131 1956 3321 2004 creata
3352 1963 3553 2018 precem

613 2037 686 2106 υι
705 2057 922 2114 semper
944 2043 1160 2101 valeam
1187 2045 1400 2101 tibimet
1421 2053 1642 2102 camare
1674 2048 1843 2117 quieti
2304 2033 2569 2093 Nobilitas
2600 2040 2728 2093 anni
2757 2054 3003 2094 mensum
3035 2041 3219 2107 decus,
3249 2056 3400 2096 arma
3427 2041 3612 2098 dierum

684 2130 762 2189 Te
793 2148 1011 2204 quoque
1039 2135 1247 2191 cmlesti
1276 2151 1502 2192 cernere
1531 2136 1651 2192 luce
1679 2138 1809 2208 poli.
2007 2139 2091 2195 Ad
2123 2146 2176 2197 te
2375 2128 2642 2185 Horarum
2669 2131 2923 2203 splendor
2949 2133 3198 2205 scrupula
3224 2144 3423 2204 puncta
3450 2134 3614 2190 fovens

611 2219 657 2279 0
679 2220 874 2279 dilecte
901 2223 1014 2279 Deo
1034 2224 1256 2280 radians
1279 2225 1483 2281 virtute
1519 2241 1749 2282 corusca
2303 2218 2519 2276 Christe
2547 2221 2694 2277 salus
2726 2238 2907 2278 rerum
2957 2224 3094 2281 bone
3124 2225 3377 2282 conditor
3403 2235 3553 2298 atque
3590 2224 3782 2283 redemtot

621 2371 626 2382 ,
681 2309 883 2370 Sancte
907 2312 1138 2381 Albane,
1170 2322 1326 2386 pater
1345 2316 1472 2386 juge
1494 2331 1686 2387 preces
1713 2316 1920 2388 pariter
2378 2315 2546 2371 Unica
2571 2319 2856 2389 progenies
2885 2334 2954 2374 ex
2980 2319 3188 2375 Deitate
3214 2319 3413 2376 Patris.

606 2401 885 2464 Itttercede
907 2406 1030 2478 pius
1051 2407 1263 2463 veniam
1291 2408 1564 2479 poscendo
1595 2409 1823 2465 misellis
2298 2405 2531 2464 Funeris
2552 2410 2810 2480 exequias
2833 2412 3036 2482 pateris
3062 2413 3185 2468 vitae
3211 2423 3406 2468 auctor
3425 2421 3479 2468 et
3496 2412 3621 2469 orbis

606 2557 615 2566 ,
677 2494 931 2571 Aureque
959 2497 1076 2571 jam
1108 2499 1304 2557 blanda
1318 2502 1560 2557 carmina
1589 2501 1918 2572 percipiens.
1970 2501 2184 2567 Humili,
2367 2497 2584 2554 lntraus
2611 2501 2803 2556 mortis
2835 2503 2939 2557 iter
2974 2501 3155 2558 dando
3184 2503 3375 2559 salutis
3399 2519 3545 2575 opem

603 2591 653 2662 Ω
685 2608 783 2652 vos
810 2594 1068 2666 mysterio
1091 2595 1334 2651 decorati
1363 2595 1417 2651 in
1441 2596 1660 2652 nomine
1683 2595 1888 2651 Christi
2297 2587 2597 2646 Pollicitam
2625 2593 2720 2648 sed
2750 2594 2911 2650 redde
2939 2593 3100 2649 fidem
3124 2610 3324 2665 precor
3343 2595 3475 2650 alma
3504 2601 3696 2668 potestas

607 2743 614 2750 ,
676 2685 965 2757 Conspicui
998 2694 1163 2744 testes
1189 2688 1446 2758 purpurei
1467 2702 1723 2759 proceres
2368 2681 2668 2738 Tertia.qu
2698 2685 2861 2741 rediit
2885 2702 3045 2757 surge
3069 2689 3282 2757 sepulte
3312 2703 3478 2743 meus.

603 2777 686 2844 Ει
709 2779 852 2838 bello
880 2781 1066 2838 invicti
1095 2782 1395 2853 superastis
1415 2782 1676 2839 dmonis
1708 2783 1818 2839 iras
2204 2774 2205 2777 “
2295 2771 2458 2829 Solve
2483 2783 2764 2832 catenatas
2786 2775 2982 2833 inferni
3008 2780 3248 2835 carceris
3276 2781 3490 2836 umbras

597 2923 607 2934 ,
675 2869 992 2945 Conspirata
1020 2890 1215 2930 manus
1235 2875 1455 2932 vincere
1493 2883 1668 2930 morte
1690 2875 1891 2932 minas.
2002 2874 2086 2932 Ad
2116 2885 2189 2932 te.
2364 2866 2432 2920 Εῐ
2453 2882 2646 2924 revoca
2683 2884 2897 2924 sursum
2926 2871 3188 2942 quidquid
3210 2874 3281 2926 ad
3308 2874 3412 2928 ima
3443 2873 3561 2928 ruit.

595 2961 885 3034 Silvester,
917 2966 1201 3033 Damasus,
1223 2966 1542 3039 Gregorius,
1576 2969 2003 3039 Ambrosiusque
2294 2956 2480 3014 Redde
2515 2968 2662 3014 tuam
2697 2962 2891 3018 faciem
2920 2964 3137 3019 videant
3164 2963 3218 3018 in
3245 2965 3440 3021 srecula
3465 2965 3623 3020 lumen

675 3055 934 3124 Hilarius,
954 3058 1126 3126 Zeno,
1151 3059 1418 3115 Maximus
1447 3069 1612 3130 atque
1633 3060 1744 3115 Leo
2365 3051 2551 3108 Redde
2579 3053 2721 3108 diem
2745 3055 2836 3125 qui
2867 3071 2973 3111 non
3010 3065 3063 3113 te
3093 3057 3366 3114 moriente
3400 3057 3496 3112 fuit

596 3146 888 3218 Martinus,
919 3150 1204 3216 Proculus,
1230 3151 1498 3208 Cresarius
1518 3153 1894 3225 Eusebiusque
2291 3144 2470 3216 Eripis
2497 3146 2549 3202 in
2581 3163 2866 3204 numerum
2893 3151 3148 3220 pepulum
3179 3152 3250 3207 de
3276 3167 3492 3208 carcere
3514 3149 3670 3207 mortis

593 3293 596 3296 .
671 3240 840 3299 Orent
859 3257 960 3314 pro
984 3246 1186 3300 nostris
1219 3245 1542 3301 criminibus
1562 3247 1746 3303 variis.
1963 3247 2157 3306 Humili

1963 3247 2189 3306 Humili,
2218 3229 2264 3292 C
2365 3238 2434 3293 Et
2455 3239 2700 3308 sequitur
2721 3240 2858 3295 liber
2882 3257 2990 3312 quo
3021 3257 3152 3298 suus
3172 3253 3370 3300 auctor
3395 3243 3519 3300 adit.

595 3332 747 3393 .0rdo
769 3345 1018 3393 Sacratus
1049 3336 1434 3393 Confessorum
1460 3340 1880 3410 praecipuorum.
2297 3329 2435 3386 llinc
2460 3333 2725 3387 tumulum
2756 3344 3005 3404 repetens
3034 3344 3159 3407 post
3185 3345 3417 3405 tartara,
3450 3349 3596 3392 carne
3619 3339 3784 3391 resumtt

672 3427 888 3486 Auxilio
919 3438 1064 3486 tutos
1095 3431 1329 3500 undique
1351 3431 1518 3488 redde
1548 3440 1670 3487 tuos
2133 3491 2135 3494 q
2362 3423 2593 3497 Belliger
2614 3425 2682 3482 ad
2709 3427 2877 3483 caelos
2906 3429 3086 3500 ampla
3114 3431 3359 3501 trophzea
3384 3429 3567 3487 refers.

597 3520 776 3592 Atque
806 3529 897 3576 tua
921 3532 1134 3580 nosmet
1158 3537 1321 3593 prece
1358 3522 1679 3578 dimittendo
1705 3533 1918 3580 reatum
2952 3537 3229 3578 Litanam.

670 3613 778 3671 Nos
801 3614 1017 3688 fragiles
1044 3617 1273 3672 multum
1309 3617 1554 3672 cladibus
1576 3619 1902 3688 omnigenis.
1998 3619 2082 3676 Ad
2113 3628 2187 3678 te.
2290 3612 2408 3668 Rex
2432 3611 2681 3668 531mm?
2695 3613 2858 3679 alme,
2875 3615 3090 3685 ευδοίρθ
3113 3625 3431 3671 ηοδῑτπυιῐι
3456 3609 3717 3671 munuscula
3731 3622 3784 3680 Ρτο

585 3705 797 3766 Paulus
819 3717 875 3766 et
907 3709 1190 3772 Antonius,
1220 3708 1526 3766 Macharius
1550 3709 1922 3782 Arseniusque
2291 3704 2579 3776 Indulgere
2606 3707 2764 3760 nobis
2797 3708 2937 3761 assis
2968 3709 3074 3762 tuis
3103 3709 3283 3765 servis
3306 3708 3506 3765 scelere
3530 3704 3718 3780 gravatis

666 3802 980 3869 Bahomius,
1009 3804 1172 3870 Beda,
1196 3803 1374 3870 Atala,
1413 3803 1698 3860 Pafnntius
2290 3794 2334 3852 0
2364 3804 2551 3851 sancta
2575 3795 2745 3851 Maria
2773 3805 2950 3852 mater
2978 3807 3140 3869 atque
3163 3799 3323 3871 virgo
3362 3799 3569 3856 Postula
3589 3810 3667 3868 pro
3685 3791 3787 3849 nobis

595 3893 889 3963 Bertoltus,
911 3895 1247 3961 Libertiuus,
1275 3896 1508 3952 Basilius
1545 3905 1710 3966 atque
2287 3891 2627 3964 Archangele
2656 3908 2866 3948 summe
2893 3893 3162 3950 Michahel
3190 3894 3372 3951 virtus
3416 3894 3508 3950 Dei
3531 3890 3706 3948 Postula
3723 3900 3787 3956 pro

670 3987 978 4045 leronimus
1007 3989 1197 4044 doctor
1221 4003 1322 4044 nos
1348 3988 1611 4044 miserere
1636 4001 1848 4057 precor.
1960 3986 2182 4046 Humili.
3613 3978 3746 4055 [nobis

577 4081 819 4139 oSumme
840 4084 936 4140 Dei
967 4084 1142 4140 cultor
1170 4086 1561 4139 monachorum
1593 4095 1777 4138 rector
1799 4093 1856 4138 et
1881 4083 2020 4140 abba

2285 4073 2564 4142 Condigne
2592 4071 2849 4129 Gabrihel
2893 4072 3154 4130 fortitudo
3195 4073 3295 4130 Dei
3324 4073 3537 4130 Postula
3575 4085 3656 4144 pro
3683 4063 3786 4122 nobis

663 4175 708 4230 0
736 4175 1025 4231 Benedicte
1059 4190 1215 4231 sacer
1241 4185 1402 4245 atque
1427 4176 1657 4246 benigne
1688 4185 1864 4244 pater,
2285 4168 2330 4225 0
2356 4182 2579 4222 consors
2608 4166 2888 4237 Haphahel
2914 4167 3181 4223 medicina
3236 4167 3334 4224 Dei
3363 4164 3568 4223 Postula
3599 4178 3646 4237 p.
3682 4157 3788 4216 nobis

592 4264 742 4324 Istud
765 4267 1072 4322 coenobium
1103 4277 1416 4338 ccetumque
1457 4268 1552 4321 tibi
1587 4265 1942 4322 famulantum
2283 4259 2330 4316 0
2357 4259 2574 4314 almitas
2603 4267 2797 4314 sancta
2841 4258 3283 4328 patriarcharum
3329 4257 3541 4315 Postula
3581 4269 3662 4328 pro
3683 4249 3788 4306 nobis

663 4359 967 4429 Nostraque
984 4357 1338 4412 ’sanctiﬁcans
1371 4369 1567 4414 cuncta
1595 4367 1747 4414 tuere
1776 4359 1955 4415 simul.
1995 4359 2078 4416 Ad
2105 4369 2177 4418 te.
2283 4351 2328 4409 0
2357 4370 2476 4410 SOI‘S
2503 4353 2723 4424 impleta
2752 4352 2863 4408 D60
2896 4353 3112 4408 Vil‘lulis
3133 4353 3469 4425 prophetica
3493 4346 3677 4406 Postilla
3694 4358 3733 4415 Ρ·
3753 4357 3786 4394 η·

564 4445 870 4513 -Fe|icitas,
901 4447 1071 4515 Felix,
1097 4447 1305 4502 Eulalia
1333 4448 1516 4518 digna,
1549 4447 1760 4504 \‘et‘eua
2285 4443 2329 4501 0
2356 4444 2732 4518 principalitas
2769 4444 3136 4515 apostolorum
3163 4443 3387 4500 Postula
3417 4459 3510 4516 pro
3545 4439 3676 4497 nobis

661 4541 1074 4613 Petronellaque
1103 4557 1227 4597 cum
1254 4551 1474 4612 perpete
1500 4540 1787 4612 Perpetua.
2207 4599 2254 4613 _
2282 4539 2329 4596 0
2355 4547 2622 4594 martvres
2651 4539 2827 4594 sancti
2864 4538 3078 4594 veniam
3132 4538 3435 4610 precamini
3490 4551 3581 4609 pro
3618 4524 3787 4605 peccatis

588 4632 768 4705 Agnes
799 4643 961 4704 atque
981 4599 1526 4704 dgathes,.Crilstitta,
1552 4599 1840 4703 Euprepia,
1871 4630 2072 4688 Thecla
2207 4599 2259 4660 Β
3132 4599 3150 4610 ’
3491 4599 3508 4609 ’
3570 4599 3744 4698 [nostris

665 4728 934 4792 Eufemia,
975 4727 1468 4798 Regula,Eugenia
1490 4735 1655 4796 atque
1685 4727 1847 4781 bona.
1952 4726 2177 4784 Humili.
2281 4725 2638 4784 Confessores
2683 4725 2857 4782 sancti
2913 4725 3171 4796 precibus
3235 4723 3470 4780 assiduis
3516 4718 3689 4794 poscite
3723 4721 3786 4780 [πο

554 4847 566 4859 -
586 4816 915 4890 Virginitate
942 4819 1143 4874 chorus
1165 4818 1516 4888 resplendens
1541 4817 1965 4875 Candidularum
3605 4805 3741 4883 [nobis

659 4910 838 4966 Turba
861 4910 1160 4982 puellarum
1189 4911 1501 4982 integritate
1525 4927 1747 4966 manens
2282 4912 2327 4969 0
2373 4922 2685 4970 sanctarum
2728 4912 2882 4968 chori
2932 4911 3202 4983 virginum
3253 4924 3470 4966 coruscr
3513 4901 3688 4978 posci!8
3721 4905 3785 4964 Pi"

586 5004 718 5073 Quae
747 5005 981 5076 geminis
1013 5005 1252 5075 gaudens
1273 5005 1520 5074 pulcrum
1547 5003 1804 5060 decorata
1835 5006 2054 5061 coronis
3601 4988 3739 5065 [nubis

657 5097 841 5154 Laude
869 5097 1523 5170 pudicititcmysteriique
1548 5097 1726 5153 simul.
1990 5099 2074 5156 Ad
2101 5110 2174 5157 te.
2279 5100 2547 5176 Faventes
2607 5106 2920 5155 sanctarum
2989 5096 3274 5151 viduarum
3354 5105 3536 5164 preces
3584 5080 3784 5176 nobis!!!“

584 5188 790 5246 Omnes
816 5207 960 5246 nunc
976 5190 1162 5246 Sancti
1188 5191 1385 5246 nostris
1406 5193 1708 5247 succurrite
1739 5192 1907 5263 lapsis
2441 5173 2444 5176 0
3392 5183 3547 5258 [ηυηο
3574 5173 3739 5249 Ρτοδίηί

655 5280 959 5337 Etveniam
979 5283 1190 5338 cunctis
1239 5282 1374 5338 ferte
1395 5283 1633 5355 juvando
1662 5285 1798 5355 polis
2281 5285 2527 5342 lnsontcs
2575 5281 2781 5343 Ducroli
2840 5289 3141 5354 martyrum
3197 5277 3446 5333 ﬂoretum
3503 5266 3680 5355 poscite
3701 5267 3780 5355 tW

583 5369 702 5450 Jam
732 5374 927 5429 vestris
949 5375 1202 5444 precibus
1241 5351 1424 5444 petitis
1459 5351 1791 5448 uttzecuuque
1816 5386 2068 5448 rogantes
2988 5351 2998 5354 ἡ
3595 5351 3736 5450 [ηοὶιῖξ

655 5463 862 5519 Annuit
889 5464 1004 5534 ipse
1036 5466 1157 5536 pius
1185 5467 1364 5536 nilquc
1395 5479 1556 5537 negat
1586 5468 1867 5523 Dominus.
1946 5467 2168 5524 Humili.
2285 5468 2331 5527 0
2354 5469 2526 5525 sancti
2552 5481 2744 5523 omnes
2769 5467 2998 5522 virtutes
3021 5465 3314 5519 innumera:
3349 5457 3546 5534 poscite
3571 5464 3651 5521 pro
3672 5439 3779 5538 ΜΨ

581 5551 779 5630 Pacem
803 5531 1121 5627 perpetuam
1149 5531 1446 5630 rogitamus
1468 5531 1719 5629 prospice
1757 5560 1974 5616 Christe
2282 5561 2518 5632 Maligno
2566 5559 2632 5614 ab
2669 5559 2825 5616 hoste
2869 5565 2927 5614 ut
2969 5557 3110 5613 Deus
3153 5531 3406 5612 defendat
3447 5563 3537 5605 nos
3566 5543 3640 5632 hic
3671 5543 3712 5589 ει
3742 5531 3776 5583 ί¹¹

555 5695 562 5698 .
761 5665 909 5710 sanae
938 5651 1064 5710 vitae
1093 5654 1285 5727 gaudia
1314 5653 1473 5724 longa
1503 5654 1592 5710 diu
2424 5631 2434 5632 ί
3578 5631 3731 5707 [mm
