3962 5386
121 291 250 390 uss
281 295 293 316 ⁸
396 358 402 362 -

979 297 1254 382 VERSUS
1295 326 1382 382 ET
1412 297 1805 385 ORATIONES
1847 327 1912 383 IN
1959 327 2172 385 COENA
2216 309 2477 395 DOMINl,
2517 326 2667 384 ETC.

3257 313 3399 386 ιὸεϐ
3413 317 3424 356 τ’

119 451 158 505 Α
206 449 366 518 gente
421 457 634 516 pagana
684 449 744 496 ut
795 443 936 496 Deus
984 441 1237 496 defendat
1283 457 1382 497 nos
1426 443 1512 498 liie
1559 451 1614 496 et
1661 441 1712 496 iu
1743 448 1790 506 Α
1821 443 1895 497 Ex
1927 451 2036 498 toto
2062 444 2223 500 corde
2246 452 2301 497 et
2328 458 2397 497 ex
2423 451 2534 498 tota
2562 449 2744 498 mente
2769 455 2993 498 oramus
3018 449 3070 498 te
3098 441 3236 500 Dne.
3317 479 3324 488 ι

1441 533 1540 606 [ων
1551 550 1638 588 um

117 631 191 688 Ab
215 629 360 685 omni
414 626 664 700 periculo
704 635 761 682 ut
805 625 948 682 Deus
999 626 1254 681 defendat
1295 642 1393 681 nos
1425 627 1512 682 hic
1551 635 1607 682 et
1657 626 1713 684 in

261 731 268 739 ‘
425 733 430 736 '
1447 719 1641 792 [:evum

119 816 192 874 Ab
228 813 379 870 omni
427 821 646 868 terrore
683 819 743 866 ιιι
792 812 932 867 Deus
982 810 1237 867 defendat
1283 827 1380 868 nos
1429 813 1517 868 hic
1563 821 1619 868 et
1657 811 1712 868 in

1444 902 1641 975 [aevum

119 997 192 1055 Ab
219 994 370 1052 omni
405 993 683 1066 periculo
723 1002 785 1049 ut
829 992 970 1049 Deus
1015 992 1268 1050 defendat
1315 1008 1412 1049 nos
1453 994 1542 1050 hic
1566 1003 1620 1050 et
1655 993 1712 1049 in

1445 1089 1641 1163 [:evum

122 1179 185 1242 Ut
209 1198 353 1240 aurre
384 1182 715 1253 temperiem
751 1183 951 1238 bonam
992 1198 1055 1239 ae
1092 1181 1408 1253 frugiferam
1435 1183 1525 1238 det
1556 1180 1713 1238 nobis

147 1259 152 1272 Ι
1365 1272 1642 1346 [Salvator

124 1369 188 1428 Ut
212 1367 665 1424 commoditatem
697 1368 862 1433 aeris,
887 1368 1030 1424 roris
1063 1368 1154 1423 det
1179 1366 1338 1423 nobis
1364 1366 1613 1423 Salvator

126 1461 188 1520 Ut
212 1463 442 1518 imbrem
496 1461 751 1528 fetosum,
800 1463 941 1517 bona
985 1460 1379 1533 germinantem
1411 1461 1500 1515 det
1557 1460 1714 1516 nobis

1371 1549 1644 1624 [Salvator

127 1635 190 1703 Ut
215 1643 573 1717 tranquillam
605 1645 773 1700 vitam
797 1658 985 1717 pacem
1019 1651 1071 1698 et
1094 1657 1384 1714 perennem
1428 1644 1518 1699 det
1555 1643 1713 1700 nobis

1366 1735 1642 1810 [Salvator

129 1823 192 1886 Ut
231 1827 630 1900 indulgentiam
695 1827 982 1884 criminum
1032 1835 1341 1884 nostrorum
1407 1830 1496 1884 det
1554 1823 1789 1886 nobisB

1367 1920 1642 1995 [Salvator

133 2001 196 2074 Ut
221 2028 492 2070 summum
536 2022 814 2088 pastorem
846 2015 1202 2087 apostolicum
1252 2015 1516 2071 Dominus
1576 2031 1708 2072 con-

155 2115 162 2124 '
1442 2106 1644 2182 [servet

140 2193 202 2258 Ut
226 2200 440 2273 dignum
468 2200 788 2274 pontiﬁcem
839 2200 905 2257 N.
949 2201 1227 2258 dominum
1267 2203 1530 2259 Dominus
1576 2217 1710 2259 eon-

1442 2293 1644 2367 [servet

141 2377 199 2461 lit
220 2383 466 2444 Ottonem
494 2401 680 2459 regem
709 2393 764 2442 et
791 2399 908 2457 ejus
937 2386 1236 2443 exercitum
1275 2387 1538 2443 Dominus
1579 2402 1711 2443 con-

159 2483 166 2487 ’
601 2483 606 2488 “
1443 2479 1645 2553 [servet

144 2565 204 2628 Ut
227 2585 320 2644 per
361 2580 538 2629 totum
585 2574 775 2630 orbem
815 2573 1114 2633 Ecclesiam
1155 2585 1400 2632 sanctam
1453 2573 1715 2630 Dominus

1332 2663 1646 2738 [conservet

469 2759 666 2817 Preces
692 2772 813 2817 ante
842 2762 1029 2816 altare.
1055 2761 1240 2817 Prima
1274 2762 1380 2815 die.

149 2847 428 2908 Clamemus
452 2869 646 2910 omnes
674 2871 778 2910 una
809 2870 940 2911 voce
967 2855 1194 2911 Domine
1222 2855 1500 2910 miserere.

151 2940 355 3016 Deipara
381 2948 543 3004 nobis
569 2957 652 3003 est
681 2948 791 3002 vita
817 2957 1000 3004 nostra
1029 2948 1258 3004 Domine
1288 2948 1569 3004 miserere.

153 3033 424 3110 Precamur
445 3041 664 3098 excelse
694 3043 855 3098 [idem
879 3042 1077 3118 largire
1105 3043 1334 3098 Domine
1358 3041 1643 3098 miserere.

151 3127 430 3190 Curvamur
459 3137 706 3208 peccatis
750 3136 1108 3209 opprimimur
1148 3135 1306 3190 malis
1356 3134 1584 3191 Domine
1614 3132 1718 3190 mi-

160 3297 172 3300 _
215 3239 405 3284 serere.

152 3309 335 3392 Delicta
364 3317 483 3374 dele
517 3334 710 3391 pacem
739 3320 975 3377 concede
1003 3318 1230 3375 Domine
1257 3319 1538 3375 miserere.

154 3407 388 3478 Excelsus
419 3415 633 3486 respice
662 3415 784 3486 pius
812 3414 1030 3486 indulge
1060 3415 1288 3469 Domine
1310 3414 1588 3468 miserere.

154 3502 364 3578 Flagella
385 3523 605 3563 remove
628 3509 842 3565 veniam
873 3506 1049 3564 tribue
1081 3507 1196 3562 Dne
1220 3505 1501 3562 miserere.

156 3591 340 3653 Exaudi
365 3614 462 3654 nos
483 3598 650 3654 Pater
677 3600 765 3670 pie
799 3599 1024 3654 Domine
1052 3598 1334 3653 miserere.

156 3685 288 3765 lflunc
306 3699 356 3746 et
379 3693 429 3747 in
453 3709 627 3747 aevum
651 3692 799 3748 salva
825 3691 1084 3746 mundum
1110 3691 1226 3745 Dne
1256 3689 1536 3746 miserere.

156 3775 402 3858 llymnum
431 3785 679 3839 dicamus
702 3782 797 3838 tibi
821 3781 936 3853 Xpe
969 3781 1086 3838 Dne
1109 3783 1390 3837 miserere.

157 3871 314 3930 Gloria
347 3877 440 3933 tibi
472 3888 678 3935 aeterno
725 3877 874 3932 Patri
918 3877 1031 3932 Dne
1070 3878 1352 3932 miserere.
1385 3875 1716 3932 Clamemus.

702 3967 771 4022 In
799 3969 883 4023 die
907 3967 1160 4022 secunda.

161 4049 263 4110 'l‘ibi
287 4055 399 4113 laus
428 4059 527 4116 tibi
567 4059 736 4132 gloria
769 4058 862 4113 tibi
904 4059 1204 4130 gratiarum
1243 4057 1386 4114 actio
1432 4057 1486 4112 in
1524 4054 1720 4112 smeula

163 4207 166 4212 _
215 4149 549 4219 sempiterna.
579 4149 624 4208 Ο
658 4150 816 4204 beata
843 4147 1103 4203 Trinitas.

161 4234 224 4293 Te
245 4238 570 4310 invocamus,
605 4254 655 4300 te
683 4244 998 4310 adoramus,
1044 4251 1095 4296 te
1142 4240 1446 4297 laudamus.
1479 4239 1524 4296 O
1563 4239 1720 4296 beata

173 4383 175 4386 .
221 4329 466 4391 Trinitas.

162 4416 346 4479 Exaudi
377 4426 580 4483 Exaudi
610 4426 817 4482 Exaudi
843 4425 888 4482 O
914 4425 1074 4480 beata
1109 4424 1360 4491 [rinitas.

165 4506 334 4582 Libera
374 4532 496 4586 nos,
534 4518 680 4574 salva
730 4535 850 4583 nos,
888 4517 1126 4590 justitica
1176 4533 1296 4572 nos.
1329 4518 1372 4574 Ο
1397 4516 1556 4572 beata
1595 4514 1720 4573 Tri-

221 4607 372 4666 nitas.

168 4692 297 4769 Auge
323 4702 373 4758 in
395 4705 548 4762 nobis
587 4706 774 4772 tidem,
801 4719 939 4775 auge
971 4717 1144 4774 spem,
1193 4717 1330 4774 auge
1368 4701 1717 4758 eharitatem.

223 4788 262 4845 Ο
280 4792 427 4852 beata
452 4799 711 4855 Trinitas.

720 4907 789 4945 λη
825 4906 910 4944 me
944 4897 1119 4944 lertra.

177 4972 319 5033 Aufer
345 4995 373 5035 a
394 4983 544 5040 nobis
579 4983 896 5054 iniquitates
925 4993 1161 5050 nostras,
1205 4994 1264 5040 ut
1293 4998 1601 5040 mereamur
1622 5001 1725 5058 pu-

231 5067 296 5123 ris
311 5075 568 5131 mentibus
593 5076 821 5131 introire
844 5076 908 5130 ad
933 5085 1120 5131 saneta
1147 5086 1482 5132 sanctorum.

1819 533 1924 588 Pro
1949 542 2135 588 sancta
2175 533 2415 589 Ecclesia
2447 533 2714 589 catholica
2758 548 2878 605 quae
2904 541 2987 589 est
3013 532 3068 588 in
3113 543 3226 589 toto
3267 533 3412 594 orbe:

1889 631 2078 687 diffusa
2104 631 2470 702 supplicamus
2501 630 2596 685 tibi
2626 629 2760 684 Dne.

1815 725 1920 781 Pro
1947 734 2160 796 pastore
2183 733 2368 780 nostro
2389 723 2452 779 N.
2479 732 2533 781 et
2556 723 2704 779 omni
2733 722 2883 779 clero
2905 721 3024 793 ejus
3045 720 3400 796 imploramus

1885 829 1935 876 te
1963 820 2092 875 Dne.

1815 912 1922 970 Pro
1948 913 2145 968 abbate
2186 920 2378 968 nostro
2406 909 2472 966 N.
2503 918 2559 967 et
2588 923 2751 984 grege
2786 914 2889 965 Sibi
2918 907 3213 966 commisso
3243 906 3401 964 obseo

1888 1018 2105 1061 eramus
2138 1012 2210 1058 te.
2242 1002 2378 1059 Dne.

1814 1097 1919 1153 Pro
1936 1096 2078 1153 aeris
2103 1094 2359 1167 temperie
2379 1101 2435 1149 et
2454 1091 2804 1150 fteeunditate
2828 1099 2988 1149 terra:
3007 1103 3298 1164 precamur
3317 1095 3414 1157 te,-

1887 1189 2020 1243 Dne.

1816 1280 1921 1336 Pro
1946 1279 2030 1334 his
2054 1278 2146 1350 qui
2184 1276 2531 1333 inﬁrmantur
2559 1283 2616 1331 et
2655 1275 2886 1331 diversrs
2925 1276 3274 1344 tanguortbus
3301 1277 3398 1328 de-

1884 1373 2124 1428 tinentur
2151 1385 2438 1427 exoramus
2464 1377 2536 1425 te.
2569 1368 2704 1424 Dne.
3427 1367 3430 1370 ’

1814 1465 1921 1520 Pro
1948 1462 2266 1520 remissione
2294 1470 2642 1533 peccatorum
2667 1458 2754 1516 vel
2787 1455 3167 1515 emendatione
3185 1453 3409 1511 morum

1890 1573 2148 1627 rogamus
2175 1565 2248 1612 te.
2280 1555 2414 1610 Dne.
3331 1561 3334 1564 ’

1815 1652 2024 1710 Exaudi
2050 1666 2150 1707 nos
2173 1651 2314 1706 Deus
2348 1649 2400 1704 in
2429 1647 2579 1705 omni
2609 1646 2854 1703 oratione
2889 1650 3075 1701 nostra
3103 1639 3234 1714 quia
3275 1635 3420 1726 pius.

1882 1760 1959 1803 es.
1984 1744 2118 1800 Dne.
3325 1759 3330 1765 -
3399 1741 3406 1748 '

2359 1851 2591 1893 LETANIA
2625 1848 2870 1891 GALLICA.

1813 1932 1978 1989 Pater
2011 1933 2078 1987 de
2112 1929 2267 1987 caelis
2291 1930 2433 1984 Deus
2461 1929 2722 1983 miserere
2751 1923 2928 1980 nobis.

1810 2026 1979 2082 Filius
1999 2025 2273 2080 redemtor
2300 2023 2442 2076 Deus
2467 2020 2726 2075 miserere
2752 2017 2930 2074 nobis.

1813 2116 2050 2189 Spiritus
2077 2125 2297 2171 sanctus
2325 2115 2467 2170 Deus
2496 2111 2758 2167 miserere
2788 2107 2965 2166 nobis.

1813 2208 2016 2264 Sancta
2051 2206 2295 2262 Trinitas
2321 2210 2582 2260 miserere
2607 2202 2787 2258 nobis.

1813 2299 1914 2368 Qui
1938 2315 1999 2354 es
2025 2298 2199 2352 trinus
2236 2306 2292 2353 et
2318 2311 2458 2351 unus
2486 2295 2628 2350 Deus
2654 2294 2915 2348 miserere
2942 2289 3117 2348 nobis.

1815 2389 2017 2445 Sancta
2045 2389 2210 2461 Virgo
2232 2387 2505 2460 virginum
2537 2400 2637 2441 ora
2669 2399 2767 2456 pro
2790 2382 2967 2439 nobis.

1815 2481 1873 2538 8.
1910 2480 2178 2537 Michahel
2199 2495 2292 2536 ora
2323 2494 2422 2552 pro
2452 2477 2634 2535 nobis.

1815 2572 1873 2629 8.
1907 2571 2184 2628 Gabrihel.
2215 2569 2344 2627 Ora.

1816 2665 1874 2723 S.
1909 2664 2208 2737 Raphahel.
2234 2662 2361 2718 Ora.

1817 2761 1876 2814 8.
1904 2757 2166 2815 Joannes.
2198 2755 2327 2813 Ora.

1817 2852 1877 2908 8.
1909 2851 2088 2907 Petre.
2114 2850 2243 2906 Ora.

1818 2944 1878 3002 8.
1909 2944 2093 3000 Paule.
2123 2942 2258 3000 Ora.

1819 3037 1878 3092 S.
1912 3037 2150 3092 Andrea.
2175 3033 2303 3092 Ora.

1821 3132 1879 3189 8.
1914 3130 2211 3187 Iohannes.
2241 3127 2370 3185 Ora.

1743 3193 1790 3256 Ο
1822 3225 1882 3283 8.
1911 3223 2134 3280 Jacobe.
2159 3220 2288 3278 Ora.

1821 3319 2023 3376 Omnes
2052 3317 2227 3373 sancti
2257 3311 2522 3385 Apostoli.
2553 3311 2738 3370 Orate.

1820 3409 2023 3468 Omnes
2052 3408 2226 3464 sancti
2251 3405 2628 3476 Evangelistae.
2655 3401 2842 3459 Orate.

1821 3502 2024 3559 Omnes
2049 3498 2225 3554 sancti
2254 3495 2524 3568 discipuli.
2550 3493 2738 3551 Orate.

1822 3591 1882 3648 S.
1915 3591 2209 3662 Stephane.
2235 3587 2342 3644 Ora
2363 3602 2464 3658 pro
2489 3583 2666 3641 nobis.

1822 3681 1881 3739 8.
1909 3680 2185 3738 Laurenti.
2211 3679 2341 3735 Ora.

1822 3775 1883 3832 8.
1908 3773 2180 3831 Vincenti.
2211 3771 2342 3829 Ora.

1822 3867 1881 3924 8.
1906 3867 2120 3939 Georgi.
2147 3865 2277 3922 Ora.

1819 3959 1880 4017 8.
1911 3959 2056 4015 Vite.
2087 3956 2217 4014 Ora.

1822 4053 1884 4110 8.
1909 4049 2326 4109 Pancrati.0ra.

1821 4147 1883 4204 8.
1923 4147 2151 4201 Albane.
2183 4143 2311 4202 Ora.

1822 4241 2026 4299 Omnes
2056 4240 2230 4296 sancti
2262 4237 2546 4312 Martyres.
2577 4234 2746 4294 Orate

1823 4332 1884 4388 S.
1917 4332 2195 4388 Silvester.
2228 4331 2336 4387 Ora
2365 4345 2464 4401 pro
2491 4328 2670 4386 nobis.

1823 4425 1883 4480 8.
1908 4426 2158 4480 Martine.
2194 4423 2323 4480 Ora.

1826 4518 1887 4575 8.
1924 4518 2172 4590 Gregori.
2206 4518 2336 4574 Ora.

1828 4611 1886 4668 S.
1917 4610 2226 4667 Benedicto.
2254 4609 2380 4667 Ora.

1826 4706 2026 4764 Omnes
2047 4705 2220 4761 sancti
2238 4702 2612 4760 Confessores.
2644 4703 2832 4760 Orate.

1827 4801 2028 4859 Omnes
2055 4801 2226 4856 sancti
2255 4797 2528 4854 Monaebi.
2557 4797 2746 4857 Orate.

1831 4898 1890 4957 S.
1922 4897 2191 4954 Felicitas.
2219 4895 2352 4953 Ora.

1830 4993 1891 5052 S.
1924 4991 2212 5064 Perpetua.
2244 4989 2376 5045 Ora.

1830 5089 1888 5132 ἓ,
1925 5089 2147 5132 Δπειιὶιτι,
2182 5085 2314 5132 nm.
