3962 5386
569 318 736 380 tos'l-
1317 313 1610 373 APPEND.
1649 311 1743 371 AD
1778 310 1953 371 sec.
1991 310 2063 368 χ.
2101 338 2174 354 -
2211 308 2648 370 MONUMENTA
2681 310 2960 372 mune.
3156 289 3165 292 ’
3651 323 3753 388 ιω
3855 268 3859 374 l

566 436 738 495 Filius
762 433 860 493 Dei
893 433 1154 492 miserere
1183 432 1355 489 nobis.
2176 425 2236 488 Δ
2339 465 2343 469 -
2928 427 2986 483 'n
3015 430 3173 486 atrio.
3312 425 3314 428 ’
3859 434 3861 506 t

569 529 725 587 Nunc
751 538 807 585 et
831 529 884 585 in
913 537 1232 599 perpetuum
1262 525 1521 580 miserere
1547 521 1727 579 nobis.
2325 517 2527 574 Adesto
2555 519 2670 575 Dne
2699 521 3185 591 supplicationibus
3223 524 3442 591 nostris,
3461 533 3513 583 et
3541 541 3758 601 sperante.

567 622 756 693 Agnus
795 619 887 676 Dei
920 619 1009 690 qui
1055 618 1195 674 tollis
1238 625 1461 688 peccata
1507 615 1716 682 mundi,
1767 614 2028 672 miserere
2055 628 2157 672 no-
2257 611 2312 668 in
2350 621 2439 668 tua
2479 614 2848 670 misericordia
2899 615 3274 673 intercedente
3315 617 3471 675 beato
3493 600 3635 679 Petro
3669 642 3761 700 apo—
3861 600 3863 642 ί

641 714 745 770 bis.
782 713 836 784 ἡ.
867 712 1070 784 Agnus.
2257 705 2399 761 stolo
2431 714 2543 772 tuo,
2571 706 2779 762 caelesti
2809 716 3034 779 protege
3058 710 3320 780 benignus
3344 713 3555 769 auxilio.
3580 714 3682 773 Per.

570 768 1257 874 Suscipe'dep‘recationem
1300 808 1566 867 nostram,
1607 814 1699 871 qut
1731 800 1888 856 sedes
1937 799 2005 856 ad
2029 798 2159 855 dexo
2809 768 2826 778 .
2926 768 2999 854 ινῖ
3022 768 3215 857 atrio.“
3863 768 3865 822 ⁴

639 904 809 952 teram
833 894 1035 951 Patris.
1063 895 1120 964 ἡ.
1152 895 1357 965 Agnus.
2331 889 2537 948 Praesta
2583 907 2651 964 qs
2678 892 3024 963 omnipotens
3052 894 3216 961 Deus,
3248 903 3308 950 ut.
3351 895 3420 952 ad
3450 905 3499 952 te
3522 904 3622 955 toto
3648 903 3764 961 corde
3866 934 3867 960 ξ

566 987 750 1046 Gloria
779 1002 951 1060 usque
975 988 1298 1043 saeculorum
1327 1002 1508 1043 amen.
1531 996 1586 1049 η.
1622 1001 1830 1058 Agnus.
2257 981 2576 1049 clamantes,
2624 986 2994 1041 intercedente
3034 987 3196 1043 beato
3226 986 3290 1043 N.
3339 999 3565 1062 martyre
3587 1001 3664 1049 tuo
3692 1003 3765 1052 tu:

569 1080 770 1138 Sancte
798 1079 1128 1137 Sanctorum
1156 1079 1298 1135 Deus
1320 1080 1580 1135 miserere
1609 1077 1788 1133 nobis.
2259 1074 2478 1146 pietatis
2507 1075 2900 1146 indulgentiam
2931 1091 3349 1149 consequamur.
3387 1075 3504 1133 Per.
3868 1100 3869 1140 ι

567 1172 768 1229 Sancta
796 1173 893 1229 Dei
921 1173 1154 1243 genitrix
1183 1172 1458 1228 intercede
1480 1186 1578 1243 pro
1605 1171 1781 1226 nobis.
2328 1167 2470 1222 Alia.
2509 1166 2759 1224 Concede
2810 1183 2910 1224 nos
2950 1169 3186 1225 famulos
3233 1179 3352 1225 tuos
3393 1185 3668 1240 quaesumus
3697 1174 3765 1230 Do-

567 1264 626 1322 S.
657 1264 924 1321 Miclialiel
956 1264 1229 1320 intercede
1252 1279 1350 1334 pro
1381 1263 1557 1319 nobis.
2259 1260 2408 1316 mine
2460 1259 2604 1316 Deus
2655 1270 2912 1332 perpetua
2960 1261 3161 1316 mentis
3216 1269 3273 1316 et
3321 1262 3557 1332 corporis
3598 1263 3769 1322 sanilale
3870 1275 3871 1280 ‘

567 1356 626 1414 S.
653 1356 911 1414 Gabrihel
948 1357 1226 1412 intercede
1257 1371 1358 1426 pro
1385 1355 1564 1411 nobis.
2260 1351 2520 1421 gaudere,
2554 1361 2610 1406 et
2638 1351 2872 1423 gloriosa
2901 1351 3073 1406 beata:
3101 1350 3286 1406 Mariae
3314 1349 3545 1421 Virginis
3570 1353 3769 1410 interces-

567 1450 629 1507 8.
663 1450 947 1523 Rapbahel
976 1450 1252 1505 intercede
1283 1464 1381 1519 pro
1405 1449 1581 1504 nobis.
2259 1441 2415 1497 sione
2440 1460 2470 1497 a
2503 1443 2759 1514 praesenti
2796 1442 3017 1498 liberari
3059 1442 3306 1509 tristitia,
3337 1451 3394 1498 et
3422 1442 3590 1498 futura
3614 1443 3770 1516 perfrui

568 1541 628 1598 8.
656 1541 818 1599 Petre
843 1542 1118 1598 intercede
1155 1557 1254 1612 pro
1284 1541 1462 1598 nobis.
2259 1535 2475 1592 lwticia.
2507 1535 2630 1592 Per.

569 1633 629 1691 S.
664 1633 830 1690 Paule
865 1633 1140 1690 intercede
1165 1648 1264 1705 pro
1295 1633 1470 1689 nobis.
2335 1629 2476 1684 Alia.
2516 1629 2766 1686 Concede
2794 1629 3106 1686 misericors
3135 1629 3279 1686 Deus
3312 1627 3582 1700 fragilitati
3622 1636 3773 1686 nostra

567 1722 628 1780 8.
661 1725 874 1780 Andrea
905 1725 1177 1780 intercede
1201 1740 1298 1796 pro
1328 1723 1502 1780 nobis.
2190 1795 2195 1796 ί
2261 1723 2597 1796 praesidium,
2629 1733 2686 1778 ut
2716 1725 2808 1794 qui
2839 1734 3041 1780 sanctae
3066 1723 3164 1780 Dei
3192 1723 3476 1796 genitricis
3504 1722 3692 1796 gloriam
3711 1737 3773 1780 ce.

567 1814 628 1872 8.
657 1814 935 1886 Stephane
963 1795 1236 1872 intercede
1261 1831 1360 1886 pro
1389 1815 1565 1872 nobis.
2187 1795 2235 1857 Β
2264 1795 2558 1885 lebramus,
2603 1816 3013 1873 intercessionis
3040 1817 3160 1889 ejus
3193 1795 3400 1872 auxilio
3437 1830 3466 1871 a
3502 1795 3678 1872 nostris
3700 1815 3774 1872 ini-

566 1907 625 1964 8.
653 1907 778 1966 Vite
808 1907 1082 1965 intercede
1109 1924 1208 1980 pro
1232 1909 1409 1964 nobis.
2258 1908 2562 1980 quitatibus
2588 1924 2954 1981 resurgamus.
2994 1909 3119 1965 Per.
3183 1963 3186 1968 .

566 1999 628 2056 8.
655 2001 863 2057 Albane
891 2001 1166 2057 intercede
1193 2017 1293 2072 pro
1321 2001 1498 2058 nobis.
2330 2002 2473 2056 Alia.
2516 2002 2593 2057 Da
2622 2003 2778 2058 nobis
2810 2018 3121 2074 quaesumus
3149 2002 3382 2060 Domine
3408 2002 3476 2058 de
3501 2001 3778 2060 tribulatione

568 2091 628 2150 S.
661 2091 891 2148 Martine
919 2093 1191 2148 intercede
1218 2108 1318 2164 pro
1344 2094 1522 2148 nobis.
2258 2091 2526 2157 laetitiam,
2558 2101 2617 2146 ut
2643 2093 2735 2163 qui
2767 2094 2858 2148 diu
2899 2108 2997 2164 pro
3028 2094 3269 2163 peccatis
3311 2093 3514 2149 nostris
3537 2092 3775 2164 afﬂigimur,

567 2182 628 2241 8.
653 2181 947 2240 Maximine
977 2185 1252 2241 intercede
1280 2201 1380 2256 pro
1403 2185 1577 2241 nobis.
2258 2184 2631 2240 intercedente
2679 2185 2839 2240 beato
2872 2185 2963 2240 illo
2993 2195 3233 2257 martyre
3270 2193 3370 2241 tuo
3408 2185 3478 2250 in
3510 2194 3592 2240 tua
3616 2185 3778 2242 miseri-

568 2273 628 2331 S.
657 2274 948 2331 Benedicte
980 2275 1258 2332 intercede
1275 2292 1383 2350 pro
1416 2275 1591 2332 nobis.
2258 2278 2442 2335 cordia
2469 2278 2817 2348 respiremus.
2849 2277 2972 2333 Per.

566 2363 630 2422 8.
655 2364 910 2422 Felicitas
936 2366 1210 2422 intercede
1236 2383 1335 2438 pro
1361 2367 1537 2423 nobis.
2329 2371 2472 2426 Alia.
2516 2370 2658 2426 Deus
2685 2371 2776 2441 qui
2803 2373 2948 2441 juste
2981 2370 3272 2448 irasceris,»
3289 2378 3348 2426 et
3387 2370 3658 2428 clementer
3671 2370 3780 2443 igno-

564 2455 623 2512 S.
656 2456 924 2528 Perpetua
953 2459 1229 2514 intercede
1255 2475 1353 2529 pro
1374 2459 1550 2516 nobis.
2259 2462 2367 2519 scis
2407 2462 2587 2518 amicti
2639 2462 2818 2534 populi
2869 2463 3123 2518 lacrimas
3168 2463 3406 2532 respice,
3449 2471 3505 2517 et
3551 2463 3668 2517 iram
3706 2471 3779 2516 tu:

563 2549 625 2608 S.
657 2551 868 2623 Agatha
902 2552 1174 2607 intercede
1201 2568 1301 2622 pro
1332 2553 1508 2608 nobis.
2258 2555 2648 2626 indignationis
2671 2596 2686 2620 ,
2759 2570 2923 2626 quam
2981 2555 3126 2626 juste
3188 2571 3469 2612 meremur
3519 2554 3779 2628 propitiatus

565 2639 630 2698 S.
659 2641 875 2713 Brigida
911 2642 1184 2699 intercede
1205 2659 1304 2714 pro
1333 2645 1510 2700 nobis.
2262 2660 2471 2704 averte.
2500 2647 2624 2704 Per.

563 2731 624 2789 8.
655 2731 888 2789 Cristina
914 2735 1188 2791 intercede
1218 2753 1316 2806 pro
1347 2737 1523 2792 nobis.
2329 2739 2471 2796 Alia.
2534 2739 2892 2796 Alllictionem
2949 2738 3171 2796 familia:
3219 2749 3326 2795 tua!
3377 2753 3658 2812 quaesumus
3697 2737 3779 2792 Duo

565 2821 625 2880 S.
653 2823 992 2897 Margarellta
1034 2827 1308 2881 intercede
1342 2843 1440 2897 pro
1469 2827 1645 2884 nobis.
2258 2836 2478 2891 intende
2529 2837 2779 2906 placitus,
2831 2845 2891 2891 ut
2936 2836 3144 2891 indulta
3191 2837 3351 2890 venia
3399 2843 3706 2906 peccatorum
3731 2830 3780 2888 de

571 2914 774 2974 Omnes
801 2917 990 2974 Sancti
1017 2920 1340 2975 intercetlite
1374 2938 1471 2992 pro
1501 2921 1676 2977 nobis.
2260 2927 2365 2981 tuis
2393 2943 2608 2997 semper
2643 2927 2924 2984 beneficiis
2954 2927 3270 2997 gloriemur.
3297 2925 3424 2982 Per.

1064 3031 1131 3087 In
1158 3033 1264 3101 die,
1288 3039 1356 3088 αα
1381 3036 1616 3090 missam,
2328 3019 2471 3073 Alia.
2517 3019 2719 3074 Praesta
2753 3035 3063 3090 quaesumus
3095 3018 3444 3088 mnnipotens
3468 3016 3614 3080 Deus,
3633 3022 3683 3070 ut
3713 3009 3780 3084 qui

2258 3109 2394 3164 iram
2420 3119 2523 3164 tuas
2551 3109 2940 3179 indignationis
2961 3109 3302 3178 agnovimus,
3334 3106 3690 3163 misericordia!
3707 3115 3781 3159 tua

2259 3204 2648 3276 indulgentiam
2673 3219 3093 3273 consequamur.
3126 3202 3252 3258 Per.

2326 3295 2466 3349 Alia.
2509 3295 2933 3350 Misericordiam
2981 3305 3127 3348 tuam
3173 3294 3405 3349 Domine
3448 3292 3780 3362 nobisquzsn-

2258 3388 2796 3442 musintcrvcniente
2824 3387 2983 3440 beato
3021 3383 3336 3441 confessore
3371 3393 3464 3439 tuo
3504 3383 3576 3438 ill.
3602 3380 3780 3436 clemen-

2259 3489 2342 3535 ter
2373 3481 2643 3551 impende,
2683 3488 2739 3535 et
2769 3480 2924 3534 nobis
2953 3476 3334 3538 peccatoribus
3364 3477 3534 3549 ipsius
3552 3471 3784 3548 propitiata

2257 3571 2550 3643 suffragiis.
2585 3571 2709 3625 Per.

2330 3664 2470 3719 Alia.
2531 3662 2607 3718 Ne
2651 3662 2920 3732 despicias
2983 3661 3328 3732 omnipotens
3387 3665 3529 3716 deus
3582 3658 3783 3728 populum

2258 3760 2408 3807 tuum
2447 3753 2498 3807 in
2530 3751 2820 3807 afﬂictione
2854 3753 3202 3817 clementem,
3234 3750 3327 3806 sed
3365 3758 3584 3820 propter
3609 3741 3784 3816 gloriam

2256 3844 2492 3902 nominis
2517 3844 2594 3900 tui
2625 3843 3012 3899 tribulantibus
3039 3857 3296 3898 succurre
3326 3841 3590 3913 placatus.
3617 3833 3712 3891 Per.

2913 3952 3186 3992 LETANIA.

2258 4034 2412 4091 Votis
2434 4033 2770 4106 supplicibus
2797 4046 2960 4088 voces
2995 4046 3159 4101 super
3179 4038 3327 4084 astra
3357 4027 3592 4086 feramus

2330 4126 2528 4182 Trinus
2558 4136 2616 4180 ut
2643 4133 2696 4180 et
2725 4124 2952 4194 simplex
2979 4139 3078 4178 nos
3109 4131 3259 4191 regat
3287 4121 3636 4191 omnipotens.

2259 4218 2456 4276 Sancta
2513 4218 2694 4272 mundi
2741 4217 2964 4272 Domina
3010 4216 3161 4271 stella
3212 4216 3380 4270 maris
3436 4212 3595 4267 Maria
3639 4216 3686 4263 tu
3713 4215 3788 4277 pro

2328 4315 2483 4370 nobis
2525 4314 2718 4368 Filium
2750 4329 2843 4367 ora
2884 4312 3162 4367 Christum
3191 4310 3499 4365 Dominum.

2267 4406 2496 4462 Summo
2525 4407 2670 4462 sedis
2716 4405 2963 4460 minister
2990 4403 3112 4474 quis
3139 4411 3198 4456 ιιι
3248 4401 3391 4456 Deus
3429 4392 3667 4454 Michahel
3696 4401 3788 4446 cum

1137 4469 1270 4525 Alia:
1299 4471 1582 4570 orationes.
1739 4564 1752 4570 _
1902 4565 1918 4570 _
2084 4565 2131 4570 __
2180 4541 2235 4570 η
2332 4499 2584 4570 supernis
2605 4499 2813 4555 civibus
2845 4512 2943 4552 nos
2969 4496 3154 4562 iuvato
3181 4495 3454 4565 precibus.

639 4560 873 4620 Mentem
899 4561 1116 4620 familiae
1140 4572 1244 4620 tum
1275 4579 1339 4634 qs
1371 4564 1484 4620 Dne
1511 4564 1881 4622 intercedente
1902 4565 2064 4623 beato
2084 4565 2152 4624 N.
2180 4541 2236 4603 D
2261 4541 2670 4646 prg‘c'gvﬁiﬁigu
2715 4541 2991 4643 ῖοῇθηιξεξ
3037 4541 3316 4657 Agnirpei
3361 4594 3598 4640 ostensor
3629 4574 3790 4632 redem-

635 3150 758 3208 Ant.
791 3149 1080 3207 Exaudivit
1128 3162 1233 3208 etc.
1284 3152 1488 3208 Praesta
1531 3169 1586 3223 q.
1629 3169 1684 3209 ο.
1731 3154 1796 3210 1).
1847 3162 1908 3211 ut
1951 3153 2043 3226 qui
2097 3154 2153 3210 in
2180 3176 2225 3240 ρ

565 3243 859 3301 afllictione
899 3255 1005 3300 etc.
1037 3246 1180 3301 Alia.
1226 3245 1368 3302 Deus
1409 3248 1498 3318 qui
1529 3248 1743 3303 beatmn
1777 3249 2014 3304 Marcum
2045 3259 2152 3305 etc.

565 3333 742 3390 Lectio
766 3335 1000 3406 cpistola:
1033 3336 1186 3391 Beati
1215 3337 1402 3392 Jacobi
1450 3339 1708 3408 Apostoli.
1763 3339 1883 3395 Κηιί
1916 3339 2155 3396 Confite-

565 3426 698 3483 mini
722 3427 1044 3484 alterutrum
1096 3437 1201 3484 etc.
1239 3429 1486 3486 Alleluia.
1529 3431 1873 3488 Confitemini
1907 3431 2023 3487 Dno
2046 3441 2155 3489 etc.

563 3517 814 3574 Alleluia.
845 3518 966 3575 Jam
1009 3537 1113 3576 non
1166 3521 1318 3577 estis.
1362 3521 1665 3578 Secundum
1718 3523 1940 3580 Lucam.
1977 3524 2033 3580 ln
2067 3525 2158 3581 illo

567 3617 830 3679 tempore.
861 3611 1007 3667 Dixit
1036 3611 1124 3668 llts
1153 3612 1427 3684 discipulis
1453 3615 1587 3670 suis.
1619 3614 1752 3682 Quis
1775 3625 2016 3670 vestrum
2044 3625 2154 3672 etc.

569 3701 678 3775 011.
709 3704 1019 3760 Confltebor
1047 3715 1152 3761 etc.
1180 3706 1426 3762 Alleluia.
1478 3706 1718 3762 Secreta.
1767 3707 1894 3764 llaec
1930 3722 2155 3764 munera

565 3804 675 3853 etc.
699 3795 820 3852 Alia
843 3795 1076 3853 Secreta.
1112 3798 1262 3855 Hanc
1293 3800 1406 3854 Dne
1431 3815 1496 3870 qs
1521 3799 1853 3855 oblationem
1881 3813 1980 3870 pro
2007 3814 2158 3855 com-

567 3890 962 3946 memoratione
994 3891 1136 3947 beati
1161 3891 1325 3947 Marci
1366 3892 1472 3948 etc.
1505 3891 1660 3946 Com.
1697 3891 1873 3948 Petite
1913 3900 1969 3947 et
2011 3892 2158 3948 acci-

566 3981 749 4054 pietis.
777 3981 1027 4039 Alleluia.
1065 3983 1147 4038 Ad
1197 3983 1585 4049 complendum.
1628 3983 1764 4039 Vota
1814 3993 1999 4039 nostra
2046 3994 2153 4040 etc.

569 4076 656 4132 Al.
685 4077 755 4132 ad
783 4078 972 4148 campi.
1003 4077 1149 4133 Pasti
1201 4079 1322 4133 cibo
1361 4077 1622 4148 spiritalis
1653 4077 1925 4132 alimonia:
1949 4093 2015 4147 qs
2043 4077 2162 4135 Dne

569 4169 643 4226 Ds
679 4185 766 4234 nr,
795 4171 1008 4240 utquod
1037 4171 1294 4242 mysterio
1325 4169 1754 4239 frequentamus,
1780 4170 2155 4226 intercedente

568 4262 728 4318 beato
757 4262 939 4318 Marco
983 4262 1310 4332 evangelista
1351 4272 1408 4317 et
1459 4262 1713 4331 pontifice
1737 4261 1894 4332 plena
1929 4264 2158 4319 veritate

567 4371 987 4426 consequamur.
1009 4355 1134 4411 Per.

565 4663 807 4728 martyre
828 4663 920 4712 tuo
948 4664 1005 4711 et
1028 4671 1252 4712 munere
1281 4658 1714 4728 compunctionis
1743 4659 1918 4728 aperi,
1948 4668 2004 4714 et
2042 4658 2155 4714 lar-
2335 4685 2469 4740 loris
2494 4685 2734 4754 Baptism
2764 4663 2865 4738 ‘nos
2895 4683 3002 4738 Deo
3023 4681 3270 4736 concilia.

567 4747 980 4840 gitatepietatis
1007 4747 1222 4803 exaudi.
1270 4749 1412 4804 Alia.
1449 4750 1588 4805 Deus
1631 4751 1722 4820 qui
1750 4750 1936 4822 culpas
1977 4751 2153 4807 delin-
2261 4775 2464 4833 Sancte
2504 4747 2662 4832 pe'lre
2707 4791 2829 4832 cum
2871 4772 3039 4827 paulo
3079 4771 3400 4840 cunctisque
3439 4760 3676 4838 apostolis
3709 4757 3788 4812 ίω.

565 4839 848 4910 quentium
880 4840 1122 4896 districte
1169 4840 1414 4897 feriendo
1445 4844 1704 4911 percutis,
1749 4840 1908 4896 fletus
1937 4858 2156 4912 quoque
2331 4867 2539 4938 ριοηηθ
2568 4881 2667 4938 pro
2694 4865 2851 4921 nobis
2877 4863 3175 4935 maiestatis
3199 4839 3501 4916 Dominum,

567 4931 869 5039 lugentium
897 4949 1004 4990 non
1041 4950 1279 5040 recuses,
1305 4944 1364 5040 ut
1390 4936 1482 5006 qui
1528 4936 1738 5040 pondus
1762 4945 1878 5040 tuaa-
1907 4937 2158 4992 animad-
2256 4931 2465 5034 Μέγην
2493 4931 2711 5015 ωίτίειθ
2749 4931 3027 5014 Τηεοάόιθ
3074 4965 3410 5027 pan-(meque
3446 4952 3636 5008 Albane
3662 4935 3786 5000 simul

566 5029 836 5083 versionis
857 5029 1232 5100 cognovimus,
1274 5029 1440 5083 etiam
1489 5029 1712 5100 pietatis
1739 5029 1972 5100 gratiam
2027 5045 2154 5087 sen-

2321 5053 2532 5124 junctis
2561 5051 2772 5107 meritis
2803 5066 2902 5106 nos
2933 5049 3127 5107 solvite
3151 5047 3488 5105 criminibus.

569 5121 788 5178 tiamus.
820 5120 940 5178 Per.
973 5120 1114 5177 Alia.
1140 5121 1310 5178 Parce
1336 5121 1471 5186 Dne,
1501 5137 1665 5193 parce
1716 5122 1914 5193 populo
1951 5131 2068 5189 tuo,
2093 5129 2154 5180 ut
2257 5120 2636 5206 Ριξοιοιηπιπ
2681 5144 2955 5204 ειεοικιηε
2987 5157 3182 5199 omnes
3226 5152 3394 5198 amne
3441 5144 3680 5194 marth
3712 5137 3785 5181 vos
