3962 6326
194 351 339 410 1089

1019 347 1397 415 ΒΕΝΕΒΙΟΤ.,
1436 346 1863 406 CONSECRAT.
1899 348 1988 404 ET
2023 345 2346 406 ORDINAT.
2389 346 2647 405 VARIA‘I.

3313 353 3453 414 1090

191 463 274 522 Ut
299 463 454 520 nobis
475 459 722 519 remissuo
748 469 1094 532 peccatorum
1122 463 1372 523 donetur.
1396 461 1540 518 aeris
1570 470 1774 530 tempc-
1800 464 1854 524 Α
1881 464 1962 512 tat
1994 455 2284 521 Lazarum,
2316 456 2467 528 digiti
2500 457 2728 512 extremi
2769 457 2850 513 sui
2882 466 3088 530 guttam
3120 475 3273 530 aqua:
3301 463 3455 532 petit,

268 557 400 625 rios,
431 564 696 625 terrasque
725 554 992 610 fertilitas.

193 647 271 706 Ut
288 648 442 720 pacis
481 647 865 718 tranquillitas,
893 659 1291 717 corporumque
1331 643 1537 699 sanitas
1564 657 1596 697 a
1619 641 1780 698 Chri-

266 750 354 796 sto
381 740 540 796 detur
564 739 718 794 nobis
740 739 982 794 ohtinete
1006 738 1234 793 meritis.

191 827 271 886 Ut
317 828 385 885 Ν.
428 829 733 900 praesulem,
785 828 903 899 ejus
950 827 1178 892 clerum,
1210 837 1262 882 et
1304 840 1520 881 omnem
1563 823 1777 896 plebem

267 936 592 978 conservare
614 919 855 990 digneris
883 934 1105 974 oramus
1128 916 1343 972 Christe
1367 917 1490 972 audi
1520 930 1639 971 nos.

187 1009 271 1068 Ut
309 1026 406 1066 rex
451 1019 634 1065 noster
679 1008 808 1066 Otto
833 1007 951 1078 ejus
978 1017 1032 1063 et
1074 1007 1346 1062 exercitus
1384 1007 1512 1063 hinc
1550 1015 1606 1062 et
1652 1004 1778 1062 inde

269 1112 517 1160 servetur
541 1118 765 1158 oramus
793 1101 1012 1157 Christe
1039 1101 1164 1156 audi
1192 1116 1311 1156 nos.

191 1194 268 1252 Ut
291 1195 523 1252 swviens
546 1195 760 1267 gladius
789 1203 845 1249 et
887 1209 1128 1265 paganus
1159 1192 1387 1264 populus
1416 1190 1715 1263 depellatur
1743 1206 1774 1246 a

262 1289 421 1345 nobis
454 1303 678 1343 oramus
705 1286 922 1343 Christe
951 1285 1074 1340 audi
1103 1301 1221 1339 nos.

181 1380 310 1454 Xpe
338 1381 455 1454 Xpe
485 1382 610 1436 audi
641 1397 738 1435 nos
766 1379 932 1449 Kyrie
957 1377 1162 1434 eleison
1196 1378 1461 1443 canimus,
1498 1373 1616 1448 Xpe
1639 1375 1774 1431 elet-

263 1488 360 1530 sOn
391 1473 668 1545 psallimus
691 1471 809 1542 Xpe
837 1471 924 1543 pie
953 1471 1077 1525 audi
1117 1487 1236 1525 nos.

262 1563 435 1620 Homo
473 1564 694 1634 quidam
737 1573 859 1619 erat
895 1564 1044 1618 dives
1085 1563 1242 1618 valde
1289 1562 1340 1616 in
1390 1561 1618 1626 deliciis,
1651 1577 1778 1632 pur-

176 1669 325 1728 pura
351 1665 404 1711 et
432 1654 596 1726 bysso
626 1654 972 1719 induebatur,
1019 1653 1243 1722 cpulans
1273 1652 1571 1722 splendide,
1614 1653 1777 1706 cadu-

181 1763 314 1805 cam
360 1748 526 1802 vitam
583 1747 854 1818 diligendo
905 1747 1091 1800 amisit
1143 1756 1479 1816 perpetuam.
1535 1745 1776 1801 Lazarus

1882 556 1940 605 ut
1980 547 2331 618 refrigeretur
2369 547 2548 617 lingua
2593 547 2732 616 ejus,
2765 550 2818 603 in
2859 548 3093 604 ﬂammis
3123 551 3456 608 ardentibus.

1877 639 2074 696 Homo.
2101 639 2202 695 Fili
2243 641 2314 695 nii
2351 641 2636 696 recordare
2661 643 2802 712 quod
2828 643 2893 698 de
2923 658 3090 707 puero
3120 644 3367 714 recepisti
3403 645 3460 699 in

1876 732 1989 788 vita
2034 741 2126 788 tua
2170 733 2325 790 valde
2367 734 2504 789 bona
2550 734 2804 806 plurima.
2854 736 3092 793 Lazarus
3138 738 3228 794 hic
3270 744 3459 793 contra

1877 823 2041 890 mala,
2079 826 2239 880 modo
2268 825 2656 881 consolabitur.
2685 826 2858 882 Homo
2884 829 3119 899 quidam.

1949 931 2002 972 IN
2038 930 2284 971 LETANIA
2323 931 2548 982 IUOBE,
2592 932 2879 981 ANTEQUAM
2900 933 3042 973 CBUX
3084 934 3386 975 Ειενετυιι.

1949 1011 2074 1064 Ant.
2117 1009 2326 1066 Exaudi
2370 1026 2470 1067 nos
2515 1010 2760 1076 Domine,
2810 1013 3065 1078 quoniam
3110 1011 3339 1084 benigna
3378 1018 3465 1069 est

1875 1103 2253 1160 misericordia
2281 1113 2396 1170 tua,
2421 1104 2714 1160 secundum
2739 1105 3134 1161 multitudinem
3158 1107 3466 1162 miseratio-

1877 1210 2009 1250 num
2054 1203 2271 1250 tuarum
2300 1195 2510 1266 reSpice
2539 1210 2639 1251 nos
2687 1194 2932 1252 Domine.
2965 1192 3061 1251 Ps.
3109 1193 3332 1252 Salvqu
3375 1209 3464 1252 me

1877 1290 1966 1348 fac
1989 1290 2149 1347 Deus.

2443 1380 2510 1437 In
2539 1382 2623 1436 die
2647 1381 2896 1438 secunda.

1947 1474 2071 1527 Ant.
2113 1472 2330 1544 Exurge
2366 1473 2593 1528 Domine
2642 1473 2836 1541 adjnva
2877 1489 2997 1539 nos,
3049 1482 3106 1528 et
3153 1473 3323 1528 libera
3365 1486 3467 1529 nos

1875 1574 2098 1637 propter
2125 1579 2324 1620 nomen
2364 1564 2660 1619 tuum.’Ps.
2697 1565 2838 1620 Deus
2882 1564 3106 1622 auribus
3143 1564 3366 1622 nostris.

2487 1657 2554 1712 In
2578 1657 2662 1712 die
2691 1659 2866 1712 tertia.

1949 1757 2072 1805 Ant.
2114 1749 2390 1821 Pr0pitius
2419 1758 2535 1804 esto
2564 1749 2789 1804 Domine
2835 1749 3076 1819 peccatis
3105 1747 3308 1805 nostris
3335 1763 3464 1821 pro-

175 1839 407 1910 quidam
436 1837 715 1894 mendicus
746 1838 1115 1905 circumdatus
1148 1837 1328 1890 ulcere
1357 1837 1423 1890 ad
1447 1836 1671 1906 januam
1698 1837 1776 1891 di-
1803 1845 1852 1906 Β
1879 1850 2001 1911 pter
2024 1856 2220 1895 nomen
2252 1849 2420 1906 tuum,
2455 1843 2738 1910 nequando
2770 1839 2955 1894 dicant
3014 1848 3225 1912 gentes,
3255 1839 3348 1896 ubi
3376 1846 3466 1898 est

176 1931 317 1987 vitis
356 1947 479 1986 cum
519 1931 704 1985 dolore
750 1930 918 1984 nimio
946 1929 1196 1999 cupiebat
1239 1929 1470 1983 saturari
1508 1930 1573 1982 de
1619 1929 1776 1984 micis

175 2036 390 2080 mensa:
416 2023 618 2079 divitis.
643 2021 835 2077 Homo.
870 2022 1181 2078 Postulabat
1212 2038 1370 2078 neino
1399 2023 1584 2086 dabat,
1613 2037 1774 2078 nemo

179 2114 503 2172 miseretur.
562 2113 793 2169 Tantum
841 2130 1005 2171 canes
1065 2116 1379 2181 veniebant,
1434 2115 1776 2170 consolantes

176 2221 502 2279 pauperem.
543 2205 739 2262 Ulcera
786 2205 904 2276 ejus
940 2207 1234 2280 lingcbant,
1283 2207 1616 2263 curabantur
1660 2207 1776 2262 vul-

176 2313 346 2354 nera.
376 2296 569 2352 Homo.
598 2296 840 2353 Mortuus
878 2308 963 2354 est
997 2309 1178 2353 autem
1207 2299 1359 2353 dives
1405 2298 1457 2352 in
1500 2297 1774 2353 infernum

178 2389 426 2445 ducitur.
473 2387 897 2444 Misericordiam
941 2406 1046 2446 non
1091 2388 1242 2454 fecit,
1276 2405 1396 2444 eam
1441 2404 1549 2443 non
1585 2402 1778 2443 conse-

179 2479 393 2550 quitur.
439 2477 547 2534 Pro
583 2479 738 2534 micis
775 2480 930 2551 panis
957 2495 1093 2550 quas
1136 2479 1371 2552 negavit,
1400 2478 1454 2534 in
1502 2477 1774 2533 infernum

177 2568 430 2626 ducitur.
461 2567 654 2626 Homo.
697 2569 914 2628 Patrem
963 2581 1123 2628 vocat
1148 2570 1452 2637 Abraham,
1481 2577 1540 2626 ut
1577 2569 1775 2624 admit-

1877 1933 2022 1989 Deus
2062 1948 2272 1988 eorum.
2302 1929 2399 1988 Ps.
2432 1932 2574 1987 Deus
2598 1941 2862 1987 venerunt
2897 1943 3086 2004 gentes
3115 1934 3173 1988 in
3211 1931 3460 1990 haeredit.

2462 2024 2530 2078 In
2559 2026 2642 2078 die
2669 2034 2880 2096 quarta.

1947 2119 2072 2172 Ant.
2103 2117 2539 2174 Clenzentissime
2559 2117 2752 2171 exaudi
2771 2116 2994 2172 Domine
3013 2131 3266 2188 popu.um
3289 2124 3464 2174 tuum.

1875 2209 2127 2266 Alleluia.
2161 2209 2254 2265 Ps.
2285 2211 2426 2266 Deus
2457 2211 2784 2266 misereatur
2815 2211 3008 2265 nostri.

1947 2303 2074 2356 Ant.
2113 2299 2247 2357 Cum
2285 2312 2430 2357 esset
2461 2302 2784 2372 desponsata
2821 2313 2996 2357 mater
3020 2301 3148 2357 Jesu
3179 2301 3348 2357 Maria
3369 2299 3465 2360 Jo-

1874 2393 2012 2463 seph
2035 2401 2327 2462 antequam
2353 2393 2704 2448 convenirent
2736 2395 2952 2448 inventa
2979 2402 3064 2449 est
3094 2394 3147 2448 in
3178 2401 3335 2450 utero
3363 2392 3463 2448 ba-

1873 2483 2033 2550 bens,
2067 2486 2210 2555 quod
2229 2485 2376 2543 enim
2403 2486 2458 2543 in
2483 2501 2548 2543 ea
2587 2495 2772 2542 natum
2811 2497 2894 2544 est
2923 2488 2991 2544 de
3024 2486 3234 2559 Spiritu
3271 2493 3466 2544 sancto

1873 2585 1982 2632 est.
2011 2572 2260 2631 Alleluia.

186 2773 3462 2802 mm

187 2950 1210 3082 BENEDICTIONES,
1257 2881 2321 3186 CONSECRAIgONES
2353 2951 2507 3045 ET
2545 2948 3464 3092 ORDINATIONES

1605 3098 1844 3186 VAR
2029 3157 2054 3186 .

1605 3098 1757 3189 VA
1777 3098 2054 3186 BHE.

360 3466 898 3528 BENEDICTIONES
935 3465 1302 3524 VABIABUM
1339 3467 1603 3527 BERUM.

663 3574 983 3616 BENEDICTIO
1020 3574 1295 3616 POIOBUI.

368 3654 470 3727 (Ex
495 3653 686 3710 codice
715 3652 944 3709 Vindob.
990 3651 1154 3708 theol.
1196 3651 1322 3718 685,
1353 3667 1478 3709 saec.
1509 3652 1593 3725 ι.)

263 3743 343 3802 Te
378 3743 734 3815 deprecamur
772 3743 1116 3813 omnipotens
1160 3742 1325 3810 Deus,
1378 3751 1440 3798 ut
1481 3741 1775 3802 benedicas

187 3841 340 3894 hunc
373 3836 608 3894 fructum
635 3851 834 3892 novum
866 3850 1149 3904 pomorum
1179 3843 1283 3892 etc.

715 3941 1034 3983 BENEDICTIO
1074 3942 1242 3982 PANIS.

264 4019 500 4076 Benedic
525 4018 752 4075 Domine
785 4027 1090 4072 creaturam
1117 4017 1276 4072 istam
1298 4019 1476 4088 panis,
1512 4017 1652 4074 sicut
1677 4017 1774 4074 be-

188 4113 448 4172 nedixisti
477 4112 714 4185 quinque
747 4127 914 4183 panes
944 4111 998 4165 in
1039 4111 1274 4175 deserto,
1309 4120 1367 4165 ut
1395 4112 1466 4166 sit
1495 4113 1605 4167 Dns
1643 4127 1774 4167 eun-

188 4206 320 4262 dem
345 4203 664 4260 habundans
692 4203 746 4258 in
772 4217 974 4256 annum
1019 4201 1358 4268 alimentum,
1389 4212 1776 4273 gustantesque

188 4312 260 4354 ex
297 4311 365 4352 eo
410 4294 677 4367 accipiant
727 4303 837 4350 tam
883 4292 1131 4363 corporis
1174 4308 1337 4363 quam
1386 4295 1581 4350 animae
1628 4295 1776 4352 sani-

190 4393 382 4444 tatem.

567 4493 884 4536 BENBDICTIO
923 4494 1042 4536 υνΑς
1077 4493 1194 4535 εινε
1231 4495 1399 4536 ΈΔΒΕ.

265 4570 503 4629 Benedic
565 4570 792 4628 Domine
857 4570 957 4627 hos
1003 4569 1214 4627 fructus
1259 4586 1429 4628 novos
1483 4587 1601 4628 uva:
1659 4570 1777 4629 sive

193 4662 336 4720 faba:
363 4673 472 4721 etc.

709 4771 1028 4814 BENEDICTIO
1065 4773 1238 4814 NUCIS.

1813 3455 1852 3521 3
1880 3484 1980 3528 nes
2016 3466 2229 3526 fructus
2273 3477 2433 3526 terra:
2479 3477 2590 3525 tam
2629 3469 2885 3527 arborum
2935 3487 3099 3545 quam
3147 3473 3460 3547 herbarum,

1876 3561 1971 3633 qui
2005 3559 2270 3629 tuojussu
2297 3559 2566 3615 oriuntur.
2596 3559 2720 3616 Per.
3430 3569 3437 3590 ι

2019 3664 2344 3707 ιειιευιοτιο
2380 3666 2547 3705 ευρειι
2586 3666 2765 3707 mauu
2816 3668 2870 3708 ιη
2924 3669 3120 3712 pascua
3145 3653 3320 3732 (225).

1949 3741 2096 3799 Deus
2124 3755 2339 3799 creator
2368 3745 2634 3799 universae
2664 3747 2814 3800 carni
2843 3755 2951 3802 etc.

2264 3850 2465 3891 INCIPIT
2505 3851 2826 3894 BENEDICTIO
2868 3855 3060 3898 υοιιυε.

2123 3926 2224 3997 (Ex
2253 3928 2378 3982 cod.
2413 3927 2574 3982 Vind.
2611 3929 2776 3984 theol.
2813 3929 2936 3997 685,
2972 3948 3095 3988 sate.
3128 3936 3207 4006 χ.)

1945 4019 2176 4076 Oremus
2205 4036 2304 4092 pro
2338 4023 2441 4076 hac
2473 4023 2656 4089 domo,
2683 4033 2739 4078 et
2762 4024 2996 4081 dominis
3019 4027 3180 4098 hujus
3210 4031 3465 4088 taberna-

1874 4110 2005 4177 culi,
2037 4120 2096 4166 ut
2141 4126 2236 4166 eos
2287 4112 2548 4168 Dominus
2597 4114 2649 4168 in
2698 4114 2854 4170 bonis
2902 4115 3167 4183 laetiﬁcat;
3215 4119 3466 4192 dignetur

1875 4201 2142 4258 Dominus
2172 4203 2412 4259 tribuere
2443 4220 2637 4260 aurora
2681 4207 2965 4262 desursum
2997 4209 3140 4274 cceli,
3171 4219 3223 4266 et
3252 4227 3282 4266 a
3315 4211 3466 4268 ferti-

1873 4291 2027 4350 litate
2066 4295 2318 4351 deorsum
2350 4307 2511 4352 terra:
2554 4297 2958 4354 habundantem
2993 4301 3356 4360 substantiam
3383 4304 3464 4359 vi-

1876 4390 1967 4448 tte,
1994 4392 2051 4438 et
2089 4383 2374 4440 desideriis
2418 4401 2608 4440 eorum
2655 4387 2906 4443 affectum
2951 4405 3066 4446 suae
3098 4391 3464 4450 miserationis

1884 4470 2198 4538 inmisceat,
2230 4484 2287 4529 et
2331 4475 2611 4531 introitum
2641 4488 2885 4533 nostrum
2929 4477 3252 4538 benedicere
3275 4482 3464 4556 digne-

1875 4569 1986 4628 tur,
2017 4573 2078 4618 ut
2119 4564 2206 4620 his
2233 4566 2535 4636 parietibus
2561 4568 2786 4638 angelus
2811 4569 3208 4628 benedictionis
3250 4571 3466 4631 inhabi-

1874 4659 1974 4706 tet.
2001 4650 2125 4709 Per.

2226 4761 2425 4803 ORATIO
2463 4763 2629 4803 SUPER
2663 4763 2849 4806 υοιιωι
2886 4765 3089 4808 κονίη.

272 4844 504 4902 Benedic
528 4844 644 4901 Dne
665 4861 883 4916 pomum
921 4856 977 4902 et
1003 4863 1192 4914 nuces,
1224 4846 1556 4918 nucleosque
1578 4856 1634 4904 et
1659 4862 1777 4905 om-
1801 4816 1856 4880 Ῐ)
1953 4835 2334 4894 Sanctificetur
2362 4839 2466 4895 ista
2492 4839 2707 4908 domus,
2739 4849 2797 4897 et
2821 4841 3042 4915 fugatur
3064 4846 3134 4903 ab
3158 4861 3222 4904 ea
3250 4846 3469 4904 inmun-

267 4961 418 5088 (2253
456 4960 657 5029 Verba,
707 4961 811 5018 Per
841 4982 992 5036 quem
1019 4966 1130 5019 lucc
1173 4968 1373 5032 omnia,
1401 4967 1490 5023 hic
1517 4976 1574 5023 et
1613 4968 1774 5037 paqu

267 5046 329 5088 ite
352 5049 384 5087 a
448 5033 876 5088 benedictionem
905 5051 1021 5088 uva:
1044 5037 1156 5088 sive
1185 5036 1322 5088 fabae
1349 5039 1530 5088 addita
1554 5040 1774 5088 demon-

197 5046 329 5089 ante
352 5033 417 5088 ad
448 5033 876 5090 benedictionem
905 5051 1021 5089 uvae
1044 5037 1156 5090 sive
1185 5036 1322 5091 fabae
1349 5039 1530 5092 addita
1554 5033 1781 5093 demon-

196 5111 383 5159 strant
405 5103 807 5160 bcnedictiones
836 5107 933 5160 bas
961 5106 1027 5159 ad
1059 5106 1144 5160 illa
1173 5109 1396 5161 canonis
1420 5110 1582 5163 verba
1610 5109 1776 5164 fuisse

196 5170 604 5247 (actas,utjatn_
625 5175 678 5228 in
698 5176 1163 5247 disquisitionihus
1192 5178 1470 5238 nostris,t.
1495 5178 1533 5242 Ι,
1562 5193 1615 5247 p.
1640 5178 1772 5245 571,

197 5244 270 5299 de
288 5242 512 5298 aliarum
535 5245 697 5299 etiam
723 5242 898 5300 rerum
916 5245 1290 5320 benedictione
1304 5242 1666 5320 ostendimus,
1685 5242 1780 5320 po-

195 5328 432 5378 morum,
470 5329 558 5368 ex.
589 5331 665 5382 g.,
692 5330 916 5384 quorum
943 5317 1029 5369 hic
1050 5317 1478 5372 benedictionem
1503 5317 1782 5376 attulimus

196 5385 470 5456 eamdem,
497 5385 692 5453 quain
731 5384 1164 5456 sacranientario
1205 5386 1491 5443 Gelasiano
1531 5390 1779 5456 habetur,

195 5453 281 5530 uti
303 5454 465 5530 etiam
486 5469 603 5510 uva:
647 5470 739 5530 seu
763 5455 916 5530 fabze,
951 5454 1218 5530 fructuum
1242 5473 1528 5521 novorum,
1554 5453 1781 5530 quorum

197 5524 628 5581 benedictionem
662 5527 717 5580 in
750 5525 972 5581 solemni
1001 5526 1164 5582 inissa
1193 5530 1539 5584 Ascensionis
1567 5524 1782 5586 Domini

200 5593 404 5670 factam
431 5594 597 5651 fuisse
634 5597 780 5670 card.
829 5595 997 5670 Bona,
1028 5595 1100 5651 lib
1146 5613 1185 5653 ιι
1226 5599 1353 5652 iter.
1403 5599 1582 5670 liturg.
1632 5616 1681 5655 c.
1717 5602 1785 5656 14

200 5667 427 5736 notaviti
457 5680 524 5721 ex
577 5667 952 5736 antiquissimo
992 5671 1431 5723 sacramentario.
1489 5667 1787 5736 Eistatque

199 5735 342 5803 apud
387 5735 488 5789 Ed.
539 5735 890 5801 Martenium,
938 5737 1010 5789 De
1054 5749 1163 5792 ant.
1221 5741 1352 5792 ecel.
1393 5740 1526 5795 disc.
1578 5743 1630 5794 In
1676 5735 1784 5797 div.

199 5805 292 5865 om
329 5806 530 5867 celebr.
559 5823 606 5865 c.
636 5808 724 5866 '28.
757 5808 823 5866 Et
870 5820 1078 5881 postea,
1119 5826 1240 5882 cap.
1281 5810 1371 5883 55,
1409 5814 1477 5869 ad
1519 5813 1662 5870 diem
1689 5829 1788 5872 vm

1881 4951 2002 5026 [Καὶ.
2032 4953 2275 5026 Augusti,
2305 4970 2369 5010 ex
2397 4964 2711 5026 pervetusto
2743 4957 2924 5014 rituali
2957 4960 3024 5016 ad
3053 4978 3212 5018 usum
3241 4963 3464 5022 dicaces.

1882 5023 2138 5100 Bemens.
2191 5023 2423 5100 habetur
2451 5027 2756 5100 benedictio
2801 5045 3085 5100 pomorum
3117 5033 3172 5087 in
3207 5034 3294 5089 die
3326 5033 3469 5090 festo

1881 5094 2164 5172 beatorum
2194 5094 2391 5172 ῥυεὶς)ὺί
2420 5106 2477 5172 et
2525 5094 2922 5172 Christophori,
2949 5103 3045 5158 sed
3095 5111 3216 5172 post
3251 5104 3468 5158 missam

1882 5165 2157 5246 dicitdici.
2179 5165 2582 5246 _ln_Cons_titut.
2611 5165 2832 5246 _Apos:t.,
2854 5165 2946 5246 lib.
2986 5165 3112 5233 νιιιξ
3134 5171 3300 5246 επιϐ.
3326 5172 3470 5246 legi-

1882 5243 1971 5288 tur
1996 5234 2242 5311 formula
2261 5234 3037 5311 benediciionis'primitiarum
3068 5257 3160 5296 seu
3191 5234 3466 5299 fructuum

1885 5319 2169 5386 novorum.
2205 5306 2391 5386 Exstat
2415 5309 2576 5363 etiam
2621 5306 3021 5386 in'euchologio
3048 5311 3225 5386 oratio
3261 5312 3322 5386 in,
3347 5328 3469 5386 uva

1887 5374 2216 5452 deiibatione
2237 5378 2304 5432 ad
2326 5378 2466 5452 diem
2491 5391 2704 5435 sextum
2730 5374 2972 5451 Augusti,
2997 5395 3106 5451 quo
3130 5381 3247 5452 ipso
3273 5382 3363 5440 die
3404 5383 3463 5440 in

1889 5446 2290 5503 recentioribus
2333 5449 2496 5504 etiam
2539 5446 2846 5507 missaiibus
2887 5446 3353 5508 uvze'ben'edictio
3376 5467 3469 5510 ea-

1890 5514 2034 5595 dem,
2065 5516 2218 5595 cujus
2251 5533 2320 5595 ex_
2355 5519 2641 5595 Gelasiano
2659 5523 2882 5595 vulgato
2910 5523 3114 5595 nostris
3150 5521 3470 5582 Monumen-

1890 5589 1964 5666 tis
1981 5589 2137 5666 modo
2159 5589 2522 5666 meminimus,
2547 5589 2782 5666 ponitur,
2809 5601 2866 5646 ut
2889 5592 3102 5666 silentio
3123 5603 3467 5660 praeteream,

1895 5659 2056 5710 ritum
2085 5659 2188 5713 diei
2215 5659 2354 5713 illius
2379 5659 2570 5715 merito
2595 5662 2932 5731 antiquatum
2965 5659 3146 5717 vinum
3176 5679 3374 5720 novum
3399 5659 3470 5720 ei

1895 5742 1998 5810 uva
2047 5731 2609 5810 recentiuexpreismn
2663 5732 2998 5810 liquandimin
3031 5733 3223 5810 calice,
3251 5735 3318 5790 de
3359 5749 3470 5810 quo

1895 5796 2206 5869 Duraudus,
2233 5801 2327 5857 lib.
2361 5796 2433 5857 vn
2474 5800 2691 5859 liation.
2719 5796 2832 5860 div.
2865 5802 2955 5863 oﬁ'.
2990 5819 3043 5864 c.
3065 5805 3138 5861 22
3207 5796 3220 5804 ’
3375 5796 3416 5862 ’ς
