3962 5386
495 266 513 287 τ
534 170 673 257 an

1272 170 1563 246 arcano.
1591 185 1686 245 Αι)
1715 184 1890 244 sane.
1929 185 1997 241 χ.
2039 214 2108 227 -
2143 182 2577 245 manumanu
2611 186 2885 247 mune.

3677 188 3801 249 {09%

508 308 640 368 das
666 305 895 383 spiritus
920 318 1023 380 per
1045 303 1302 361 virtutem
1346 303 1447 360 Dni
1477 303 1564 359 nri
1602 301 1697 359 lhu
1728 300 1855 372 Xpi,
1879 308 1941 355 ut
1964 301 2124 355 detur
2148 296 2203 365 Α
2225 302 2420 373 quise:
2439 320 2503 361 ea
2526 305 2845 377 gustaverit,
2865 304 3270 365 tibiimmensas
3291 306 3801 381 referatgratiarum’

533 398 611 459 ibi
650 399 904 457 omnibus
928 395 1405 454 commanentibus
1447 394 1671 458 sanitas,
1701 392 1943 456 claritas,
1974 391 2118 447 hila-

532 490 672 550 ritas
727 497 1047 564 protegente
1102 503 1166 545 ac
1218 494 1472 544 servante
1523 485 1811 543 maiestate
1878 492 1967 540 tua
2011 483 2119 540 Do-

534 580 701 643 mine.
732 583 857 642 Per.
882 622 891 633 ι
2116 586 2121 587 “

822 684 1141 732 BENEDICTIO
1179 688 1333 740 AQUE
1368 688 1538 731 SUPER
1576 686 1828 730 SEGETES.

547 833 556 849 ι
604 766 842 830 Benedic
868 768 1099 828 Domine
1118 772 1263 828 hanc
1289 781 1596 828 creaturam
1622 786 1795 843 aqum,
1825 779 1886 825 ut
1911 768 2121 842 mgiant

534 865 773 932 i‘ermes,
801 870 859 920 et
884 861 1136 922 volucres
1165 879 1197 919 a
1226 864 1430 921 nostris
1478 864 1754 937 segetibus
1793 878 1893 935 per
1921 877 2119 918 nomen

533 944 638 1040 ριιί
666 955 754 1013 nri
790 955 889 1015 lhu
936 955 1042 1028 Xpi
1081 956 1226 1031 quod
1258 956 1567 1013 invocatum
1612 966 1694 1013 est
1725 957 1778 1012 in
1811 957 1926 1029 ipsa
1968 956 2124 1011 creaé

535 1044 660 1108 tura
685 1049 902 1120 messis,
929 1056 992 1106 ut
1016 1064 1147 1106 sana
1169 1049 1243 1107 sit
1269 1050 1543 1117 omnibus,
1570 1051 1662 1122 qui
1692 1057 1920 1105 utuntur
1939 1063 2008 1106 ex
2030 1063 2116 1105 ea.

980 1158 1182 1202 ORATIO
1218 1159 1386 1200 SUPER
1423 1159 1549 1200 SEGE
1556 1159 1675 1202 TES.
2116 1160 2117 1165 “

606 1234 835 1293 Domine
877 1243 1063 1292 sancte
1115 1232 1281 1291 Pater
1328 1235 1671 1305 omnipotens
1713 1242 1916 1290 aeterne
1955 1232 2117 1298 Deus,

536 1304 791 1403 permitte
838 1328 1103 1402 Spiritum
1155 1338 1401 1385 sanctum
1453 1304 1601 1384 tuum
1648 1342 1770 1382 cum
1826 1324 2121 1381 Panchielo

537 1420 689 1495 (224)
726 1418 1086 1495 Archangelo,
1142 1431 1201 1479 ut
1247 1420 1499 1478 defendat
1553 1430 1766 1494 segetes
1811 1427 2030 1475 nostras
2090 1433 2120 1473 a

534 1512 838 1595 yemlibus,
881 1528 915 1570 a
964 1513 1294 1581 volucribus,
1347 1528 1376 1568 a
1433 1513 1768 1570 daemonibus
1820 1512 1999 1577 malis,
2063 1517 2122 1564 ut

538 1588 922 1680 magniﬁcam
951 1622 1147 1664 nomen
1194 1616 1345 1664 tuum
1372 1606 1516 1663 Dcus
1556 1606 1609 1661 in
1638 1605 1785 1660 omni
1824 1604 1963 1660 loco.
1992 1603 2118 1660 Per.

748 1715 1068 1757 RENEDICTIO
1103 1716 1251 1757 SALIS
1287 1716 1356 1755 AD
1392 1714 1593 1756 OCULOS
1632 1715 1896 1756 HOlIINUM.

538 1782 549 1796 “
588 1786 755 1847 Sana
780 1789 1008 1847 Domine
1031 1789 1218 1847 oculos
1254 1789 1492 1846 hominis
1535 1789 1711 1855 istius,
1746 1804 1869 1845 eum
1899 1788 2119 1846 benedi-

537 1880 717 1963 cimus
742 1880 885 1939 hanc
907 1891 1217 1940 creaturam
1240 1882 1390 1949 salis,
1420 1882 1474 1939 iu
1505 1883 1721 1938 nomine
1746 1882 1923 1938 Patris
1948 1891 2004 1938 et
2031 1881 2124 1937 Fi-

536 1967 597 2028 ιιι
623 1979 679 2027 et
715 1970 952 2044 Spiritus
987 1974 1183 2042 sancti,
1229 1973 1370 2031 sicut
1395 1974 1658 2045 aperuisti
1689 1974 1923 2030 duorum
1949 1987 2128 2029 caeco-

540 2076 666 2125 rum
693 2061 1047 2121 clamantium
1075 2065 1172 2120 tibi
1202 2065 1256 2120 in
1287 2064 1567 2138 cvangelio
1590 2081 1653 2121 ac
1685 2065 1977 2121 dicentium
2022 2065 2127 2122 mi-

538 2146 724 2211 serere
744 2153 916 2211 nostri
954 2155 1030 2212 ﬁli
1056 2156 1245 2225 David,
1269 2167 1324 2213 et
1375 2156 1696 2214 manifestus
1725 2157 1869 2213 fuisti
1916 2155 2038 2223 illis,
2073 2166 2129 2213 et

541 2246 715 2318 aperti
743 2248 1019 2304 suntoculi
1035 2264 1248 2316 eorum,
1272 2261 1327 2306 et
1348 2250 1486 2306 sicut
1509 2250 1576 2317 is,
1607 2249 1698 2321 qui
1723 2259 1881 2320 sputo
1902 2257 2127 2306 sanatus

530 2326 597 2394 ’ét
620 2330 829 2394 lavatus
855 2336 910 2395 in
938 2341 1209 2399 natatorio
1230 2340 1377 2397 Siloe
1404 2340 1585 2396 lumen
1611 2341 1871 2407 redditus,
1900 2341 1980 2397 sic
2003 2355 2130 2412 ape-

539 2427 759 2486 riantur
776 2430 921 2488 oculi
952 2430 1113 2489 istius
1141 2432 1378 2491 hominis
1402 2448 1502 2505 per
1526 2442 1578 2490 te
1605 2432 1701 2489 lhu
1726 2430 1845 2504 Xpe
1880 2430 1974 2504 qui
2005 2430 2125 2488 cum

538 2517 705 2579 Patre
737 2522 846 2578 viv.

534 2602 547 2607 ’
1003 2628 1325 2671 BENEDICTIO
1358 2628 1662 2671 ocuroaun.

612 2698 759 2760 Sana
782 2701 1013 2761 Domine
1056 2705 1243 2761 oculos
1285 2705 1522 2762 hominis
1544 2706 1723 2773 istius,
1755 2706 1896 2762 sicut
1921 2705 2127 2761 sanasti

526 2793 731 2853 Miles
756 2790 964 2862 Tobiae,
985 2803 1040 2852 et
1065 2795 1294 2852 duorum
1330 2811 1623 2864 caecorum,
1656 2811 1792 2868 quos
1815 2786 1882 2868 in:
1902 2809 2133 2866 evange-

540 2889 617 2951 lio
636 2900 1045 2960 commemorat,
1072 2908 1242 2967 purga
1271 2893 1479 2960 oculos,
1506 2893 1715 2965 expelle
1761 2891 2046 2955 festucam,
2074 2899 2131 2947 et

540 2994 820 3054 aream,et
842 3000 1004 3042 omne
1025 2986 1171 3058 quod
1197 2995 1356 3043 nocet
1374 2986 1565 3054 oculis,
1589 2995 1646 3043 et
1673 2994 1929 3057 appareat
1955 2983 2126 3056 gloria

539 3082 635 3134 tua
662 3074 719 3133 in
740 3075 888 3133 omni
913 3074 1056 3133 loco.
1085 3075 1208 3132 Per.

906 3181 1108 3224 ORATIO
1144 3182 1247 3224 PRO
1279 3183 1488 3225 DOLORE
1527 3184 1751 3224 PARTUS.

552 3306 575 3337 ,ι
610 3256 760 3321 Deus
787 3256 879 3330 qui
923 3258 992 3314 ab
1015 3257 1180 3319 inicio
1207 3258 1384 3316 fecisti
1435 3260 1731 3327 hominem,
1773 3267 1829 3316 et
1858 3259 2052 3317 dedisti
2081 3259 2141 3333 ei

525 3332 848 3423 Aadjutorem
876 3349 1108 3408 similem
1138 3351 1267 3418 sibi,
1323 3359 1382 3407 ut
1409 3360 1742 3419 crescerent,
1789 3360 1842 3407 ct
1874 3352 2133 3428 multipli-

542 3448 798 3518 carentur
824 3455 988 3514 super
1020 3448 1244 3509 terram,
1272 3442 1338 3499 da
1368 3443 1799 3500 misericordiam
1825 3452 1969 3498 tuam
2006 3444 2132 3500 huic

544 3530 761 3590 famulae
782 3532 983 3591 tumill.
1012 3542 1071 3590 ut
1097 3549 1357 3608 prospere
1381 3545 1437 3594 et
1464 3537 1583 3597 sine
1616 3536 1800 3594 dolore
1838 3539 2128 3617 parturiet,
2210 3618 2213 3619 ν

537 3621 662 3681 Per.

610 3731 811 3775 ORATIO
843 3731 1010 3775 SUPER
1044 3732 1259 3775 FONTEII
1310 3734 1396 3777 UBI
1449 3734 1645 3784 ALIQUA
1689 3731 2059 3776 NEGLEGENTIA

1189 3826 1463 3869 CONTIGIT.

531 3958 535 3969 ί
608 3899 837 3958 Domine
884 3910 1074 3959 sancte
1120 3900 1283 3958 Pater
1311 3903 1656 3973 omnipmens
1702 3909 1905 3958 azterne
1959 3903 2124 3969 Deus,

538 3987 632 4062 qui
652 4004 751 4060 per
775 3989 1164 4048 invisibilitatis
1209 4001 1311 4047 tua:
1350 3992 1651 4062 potentiam
1695 3992 1795 4047 has
1846 4006 2016 4062 aquas
2061 4007 2127 4048 ex

540 4082 745 4141 nichilo
770 4084 1020 4141 conditas
1045 4084 1101 4139 in
1117 4082 1276 4154 hujus
1297 4084 1466 4139 maria
1494 4083 1727 4140 formam
1757 4084 1967 4139 visibilc
1988 4100 2123 4156 pra:-

538 4172 707 4233 buisti
737 4168 900 4247 atque
925 4189 994 4231 ex
1022 4175 1220 4231 abditis
1242 4175 1710 4247 investigabilihus
1737 4192 1974 4233 concava
2027 4193 2128 4249 per

539 4264 725 4337 abyssi
752 4264 1179 4338 magnitudinem
1198 4264 1467 4337 largitatis
1488 4275 1593 4323 tua:
1618 4269 1849 4341 gratiam
1871 4269 2126 4326 humanis

539 4357 735 4433 usibus
762 4355 964 4416 ﬂuenta
1000 4357 1245 4416 fontibus
1267 4357 1528 4416 inﬂuxisti
1562 4371 1612 4416 te
1633 4361 1901 4432 supplices
1929 4376 2124 4419 exora-

540 4462 685 4517 mus,
710 4458 770 4506 ut
797 4449 898 4507 has
926 4466 1117 4524 aquas,
1169 4467 1306 4523 quas
1334 4452 1671 4525 neglegentia
1702 4452 1910 4524 polluit,
1952 4455 2125 4511 sancti

542 4538 784 4612 Spiritus
808 4541 882 4597 tui
903 4542 1078 4616 gratia
1102 4542 1171 4599 ad
1201 4543 1543 4600 mundiciam
1562 4554 1780 4602 revocet
1824 4555 1986 4616 atque
2028 4562 2129 4617 pu-

508 4629 721 4697 ,rilicet
746 4639 804 4688 et
820 4631 1045 4704 spiritus
1072 4632 1252 4690 callidi
1282 4633 1455 4690 hostis
1478 4634 1755 4703 abscedat,
1778 4651 1845 4691 ac
1874 4635 2128 4706 deinceps

540 4720 959 4792 sanctificatum,
984 4721 1203 4781 familiae
1233 4734 1338 4781 tua:
1365 4726 1656 4798 potabilem
1684 4728 1913 4794 tribuas,
1959 4738 2126 4799 utque

539 4813 846 4888 palantium
896 4828 1126 4888 corpora
1176 4816 1421 4882 mundet.
1473 4819 1745 4890 cordaque
1802 4817 2122 4876 sanctiﬁcet.

540 4908 666 4968 Per.

986 5015 1304 5061 IENEDICTIO
1343 5018 1503 5062 PUTEI
1538 5019 1683 5062 NOYI.

610 5093 861 5154 Oremus.
912 5094 1147 5154 Benedic
1198 5110 1509 5167 quaesumus
1561 5095 1909 5167 omnipotens
1961 5095 2126 5165 Deus,

541 5191 684 5250 hanc
715 5193 1010 5252 cisternam
1034 5209 1190 5266 aqua:
1226 5193 1282 5251 in
1329 5208 1437 5263 qua
1487 5193 1634 5248 exitu
1666 5202 1825 5249 terrae
1859 5192 2127 5248 interiora

540 5296 641 5356 per
666 5286 936 5357 spiracula
963 5284 1318 5359 profluentem
1343 5285 1560 5340 laticem
1591 5284 1857 5340 inundare
1893 5284 2121 5355 jussisti,

2221 396 2483 454 actiones.
2527 396 2649 455 Per.

2293 506 2491 546 osa-no
2535 506 2701 548 serua
2737 507 2873 550 vast
2910 508 3154 551 REPER‘I'A
3189 508 3247 550 nt
3281 507 3439 552 mets
3473 507 3749 558 sum

2295 580 2651 653 Omnipotens
2676 593 2876 640 aeterne
2898 585 3041 641 Deus
3072 585 3249 643 insere
3271 596 3325 643 te
3371 584 3572 642 ciliciis
3594 587 3806 654 nostris,

2221 684 2276 733 et
2305 677 2421 734 haec
2441 676 2662 733 vascula
2694 685 2812 733 arte
2842 675 3104 733 fabricata
3135 678 3416 750 gentilium
3454 675 3807 735 sublimitatis

2222 778 2328 824 tuae
2354 769 2593 840 potentia
2622 768 2694 824 ita
2721 769 3014 825 emendare
3034 769 3295 841 digneris,
3323 776 3386 824 ut
3404 767 3554 825 omni
3586 767 3810 824 immun-

2222 854 2356 916 ditia
2386 859 2632 931 depulsa,
2661 858 2772 915 sint
2794 859 2904 915 tuis
2930 858 3180 917 fidelibus
3201 866 3445 931 tempore
3482 858 3643 933 pacis
3662 854 3809 932 aulae

2222 953 2634 1025 tranquillitatis
2655 952 2876 1009 utenda.
2911 951 3035 1009 Per.

2462 1060 2781 1102 DENEDICTIO
2816 1060 2887 1100 AD
2923 1061 3088 1102 OMNIA
3122 1061 3241 1112 QUE
3277 1059 3565 1105 YOLUBRIS.

2290 1136 2526 1196 Benedic
2553 1139 2781 1196 Domine
2805 1151 3108 1197 creaturam
3143 1141 3301 1197 istam
3330 1140 3405 1197 ill.
3431 1150 3543 1198 etc.

2507 1245 2827 1287 BENEDICTIO
2860 1246 3023 1287 SUPER
3062 1246 3274 1288 VRSTBII
3310 1246 3515 1289 ΝῡνΑΙ.

2295 1322 2646 1394 Signaeulum
2686 1322 2782 1378 Dei
2833 1338 2995 1394 super
3022 1323 3165 1380 hanc
3217 1332 3423 1379 vestem
3457 1339 3687 1389 novam,
3716 1338 3808 1394 qua

2221 1411 2511 1470 induantur
2533 1412 2803 1481 homines,
2818 1424 2873 1468 ut
2893 1412 3127 1484 Spiritus
3144 1425 3362 1469 sanctus
3378 1425 3569 1487 regnat
3581 1416 3640 1468 in
3656 1414 3811 1468 homi-

2222 1522 2312 1572 ne,
2334 1508 2422 1577 qui
2447 1505 2649 1562 circum
2675 1522 2732 1563 se
2773 1507 3007 1564 induerit
3030 1509 3079 1563 in
3105 1509 3321 1565 nomine
3340 1509 3526 1564 Patris
3545 1518 3598 1565 et
3623 1508 3738 1565 Filii
3762 1515 3812 1564 et

2224 1597 2460 1670 Spiritus
2485 1598 2659 1655 sancti
2687 1609 2905 1656 maneat
2924 1616 3106 1657 secum
3138 1602 3189 1656 in
3222 1602 3416 1657 szecula
3442 1601 3798 1657 saeculorum;

2362 1730 2684 1771 BENEDICTIO
2721 1730 2924 1781 VIDUE,
2963 1731 3083 1780 QUE
3119 1732 3316 1774 FUERIT
3355 1732 3708 1773 CASTITATEI
3788 1790 3795 1799 ‘

2863 1802 3150 1843 PROFESSA.

2297 1875 2590 1933 Consolare
2618 1876 2843 1933 Domine
2873 1877 3012 1935 hanc
3036 1877 3293 1935 famu.am
3346 1888 3499 1935 tuam
3548 1876 3813 1935 viduitati

2224 1966 2503 2025 laboribus
2528 1971 2903 2036 constrictum,
2959 1969 3104 2025 sicut
3158 1968 3426 2027 consolari
3475 1968 3730 2040 dignatus
3761 1980 3811 2024 es

2228 2059 2512 2133 Sareptam
2556 2062 2773 2119 viduam
2803 2075 2901 2133 per
2943 2059 3153 2118 Belisea
3182 2062 3544 2134 prophetam;
3587 2060 3809 2117 eamcede

2227 2152 2277 2208 ei
2308 2154 2579 2225 pudicitia:
2605 2153 2863 2222 fructum,
2890 2161 2954 2208 ut
2997 2154 3341 2225 antiquarum
3382 2168 3491 2210 non
3520 2150 3811 2208 meminerit

2225 2245 2584 2317 voluptatum.
2610 2245 2831 2303 Nesciat
2856 2246 3000 2302 enim
3026 2246 3296 2302 incentiva
3327 2245 3631 2310 desideria,
3656 2242 3809 2300 utsoli

2229 2336 2328 2392 tibi
2350 2337 2548 2394 subdat
2594 2339 2812 2409 propria
2842 2337 3000 2405 colla,
3044 2353 3151 2410 quo
3185 2337 3356 2409 possit
3403 2352 3507 2408 pro
3552 2336 3810 2392 laboribus

2229 2430 2398 2486 tantis
2423 2430 2767 2500 sexagesimo
2791 2431 2959 2499 gradu
2979 2431 3259 2503 percipere
3279 2444 3481 2486 munus
3507 2426 3809 2485 delectahik

2229 2520 2554 2577 sanctitatis.
2595 2519 2717 2576 Per.

2229 2649 2547 2693 BENEDICTIO
2580 2650 3035 2693 VESTIIENTORUM
3081 2652 3339 2694 νιιισιιεωι
3381 2651 3489 2692 νει.
3526 2620 3806 2693 τιυῠλιυή.

2304 2753 2448 2810 Deus
2474 2763 2800 2810 aeternorum
2831 2755 3100 2811 bonorum
3127 2754 3447 2812 fidelissime
3489 2753 3803 2824 promissor;

2232 2845 2349 2901 hzec
2374 2844 2686 2901 indumenta
2735 2845 3097 2903 humilitatem
3145 2846 3327 2911 cordis
3368 2855 3427 2902 et
3452 2854 3807 2915 contemptum

2231 2935 2418 2991 mundi
2433 2935 2814 3008 significantia,
2841 2952 2963 3007 quae
2987 2933 3210 2992 familiae
3236 2945 3340 2991 tua:
3365 2944 3561 2992 sancto
3599 2931 3807 2990 visibilio

2158 3042 2204 3105 ρ
2236 3036 2321 3084 ter
2347 3037 2474 3084 sunt
2504 3028 2844 3085 informauda
2884 3028 3189 3101 proposito,
3234 3028 3507 3099 propitius
3538 3027 3805 3083 benedicas

2231 3129 2289 3177 et
2312 3122 2487 3178 beata:
2513 3122 2787 3179 castitatis
2809 3122 3081 3190 habitum,
3131 3137 3293 3193 quem
3323 3129 3379 3178 te
3406 3122 3687 3193 aspirante
3710 3134 3805 3176 sus-

2230 3216 2461 3288 ceperit,
2486 3224 2539 3273 te
2567 3226 2884 3288 protegente
2932 3218 3223 3286 custodiat,
3274 3226 3331 3275 et
3371 3232 3539 3288 quam
3582 3217 3803 3274 vestibus

2230 3311 2554 3365 veneranda:
2580 3310 2956 3381 promissionis
3002 3310 3185 3366 induis
3231 3309 3628 3381 temporaliter,
3665 3310 3803 3366 beata

2228 3400 2396 3458 facias
2422 3400 2825 3458 immortalitate
2850 3401 3056 3459 vestiri.
3080 3401 3143 3458 P.

2291 3530 2490 3572 ORATIO
2528 3530 2596 3570 AD
2634 3530 2881 3572 ABBATEII
2921 3530 3244 3582 FACIENDUII,
3282 3530 3384 3572 γει
3424 3516 3764 3599 Αιιιιιτιεειμ.

2302 3625 2553 3683 Concede
2575 3642 2885 3698 quaesumus
2912 3627 3257 3698 omnipotens
3280 3624 3425 3681 Deus
3452 3634 3507 3681 et
3558 3622 3799 3703 famulum

2233 3728 2405 3787 tuum,
2436 3718 2521 3774 vel
2552 3718 2805 3790 famulam
2841 3728 3013 3786 tuam,
3041 3734 3203 3791 quem
3229 3718 3298 3774 ad
3337 3719 3581 3791 regimen
3617 3708 3803 3771 anima-

2231 3825 2352 3866 rum
2393 3808 2656 3881 elegimus
2703 3807 2890 3880 gratiae
2943 3817 3049 3865 tute
3091 3811 3231 3865 dono
3286 3823 3637 3880 prosequere,
3659 3814 3715 3873 ut
3757 3814 3802 3860 te

2230 3898 2496 3973 largiente
2521 3899 2782 3973 eumipsa
2813 3901 2906 3957 tibi
2952 3910 3139 3958 nostra
3184 3901 3457 3959 electione
3481 3899 3800 3975 placeamus.

2228 3988 2353 4048 Per.

2445 4082 2632 4142 ORDO
2668 4084 2762 4140 AD
2800 4084 3149 4143 CLERICUM
3183 4081 3605 4141 FACIENDUM.

2517 4178 2618 4249 (Ex
2655 4194 2757 4236 ms.
2785 4178 3067 4252 Rhenaug.
3105 4195 3233 4235 saec.
3254 4195 3310 4234 xt
3344 4179 3501 4250 circ.)

2303 4268 2505 4326 Praesta
2546 4285 2859 4342 quaesumus
2900 4270 3246 4342 omnipotens
3276 4270 3420 4326 Deus
3448 4269 3577 4327 huic
3617 4262 3799 4325 famulo

2233 4368 2326 4417 ιυο
2357 4370 2465 4419 εις.

2339 4470 2470 4511 ιτειι
2508 4470 2575 4511 AD
2612 4471 2880 4513 CLERICUM
2914 4472 3015 4512 γει
3051 4472 3339 4515 ΙΙΟΝΑΕΠῊΜ
3366 4454 3696 4514 ἐλειεςουιι.

2303 4549 2505 4606 Adesto
2555 4550 2782 4606 Domine
2832 4551 3315 4623 supplicationibus
3342 4547 3569 4616 nostris,
3592 4561 3647 4605 et
3675 4548 3799 4603 hunc

2234 4640 2495 4697 {amulum
2524 4649 2670 4698 tuum
2698 4641 3016 4700 benedicere
3045 4643 3287 4715 dignare,
3319 4643 3407 4700 cui
3434 4642 3491 4698 in
3524 4651 3614 4699 tuo
3633 4649 3799 4698 sancto

2234 4733 2453 4789 nomine
2484 4732 2725 4788 habitum
2756 4749 2924 4790 saeue
2971 4734 3244 4806 religionis
3286 4734 3637 4807 imponimus,
3664 4740 3721 4786 ut
3760 4739 3802 4790 te

2235 4822 2522 4895 largiente,
2581 4834 2637 4882 et
2659 4825 2853 4882 devote
2882 4826 2935 4882 in
2963 4826 3193 4884 ecclesia
3231 4826 3549 4900 persistere,
3579 4835 3635 4882 et
3654 4826 3797 4881 vitam

2232 4918 2514 4990 percipere
2535 4927 2808 4976 mereatur
2833 4929 3115 4977 aeternam.
3144 4918 3251 4977 Per
3270 4920 3334 4975 D.
3750 4982 3755 4987 ,

2308 5008 2458 5065 Inter
2496 5010 2816 5066 tondendum
2852 5011 3101 5066 dicantur
3143 5012 3227 5067 ha:
3265 5012 3592 5082 amiphonw.
3626 5008 3704 5065 Tu
3750 5021 3800 5064 es

2235 5100 2461 5157 Domine
2505 5109 2608 5157 etc.
2636 5100 2705 5156 Et
2754 5102 2881 5158 dicit
2931 5104 3217 5158 orationem
3260 5101 3466 5159 Prmsta
3508 5113 3797 5175 quaesumus

2232 5193 2574 5267 omnipotens
2593 5191 2737 5250 Deus
2765 5194 2892 5251 huic
2922 5193 3124 5251 famulo
3154 5203 3244 5252 tuo
3271 5204 3380 5251 etc.

2660 5286 2846 5344 Oratio
2881 5288 2950 5343 ad
2987 5288 3377 5361 capillaturam.
3396 5330 3414 5344 ς

2311 5375 2343 5386 Α
