3962 6326
176 231 347 335 Quoi
1018 263 1405 334 BENEDICT.,
1443 264 1875 326 conscensa
1912 270 2002 329 ET
2037 272 2363 330 onum“.
2395 270 2646 334 vanu-3.
3333 283 3477 357 ica;

182 371 382 447 (hos)
407 367 669 465 famulum
695 365 821 444 (os)
846 379 1001 465 tuum,
1024 370 1150 444 (os)
1178 387 1336 443 quem
1361 373 1487 448 (os)
1512 376 1578 430 ad
1602 391 1796 433 novam
1822 385 1875 465 Α
1902 378 2132 439 fectione
2157 386 2448 441 sustentari
2494 394 2798 456 mereatur;
2830 398 2890 446 ut
2932 390 3075 449 sicut
3117 396 3366 451 attestari
3406 398 3477 459 de

181 463 460 558 tondendi
486 463 718 536 gratiam
730 478 929 520 vocare
954 464 1203 536 dignatus
1224 481 1304 531 es,
1334 466 1578 522 tribuens
1597 469 1646 523 ei
1669 468 1793 543 (eis)
1826 463 1833 465 ’
1897 475 2004 532 tuis
2023 477 2214 533 ovibus
2234 478 2486 551 dignatus
2497 495 2579 547 es;
2610 497 2843 556 agnosce
2857 500 2980 542 eum
3004 487 3147 545 inter
3170 496 3301 546 oves
3318 499 3471 558 tuas;

180 555 586 653 {emissionem
600 570 842 653 omnium
853 564 1394 653 peccatorumlatque
1410 558 1479 614 ad
1491 559 1793 616 caelestium
1893 574 1951 627 et
1974 568 2089 639 ipse
2113 578 2165 626 te
2179 581 2460 643 agnoscat,
2486 584 2545 629 ut
2566 554 2801 633 alienum
2828 593 2932 635 non
2947 592 3225 651 sequatur,
3257 583 3355 640 sed
3385 554 3476 653 te

178 649 471 709 donorum
499 647 790 723 pervenire
808 650 1166 706 consortium.
1197 648 1319 705 Per.

1891 674 2072 732 neque
2098 662 2282 719 audiat
2306 680 2494 722 vocem
2517 666 2836 738 alienorum,
2862 671 2959 727 sed
2987 647 3278 736 tuam.qua
3301 647 3470 739 dicis;

811 763 895 819 Ad
930 764 1169 820 θηνθαηι,
1889 749 1985 820 qui
2009 751 2142 807 mihi
2172 753 2466 823 ministrat,
2499 772 2587 812 me
2615 767 2895 830 sequatur.
2921 762 3023 829 Qui
3053 763 3190 819 vrvis
3220 772 3329 821 etc.

160 890 181 899 ρ
270 860 440 926 Deus,
466 856 622 931 cuius
671 856 877 930 Spiritu
904 868 1161 915 creatura
1212 861 1393 916 omnis
1436 861 1789 922 incrementis
1962 840 2163 899 sane”
2186 843 2442 915 Spiritus!
2473 850 2564 917 ίῐυί
2593 858 2644 905 ιθ
2669 849 2862 918 Deum.
2892 866 2957 908 ³ο
2985 852 3276 910 Dominum
3319 869 3472 925 ιένθτ

168 951 385 1009 adtrita
408 952 737 1024 eongaudet,
759 951 952 1007 exaudi
974 966 1161 1022 preces
1205 962 1418 1009 nostras
1452 969 1616 1024 super
1646 955 1790 1013 hunc

162 1040 477 1100 famulum-
493 1051 651 1099 ωυωτ
675 1040 740 1097 Ν.
770 1040 1032 1110 juvenilis
1052 1043 1229 1100 aetatis
1255 1044 1452 1100 decore
1492 1044 1786 1113 laetantem,

172 1140 253 1191 et
277 1133 467 1190 ﬂorem
494 1132 691 1204 primis
710 1132 971 1203 auspiciis
999 1133 1381 1190 adtondeutem
1417 1152 1432 1188 :
1458 1135 1654 1190 exaudi
1678 1135 1785 1192 Do-

158 1223 365 1290 mine,
390 1222 517 1278 utin
534 1220 786 1277 omnibus
797 1222 1155 1292 protectionis
1175 1230 1282 1278 tua:
1304 1223 1545 1279 munitus
1562 1223 1782 1291 auxilio,

158 1313 474 1373 western
495 1312 928 1369 benedictionem
961 1312 1214 1383 accipiat,
1258 1320 1315 1369 et
1350 1314 1634 1385 praesentis
1659 1314 1785 1371 vitae

168 1404 464 1479 prasidiis
502 1405 754 1476 gaudeat,
786 1414 843 1459 et
864 1412 1100 1460 teter-nm.
1131 1404 1254 1462 Per.

164 1524 175 1531 -
265 1495 399 1553 Post
422 1496 623 1569 Evang.
674 1497 895 1568 majoris
945 1495 1125 1553 Missa?
1178 1498 1457 1553 Ordinatio
1504 1500 1784 1553 monac/w-

166 1602 312 1646 ﬂsm
335 1600 410 1647 est
455 1591 659 1664 agenda
678 1591 775 1646 Itoc
822 1592 1010 1646 modo:
1041 1592 1153 1664 Ego
1192 1591 1365 1647 frater
1411 1591 1476 1647 N.
1522 1593 1780 1663 promitto
1883 1574 2044 1645 mlius
2068 1586 2272 1633 ⁵³³⁸³οί³⁵
2302 1580 2659 1638 ίηδίῖιυιίοηίε
2708 1583 3071 1657 legislalorem
3116 1586 3341 1656 dedis“;
3370 1574 3471 1659 “cii

569 1687 623 1734 ει
649 1680 1058 1735 conversionem
1088 1696 1298 1736 morum
1317 1695 1559 1734 meorum
1575 1690 1629 1735 οι
1649 1680 1781 1736 obe-
1808 1750 1853 1759 _
1884 1682 1990 1722 non
2012 1678 2066 1759 et
2090 1668 2316 1726 aliorum
2333 1671 2650 1729 Sanctorum
2676 1675 2742 1730 3d
2768 1691 2994 1747 (ιιιοῐυιι)
3019 1679 3236 1734 nomina
3252 1678 3471 1759 petilio?

162 1773 449 1829 dientiam
478 1773 776 1830 secundum
802 1772 1063 1843 Regulam
1089 1773 1260 1828 sancti
1277 1772 1570 1828 BENEDICTI
1595 1787 1762 1829 coran

1884 1771 2008 1812 nem
2033 1757 2180 1825 facit,
2206 1775 2329 1816 eum
2356 1778 2385 1817 a
2410 1764 2653 1820 vanitate
2678 1768 3148 1841 scculi.,veraciter
3175 1750 3466 1841 converte;

154 1864 322 1934 Deo,
349 1875 405 1923 et
428 1864 646 1922 Sanctis
674 1864 791 1935 ejus
814 1866 869 1921 in
900 1866 1001 1921 hoc
1045 1866 1376 1921 monasterio
1415 1864 1778 1937 Renaugensi,
1882 1859 1937 1907 ει
1959 1851 2102 1908 Sic“
2127 1869 2188 1910 εδ
2213 1857 2452 1912 omnm"!
2476 1862 3117 1933 PeccaiOTumiﬁemiSSiO.
3152 1862 3470 1941 deprime“?

162 1956 332 2030 quod
359 1966 443 2013 est
469 1963 841 2013 constructum
867 1956 922 2012 in
947 1956 1157 2012 honore
1192 1955 1252 2012 S.
1281 1955 1468 2011 Mariae
1501 1955 1762 2027 genitricit

1883 1943 1953 1999 tis
1975 1944 2266 2017 impietatis
2280 1949 2636 2021 obligationes
2670 1953 2723 2007 in
2738 1968 2804 2008 eo
2827 1953 3082 2018 dissolve,
3114 1963 3169 2011 et
3190 1954 3258 2011 ad
3279 1956 3471 2029 obses;

167 2045 319 2114 Dei;
352 2047 406 2103 in
437 2047 727 2118 prasentia
758 2047 971 2102 Domini
1001 2056 1106 2103 etc.
1136 2047 1383 2104 Abbatis.

1881 2036 2120 2091 vantiam
2144 2036 2303 2107 hujus
2329 2041 2502 2096 sancti
2530 2043 2790 2113 propositi
2812 2044 2898 2101 fac
2921 2061 3044 2102 eum
3079 2047 3333 2103 certatim
3360 2044 3470 2123 fer?

258 2136 381 2194 Hoc
401 2148 679 2210 postquam
704 2136 897 2208 singuli
919 2136 1116 2208 legunt,
1147 2148 1229 2193 ter
1256 2139 1455 2194 veniant
1484 2156 1642 2212 super
1668 2155 1762 2194 ma-

1879 2141 2010 2183 vere
2038 2128 2092 2183 in
2124 2130 2564 2191 tribulationibus
2600 2146 2658 2191 et
2696 2138 2992 2210 angustiis;
3041 2147 3102 2195 ut
3132 2147 3220 2196 tua
3275 2129 3471 2223 indelif

162 2246 285 2289 ..ω
305 2241 545 2304 “genua
573 2241 803 2301 pmnm
830 2232 969 2285 hunc
1010 2232 1040 2300 ᾗ
1068 2271 1081 2285 ,
1105 2232 1286 2286 diem“
1325 2248 1344 2286 ε
1879 2220 2044 2276 cienti
2077 2224 2447 2283 consolatione
2484 2227 2660 2284 valeat
2696 2230 2988 2303 respirare,
3017 2240 3073 2288 et
3118 2231 3269 2303 juste
3294 2243 3350 2292 et
3377 2220 3468 2311 pie

268 2323 308 2392 ᾗ
332 2361 347 2375 ,
381 2321 609 2393 Suscipe
640 2337 726 2377 me
756 2323 986 2377 Domine
1020 2323 1317 2379 secundum
1349 2333 1456 2380 etc,
1879 2327 1980 2387 per
2005 2330 2193 2373 veram
2219 2318 2579 2376 humilitatem
2610 2331 2774 2393 atque
2793 2323 3155 2381 obedientiam
3185 2326 3241 2380 in
3272 2326 3470 2385 fratcr-

146 2444 157 2453 ο
255 2414 460 2481 Quibus
511 2422 763 2469 conventu
814 2414 1153 2484 respondente
1202 2414 1546 2486 adjungcndo
1592 2413 1762 2471 Glorit

1881 2421 1951 2463 na
1977 2409 2205 2465 caritate
2227 2408 2504 2479 fundatus,
2533 2413 2678 2483 quod
2707 2423 2758 2470 tc
2787 2414 3021 2472 donante
3045 2416 3336 2488 promittit,
3385 2400 3466 2495 fe:-

162 2514 289 2565 διο.
314 2508 415 2579 ipsi
433 2508 616 2562 novitii
634 2523 818 2578 gyrum
832 2507 1078 2577 facientes
1097 2508 1248 2577 ﬂexis
1279 2507 1583 2577 poplitibus,
1637 2516 1779 2578 post-
1880 2502 1970 2562 lici
1993 2508 2397 2576 perseverantia
2429 2510 2717 2580 compleat.
2749 2509 2903 2579 Quod
2944 2511 3059 2581 ipse
3083 2522 3348 2583 praestare
3387 2513 3468 2577 di-

146 2610 242 2659 «tu
270 2610 622 2672 prosternunt
651 2616 705 2653 se
736 2599 804 2653 ad
827 2609 964 2653 orat.
1002 2597 1071 2652 Et
1126 2598 1360 2653 Domnus
1408 2598 1580 2653 Abbas
1629 2608 1778 2654 stans
1880 2599 2086 2670 gncris,
2115 2600 2206 2671 qui
2236 2617 2361 2657 cum
2386 2603 2497 2658 Deo
2519 2602 2701 2670 Patre,
2733 2614 3034 2676 sanctoque
3057 2607 3336 2678 unigenito
3370 2606 3463 2679 Fir

143 2692 620 2765 -hnponit:Kyrie
641 2700 747 2748 etc.
767 2691 985 2748 Christe
1009 2690 1296 2763 ctc.Kyrie
1321 2700 1428 2747 etc.
1459 2691 1623 2747 Pater
1680 2706 1780 2748 no-
1880 2689 1956 2745 lio
1981 2689 2098 2760 ejus
2128 2692 2356 2750 Domino
2408 2682 2597 2749 nostro
2640 2693 2767 2750 Jcsu
2816 2695 3035 2753 Christo
3074 2696 3212 2753 vivis
3257 2706 3315 2759 et
3353 2696 3468 2775 glo;

162 2798 303 2849 ater
320 2798 425 2847 etc.
463 2788 720 2845 Miserere
740 2788 845 2842 mei
877 2787 1019 2843 Deus
1048 2794 1154 2842 etc.
1880 2787 2040 2845 riaris
2062 2787 2204 2845 Deus
2227 2804 2326 2860 per
2349 2790 2560 2847 inﬁnita
2585 2792 2765 2847 secula
2790 2791 3120 2848 seculorum.
3158 2792 3354 2850 Amen.
3434 2846 3449 2867 ,

152 2912 157 2913 ί
251 2879 479 2939 Salvum
504 2881 632 2954 (os)
655 2880 743 2936 {ac
766 2895 981 2936 servum
1009 2879 1135 2951 (os)
1160 2886 1310 2934 tuum
1339 2877 1489 2952 (os).
1954 2879 2059 2936 llic
2078 2894 2299 2955 surgunt
2359 2881 2558 2939 Novitii
2581 2885 2650 2939 ad
2677 2893 2813 2940 orat.
2838 2894 2894 2940 ut
2920 2884 3144 2942 domnus
3172 2885 3348 2944 Abba:
3376 2901 3466 2967 eo;

245 2974 413 3031 Mitte
432 2974 481 3029 ei
512 2974 658 3063 eis)
684 2973 910 3028 Domine
940 2971 1198 3028 auxilium
1225 2972 1293 3028 dc
1322 2982 1530 3028 sancto.
1880 2985 2186 3044 consperaat
2218 2992 2356 3047 aqua
2395 2976 2679 3031 benedicta.
3427 3017 3443 3071 ἓ

148 3094 161 3107 το
244 3065 397 3122 Nihil
431 3065 680 3137 proﬁciat
704 3064 957 3119 inimicus
987 3063 1041 3118 in
1087 3077 1153 3119 eo
1181 3064 1355 3134 (eis).
2272 3066 2504 3122 Cuculla:
2540 3068 2614 3122 ita
2653 3067 3065 3125 benedicuntur:

246 3160 385 3216 Esto
412 3160 465 3216 ei
491 3157 642 3232 (eis)
671 3158 897 3214 Domine
924 3158 1087 3213 turris
1104 3158 1468 3229 itortitudims.
1799 3139 1846 3203 ε
1945 3155 2172 3213 Domine
2194 3155 2323 3213 Jesu
2353 3156 2591 3224 Christe,
2620 3158 2711 3227 qui
2740 3159 2974 3229 tegimen
3013 3166 3217 3217 nostrae
3257 3166 3463 3216 morta-

531 3249 797 3306 Dominus
822 3248 1123 3305 vobiscum.
1876 3249 2053 3308 litatis
2084 3251 2311 3308 induere
2332 3252 2587 3323 dignatus
2615 3267 2706 3319 es;
2745 3253 3096 3309 obsecramus
3139 3252 3462 3327 immensam

150 3368 155 3371 ι
240 3342 508 3402 Oremus:
535 3342 678 3398 Deus
703 3341 1055 3404 indulgentiae
1076 3342 1265 3406 Pater,
1293 3342 1385 3413 qui
1411 3343 1767 3399 severitatem
1873 3350 1980 3398 tuae
2002 3343 2270 3415 largitatis
2283 3344 2670 3399 abundantiam
2694 3362 2707 3399 :
2735 3352 2796 3399 ut
2814 3343 2918 3401 hoc
2936 3359 3106 3416 genus
3131 3345 3459 3412 vestimenti.

166 3443 287 3494 tua
310 3433 669 3495 districtionis
694 3442 1004 3504 temperans
1031 3432 1325 3499 indulsisti,
1362 3447 1431 3489 ne
1471 3433 1615 3489 ﬁlius
1643 3448 1771 3504 por-
1870 3434 2015 3504 quod
2063 3434 2237 3507 sancti
2293 3434 2484 3491 Patres
2534 3435 2602 3490 ad
2652 3435 2998 3502 innocentiae,
3026 3444 3102 3506 ‘et
3136 3432 3461 3515 humilitatis

146 3535 320 3584 dare!
340 3527 685 3598 iniquitatem
731 3525 938 3597 patris;
986 3533 1042 3582 et
1064 3526 1157 3596 qui
1187 3526 1323 3581 mira
1363 3526 1768 3598 dispensatione
1864 3520 2130 3595 judicium
2183 3524 2691 3582 abrcnuntiantibus
2736 3525 2978 3581 seculum
3009 3523 3157 3581 ferre
3203 3540 3456 3599 sanxere,

1889 932 2006 990 lare
2029 936 2347 994 mortalibus
2368 939 2622 1011 dignatus
2640 957 2721 1010 es,
2751 943 3071 1004 immensam
3109 956 3214 1004 tuae
3254 947 3471 1020 pietatis

1888 1025 2116 1101 gratiam
2137 1027 2587 1098 postulamusmt
2611 1033 2753 1090 sicut
2799 1034 2890 1091 ubi
2924 1036 3006 1093 vis
3046 1037 3242 1110 spiras,
3290 1039 3372 1096 sic
3416 1047 3472 1098 et

1886 1114 2014 1174 huic
2043 1117 2243 1176 famulo
2286 1131 2378 1177 tuo
2421 1122 2674 1181 atl'ectum
2723 1128 3029 1187 devotionis
3071 1131 3384 1205 indulgeas;
3417 1142 3472 1207 et

1886 1208 2144 1280 quoniam
2173 1220 2266 1268 tua
2292 1214 2559 1285 sapientia
2578 1226 2662 1274 est
2681 1221 2956 1291 conditus,
2987 1230 3076 1278 tua
3104 1239 3317 1296 quoque
3343 1240 3467 1297 pro-

1885 1298 2124 1355 videntia
2179 1303 2540 1374 gubernetur;
2596 1323 2755 1380 quem
2807 1310 2961 1382 juxta
3004 1322 3319 1370 consuetam
3374 1314 3470 1387 tibi

1883 1393 2118 1464 gratiam
2144 1396 2330 1452 unctio
2359 1407 2449 1453 tua
2479 1399 2545 1455 de
2566 1401 2818 1459 omnibus
2846 1402 3071 1473 doceat;
3096 1415 3152 1462 et
3185 1421 3281 1477 per
3306 1407 3470 1475 inter:

1884 1487 2183 1575 cessionem
2234 1486 2534 1546 beatissimi
2589 1491 2865 1550 Benedicti
2916 1511 3076 1567 quem
3139 1490 3470 1575 prtecipuuni

163 3620 338 3677 etiam
366 3619 525 3675 malis
542 3619 681 3676 bene
707 3627 865 3674 utens
900 3627 1004 3674 tuac
1023 3618 1353 3689 dignationis
1393 3619 1625 3690 gratiam
1669 3636 1770 3692 per

164 3711 270 3771 eos
282 3694 595 3784 frequenter
607 3712 884 3783 operaris;
901 3726 1213 3782 quaesumus
1225 3710 1570 3767 clementiam
1594 3721 1765 3781 tuam,

166 3810 232 3858 nt
256 3802 386 3857 huic
407 3800 610 3857 famulo
648 3809 743 3856 tuo
768 3816 877 3856 non
902 3801 1157 3868 obsistat,
1182 3803 1328 3872 quod
1358 3803 1604 3860 habitum
1642 3805 1771 3864 reli-

164 3892 351 3967 gionis
367 3907 468 3965 per
491 3907 592 3949 nos
614 3901 763 3948 tanta
792 3908 857 3948 ac
884 3893 974 3949 tali
1005 3909 1065 3949 re
1114 3894 1367 3967 indignos
1408 3897 1625 3969 accipit,
1673 3897 1766 3955 sed

163 3984 557 4051 ministerium,
581 3985 727 4057 quod
754 3985 1007 4042 exterius
1028 4002 1127 4057 per
1148 4002 1246 4042 nos
1271 3987 1576 4058 exhibetur,
1602 3999 1658 4047 tu
1686 3990 1768 4048 in-

166 4075 344 4133 terius
361 4090 461 4146 per
479 4076 617 4133 dona
650 4075 708 4132 S.
734 4075 972 4147 Spiritus
995 4079 1308 4148 exequaris.
1331 4078 1458 4137 Per.

142 4198 149 4209 ν
242 4167 408 4233 Deus,
454 4165 547 4238 qui
590 4181 690 4237 per
740 4177 1074 4223 coaeternum
1129 4168 1329 4225 Filium
1377 4180 1527 4227 tuum
1571 4181 1767 4231 cuncta

164 4261 392 4328 creasti,
419 4260 622 4332 quique
672 4261 933 4316 mundum
983 4263 1225 4331 peccatis
1270 4264 1630 4321 inveteratum
1670 4282 1767 4336 per

163 4351 491 4425 mysterium
520 4351 912 4411 incarnationis
934 4350 1053 4421 ejus
1079 4368 1346 4410 renovare
1374 4354 1629 4425 dignatus
1668 4372 1761 4423 es;

164 4454 227 4503 te
246 4444 563 4517 suppliciter
587 4458 905 4500 exoramus:
937 4455 997 4500 ut
1036 4443 1278 4514 ejusdem
1324 4446 1535 4503 Domini
1589 4451 1761 4507 nostri

1869 3615 1944 3671 ita
1966 3617 2289 3673 benedicere
2317 3617 2577 3686 digneris,
2607 3626 2667 3673 ut
2688 3617 2778 3674 hic
2801 3617 3041 3674 famulus
3065 3627 3205 3685 tuus,
3236 3618 3330 3689 qui
3352 3618 3459 3677 hoc

1868 3723 2001 3765 usus
2025 3707 2209 3775 fuerit,
2241 3718 2293 3764 te
2323 3710 2551 3765 induere
2582 3717 2871 3766 mereatur.
2902 3708 3150 3777 Quicum
3176 3709 3361 3767 Patre.
3420 3766 3429 3779 _

2024 3799 2159 3855 Item
2188 3800 2424 3857 cauendo
2454 3801 2685 3871 froccum
2713 3801 2912 3856 dicitur
2940 3802 3010 3856 ad
3038 3802 3296 3873 singulos.
3417 3872 3420 3876 Α

1940 3889 2118 3948 Exuat
2151 3899 2200 3947 te
2230 3890 2493 3948 Dominus
2519 3900 2758 3949 veterem
2788 3891 3064 3950 hominem
3091 3908 3213 3951 cum
3243 3893 3455 3953 actibus

1866 3983 2007 4040 suis.

1868 4075 2018 4132 Inter
2044 4076 2369 4132 induendum
2400 4076 2662 4133 cucullum
2691 4077 2881 4133 dicitur
2911 4078 2979 4134 ad
3012 4094 3448 4161 unumquemque.

1936 4175 2132 4231 Induat
2186 4184 2241 4232 te
2296 4177 2558 4233 Dominus
2617 4191 2819 4233 novum
2876 4177 3155 4234 hominem
3211 4179 3303 4250 qui
3358 4194 3449 4237 se-

1864 4267 2103 4326 cundum
2139 4269 2308 4327 Deum
2346 4279 2562 4328 creatus
2598 4280 2683 4329 est
2716 4272 2773 4328 in
2800 4270 3017 4342 iustitia
3060 4280 3117 4330 et
3154 4272 3450 4330 sanctitate

1865 4363 2132 4420 veritatis.

1941 4453 2086 4509 Tunc
2112 4454 2350 4511 osculato
2376 4455 2571 4512 Abbate
2596 4456 2793 4513 vadunt
2818 4460 2875 4512 in
2901 4459 3141 4526 chorum,
3168 4466 3216 4514 el
3243 4471 3450 4514 omnem

163 4539 342 4610 gratia
370 4553 537 4610 super
563 4538 711 4595 hunc
729 4537 991 4594 famulum
1030 4547 1179 4595 tuum
1222 4541 1752 4598 abrcnuntiationem
1784 4522 1842 4593 Ι).
1857 4544 2179 4603 Conventum
2208 4548 2536 4604 osculantur.

162 4629 337 4691 seculi
384 4629 755 4702 proﬁtentem,
798 4630 1095 4687 clementer
1143 4632 1416 4703 respicere
1466 4632 1750 4704 dignetur;

164 4736 266 4796 per
291 4736 456 4793 quam
478 4721 533 4777 in
558 4721 753 4793 spiritu
785 4736 899 4777 suae
935 4723 1133 4779 mentis
1174 4730 1466 4780 renovatus
1515 4734 1753 4781 veterem

162 4814 440 4873 hominem
462 4829 590 4871 cum
615 4812 729 4870 suis
756 4812 971 4870 actibus
984 4821 1170 4880 exuat,
1202 4822 1257 4870 et
1283 4829 1503 4881 novum,
1530 4814 1622 4886 qni
1667 4830 1753 4873 see

139 4904 402 4964 eundum
422 4904 593 4961 Deum
612 4913 716 4971 est,
746 4903 972 4960 induere
994 4912 1290 4960 mereatur.
1314 4903 1440 4960 Per.

234 4995 466 5052 Domine
509 4993 639 5052 Jesu
690 4994 928 5062 Christe,
970 4994 1063 5065 qui
1090 5008 1151 5050 es
1177 4994 1266 5049 via
1297 4994 1414 5049 sine
1458 5009 1563 5065 qua
1592 5009 1751 5051 nemo

163 5086 312 5146 venit
338 5088 407 5144 ad
437 5087 690 5155 Patrem;
721 5101 1030 5157 quaesumus
1053 5084 1494 5157 benignissimam
1521 5084 1754 5142 clemen-

139 5181 294 5237 .tiam
313 5190 473 5237 tuam
491 5218 508 5248 ,
537 5187 599 5235 ut
617 5179 764 5235 hunc
786 5177 1047 5234 famulum
1078 5186 1228 5233 tuum
1250 5192 1278 5232 a
1297 5176 1611 5233 carnalibus
1648 5176 1749 5233 de-

140 5271 377 5342 sideriis
398 5272 754 5335 abstractum,
777 5284 873 5342 per
896 5270 1005 5325 iter
1023 5268 1323 5339 disciplinae
1350 5266 1619 5339 regularis
1656 5268 1748 5326 dc-

143 5362 358 5430 :ducas;
384 5371 441 5418 et
481 5362 576 5435 qui
602 5368 915 5434 peccatores
940 5374 1139 5415 vocare
1166 5359 1417 5432 dignatus
1443 5375 1503 5417 es
1528 5358 1745 5418 dicens:

137 5496 143 5504 .
167 5449 355 5511 Venite
382 5454 452 5511 ad
477 5469 567 5512 me
592 5467 802 5520 omnes,
831 5453 924 5524 qui
973 5450 1245 5521 laboratis,
1270 5460 1326 5508 et
1352 5452 1564 5508 onerati
1593 5452 1745 5520 estis,

163 5554 218 5602 et
239 5562 341 5619 ego
363 5562 459 5604 vos
476 5548 750 5615 reﬁciam;
780 5554 1008 5620 praesta:
1033 5552 1092 5600 ut
1123 5545 1239 5601 haec
1276 5560 1383 5601 vox
1413 5545 1745 5601 invitationis

166 5641 267 5694 tua
330 5638 513 5696 italia
560 5655 627 5698 eo
665 5638 1032 5703 convalescat,
1077 5645 1347 5708 quatenus
1395 5644 1743 5709 peccatorum

165 5743 325 5791 onera
345 5734 642 5811 deponens,
670 5742 727 5792 et
764 5747 928 5808 quam
949 5730 1122 5790 dulcis
1147 5743 1231 5798 es,
1256 5740 1499 5807 gustans,
1540 5740 1626 5786 tua
1662 5745 1743 5787 rc-

2101 4638 2581 4697 CONSECRATIO
2617 4639 2865 4697 SACIUE
2907 4638 3206 4697 VIRGINIS

1890 4746 2010 4797 QUAE
2045 4747 2099 4787 iN
2134 4746 2419 4789 EPIPHANIA
2453 4749 2556 4788 γει
2601 4748 2655 4788 IN
2698 4748 2936 4790 SECUNDA
2969 4746 3128 4787 FERIA
3164 4745 3410 4803 “seu,

1959 4818 2067 4859 MJT
2107 4819 2161 4860 IN
2197 4818 2508 4861 NATALITIIS
2542 4819 2923 4861 Αροετοιοοιιωι
2955 4819 3332 4862 (εειειικΑτυιι.

2119 4895 2222 4969 (Ex
2252 4894 2371 4951 cod.
2396 4895 2555 4952 Vind.
2587 4895 2754 4952 theol.
2782 4895 2911 4964 559,
2939 4911 3068 4953 stac.
3097 4896 3178 4969 x.)

1927 4988 2120 5045 Omnes
2166 4989 2256 5061 qui
2301 4988 2371 5045 ad
2421 5004 2601 5044 sacros
2646 4989 2856 5045 ordines
2899 4989 3082 5046 debent
3127 4987 3442 5060 promoveri,

1855 5093 1978 5140 ante
2026 5084 2509 5154 pronuntiationem
2555 5082 2829 5153 Evangelii
2879 5084 2943 5138 ab
2981 5082 3222 5154 episcopo
3257 5078 3444 5134 debent

1855 5175 2187 5238 consecrari,
2236 5174 2362 5246 quia
2405 5174 2470 5229 ab
2502 5174 2580 5230 eis
2626 5173 2934 5245 prmdicatio
2977 5170 3148 5227 sancti
3170 5168 3443 5247 Evangelii

1854 5266 2002 5323 debet
2033 5282 2129 5339 per
2154 5276 2317 5321 totum
2344 5266 2599 5322 mundum
2629 5263 2879 5337 cli/fundi.
2915 5261 3156 5333 Virgines
3185 5269 3360 5314 autem
3393 5267 3443 5314 et

1852 5357 2025 5416 vidua:
2059 5367 2173 5429 post
2210 5355 2493 5427 perlectum
2522 5355 2850 5429 evangelium
2878 5351 3063 5408 debent
3091 5348 3275 5417 velari,
3314 5349 3442 5421 quia

1848 5453 1996 5509 decet
2021 5468 2110 5508 eas
2138 5461 2186 5508 et
2213 5448 2536 5522 evangelium
2563 5447 2866 5521 prwdicari.
2910 5442 3172 5515 Virginem
3200 5441 3440 5513 episcopo

1850 5553 2092 5616 parentes
2138 5559 2258 5599 cum
2305 5541 2563 5598 oblatione
2614 5539 2876 5609 o/j‘erunt,
2922 5546 2970 5592 et
3016 5533 3106 5591 ille
3153 5531 3439 5589 involutam

1851 5650 2068 5689 manum
2116 5633 2231 5705 ejus
2282 5633 2335 5687 in
2387 5629 2532 5703 palla
2572 5626 2756 5688 altaris
2800 5626 3019 5699 recipiat
3061 5624 3281 5681 dicendo
3320 5634 3439 5677 cum

1850 5728 2182 5784 adstantibus
2214 5725 2414 5796 amipli.
2464 5720 2567 5794 Ipsi
2606 5734 2726 5779 sum
2766 5719 3094 5794 desponsata
3132 5716 3217 5773 cui
3244 5712 3435 5791 Angeli
