3962 5386
527 303 668 363 1095

527 515 962 575 Sanctimonialis
1002 534 1121 572 cum
1165 517 1234 570 ad
1282 519 1727 573 consecrationem
1766 519 1850 572 sui
1893 516 2120 588 episcopi

531 608 754 680 o/fertur
775 609 830 664 in
857 607 1049 663 talibus
1074 608 1296 662 vestibus
1321 607 1627 678 applicetur,
1650 608 1893 680 qualibus
1920 624 2123 678 semper

533 715 699 756 usura
720 707 794 754 est
819 709 868 753 et
887 697 1199 770 professioni
1220 707 1268 753 et
1290 699 1652 754 sanctimonia:
1671 701 1827 770 aptis.
1869 698 2120 770 Inprimis

533 801 707 846 autem
732 792 1027 862 offerantur
1052 789 1148 846 illa
1174 791 1480 847 vestimenta
1518 801 1638 848 ante
1673 791 1844 848 altare
1880 794 2122 864 episcopo

531 881 604 937 ad
633 880 1061 938 benedicendum.

782 975 1092 1034 Benedictio
1120 979 1543 1034 uestimentorum
1572 979 1854 1050 virginum.

599 1067 741 1126 Deus
767 1077 1100 1126 aeternorum
1135 1068 1400 1125 bonorum
1436 1067 1755 1127 ﬁdelissime
1793 1070 2120 1144 promissor,

526 1159 835 1218 certissime
863 1159 1192 1231 persolutor,
1219 1171 1308 1216 etc

598 1252 743 1308 Alia.
784 1252 1012 1308 Domine
1056 1251 1199 1307 Deus
1241 1252 1510 1306 bonarum
1539 1251 1802 1307 virtutum
1842 1252 2018 1319 dator,
2065 1263 2124 1309 et

525 1346 772 1403 omnium
801 1345 1242 1402 benedictiouum
1281 1345 1466 1418 largus
1505 1344 1736 1412 infusor,
1787 1356 1836 1402 te
1875 1347 2121 1403 subnixis

524 1438 782 1510 precibus
823 1437 1201 1509 deprecamur,
1250 1445 1312 1491 ut
1357 1437 1456 1492 has
1490 1445 1690 1501 vestes,
1737 1453 1873 1508 quas
1915 1437 2116 1492 famula

528 1538 622 1586 tua
662 1529 729 1586 N.
759 1545 860 1602 pro
898 1529 1100 1586 indicio
1143 1530 1532 1602 cognoscendae
1575 1530 1852 1601 religionis
1895 1531 2121 1587 induere

527 1618 664 1686 vult,
692 1618 1016 1676 benedicere
1039 1629 1094 1675 et
1117 1619 1462 1676 sanctiﬁcare
1488 1621 1748 1692 digneris,
1781 1631 1841 1677 ut
1866 1622 2008 1678 inter
2035 1638 2118 1680 re-

527 1709 706 1784 liquas
731 1710 966 1768 feminas
994 1721 1356 1784 cognoscatur
1381 1711 1653 1768 dedicata.
1697 1709 1758 1768 Ρ.

1351 305 1644 364 APPEND.
1685 308 1779 365 AD
1815 305 1990 367 SEC.
2031 307 2100 364 Χ.
2137 335 2208 350 -
2243 305 2672 366 MONUMENTA
2705 306 2983 368 LITURG.

525 424 796 491 serviunt,
819 422 977 496 cujus
1002 423 1459 496 pulchritudinem
1489 424 1650 480 solet
1675 425 1799 480 luna
1824 425 2110 480 mirantur.
2140 428 2197 491 Α

3663 311 3804 374 1096

2481 422 2818 479 Consecratio
2850 425 2906 478 in
2935 423 3149 478 modum
3179 421 3543 494 Prwfationis.

2291 517 2432 572 Deus
2476 528 2748 572 castorum
2795 532 3086 587 corporum
3131 517 3394 589 benignus
3438 517 3715 574 habitator
3754 525 3808 576 et

2220 609 2664 681 incorruptarum
2700 618 2912 664 amator
2940 611 3270 664 animarum.
3313 609 3458 666 Deus
3498 610 3594 683 qui
3619 611 3802 666 huma-

2220 717 2348 757 nam
2401 701 2760 757 substantiam
2812 702 2867 756 in
2923 701 3116 771 primis
3163 699 3478 756 hominibus
3533 701 3806 759 diabolica

2219 791 2413 849 fraude
2459 793 2725 858 vitiatam,
2773 792 2848 848 ita
2894 793 2949 848 in
2994 792 3164 848 verbo
3207 800 3297 849 tuo
3332 808 3430 864 per
3452 792 3603 864 quod
3630 795 3809 851 omnia

2221 886 2364 944 facta
2404 897 2550 953 sunt,
2597 899 2845 957 reparas,
2889 893 2952 940 ut
2985 898 3107 938 eam
3146 897 3253 938 non
3291 883 3464 939 solum
3508 883 3580 939 ad
3623 885 3813 956 prima

2219 979 2448 1052 originis
2492 977 2862 1034 innocentiam
2900 990 3144 1039 revoces,
3188 975 3285 1032 sed
3323 976 3489 1032 etiam
3532 976 3609 1032 ad
3654 991 3814 1048 expe-

2222 1071 2474 1128 rientiam
2517 1067 2857 1140 quorundam
2883 1067 3150 1123 bonorum
3181 1082 3303 1136 qua:
3342 1065 3400 1122 in
3441 1080 3589 1123 novo
3619 1066 3814 1126 amatio

2221 1169 2350 1216 sunt
2389 1158 2639 1216 habenda
2689 1156 2978 1228 perducas,
3019 1165 3075 1212 et
3113 1156 3407 1212 obstrictos
3455 1155 3645 1214 adhuc
3683 1173 3811 1215 con-

2221 1253 2427 1308 ditione
2468 1248 2781 1307 mortalium
2811 1247 3019 1320 jam-ad
3047 1247 3464 1304 similitudinem
3491 1264 3815 1319 promoveas

2219 1346 2602 1420 Angelorum;
2667 1342 2876 1413 respice
2919 1355 3086 1412 super
3127 1342 3272 1397 hanc
3313 1339 3578 1398 famulam
3626 1352 3815 1413 tuam,

2223 1463 2344 1520 quae
2390 1463 2553 1502 manu
2601 1456 2690 1501 tua
2738 1444 3090 1500 continentiae
3131 1455 3243 1495 suae
3277 1437 3624 1510 propositum
3649 1435 3815 1492 collo-

2222 1555 2357 1595 cans
2404 1538 2500 1592 tibi
2543 1536 2889 1592 devotionem
2936 1548 3090 1589 suam
3136 1528 3328 1596 nﬁ‘crt,
3373 1545 3407 1583 a
3448 1543 3560 1599 quo
3601 1536 3664 1583 et
3707 1527 3814 1596 ipsa

2223 1633 2367 1689 idem
2395 1641 2580 1687 votum
2608 1628 2922 1698 assumpsit.
2966 1625 3194 1694 Quando
3235 1623 3381 1679 enim
3422 1621 3647 1676 animus
3679 1635 3818 1676 mor-

2229 1726 2321 1781 tali
2367 1740 2534 1781 carne
2576 1723 2946 1780 circumdatus
2992 1719 3162 1791 legem
3207 1726 3461 1782 naturas,
3509 1713 3818 1770 libertatem

602 1805 744 1861 Alia.
791 1805 997 1862 Exaudi
1030 1805 1256 1860 Domine
1291 1821 1482 1877 preces
1512 1815 1726 1862 nostras
1763 1814 1818 1860 et
1854 1807 1994 1861 banc
2021 1821 2116 1862 ve-
2147 1796 2149 1854 ἶ

2230 1816 2480 1878 Ιίεριιιὶω,
2505 1817 2612 1868 vim
2642 1811 3073 1875 consuetudinis,
3102 1820 3156 1865 et
3183 1807 3436 1862 stimulos
3459 1804 3645 1860 aetatis
3671 1803 3820 1859 evin-

529 1903 670 1952 stem
713 1911 878 1966 quam
925 1896 1126 1951 famula
1173 1905 1264 1951 tua
1309 1895 1375 1950 N.
1407 1897 1563 1968 signo
1604 1912 1664 1952 se
1709 1897 2115 1967 adoperandum

531 1985 816 2057 exposcit,
861 1985 1151 2041 uberrima:
1181 1986 1578 2041 benedictionis
1617 1987 1788 2042 imbre
1820 1986 2118 2057 perfunde,

532 2075 677 2134 sicut
714 2074 1001 2148 perfudisti
1032 2091 1185 2131 oram
1215 2077 1661 2131 vestimentorum
1688 2076 1869 2132 Aaron
1891 2119 1906 2144 ,
1952 2079 2118 2133 bene~

532 2169 773 2228 dictione
812 2170 1075 2242 unguenti
1117 2167 1423 2240 profluente
1468 2186 1499 2224 a
1548 2171 1727 2240 capite
1773 2171 1824 2224 in
1869 2171 2118 2226 barbam.

531 2259 604 2320 Et
625 2261 767 2319 sicut
792 2261 1120 2317 benedixisti
1146 2270 1325 2316 vestes
1347 2261 1590 2316 omnium
1621 2261 1996 2332 religiosorum
2028 2261 2122 2317 tibi

529 2369 635 2430 per
665 2355 846 2412 omnia
882 2356 1258 2428 placentium,
1311 2357 1388 2410 ita
1422 2356 1588 2410 etiam
1627 2355 1767 2411 hanc
1801 2356 2126 2412 benedicere

533 2447 784 2520 dignare,
823 2463 888 2504 ac
916 2457 1115 2520 praesta
1145 2447 1567 2504 clementissime
1599 2446 1779 2512 Pater,
1825 2455 1888 2502 ut
1930 2464 2122 2517 supra-

533 2536 692 2595 dictae
718 2536 932 2594 famulae
960 2548 1064 2594 tua;
1085 2537 1150 2593 Ν.
1175 2539 1289 2594 haec
1315 2538 1386 2594 sit
1409 2537 1577 2593 vestis
1602 2536 1836 2593 salubris
1859 2539 2125 2608 protectio

533 2631 656 2690 haec
679 2633 921 2706 cognitio
949 2633 1248 2706 religionis.
1282 2635 1398 2689 haec
1427 2633 1642 2689 initium
1670 2633 1979 2688 sanctitatis
2009 2633 2126 2688 haec

531 2737 728 2784 contra
768 2728 952 2785 omnia
985 2727 1090 2784 tela
1131 2728 1335 2784 inimici
1385 2731 1606 2785 robusta
1652 2727 1919 2793 defensio,
1968 2737 2028 2783 ut
2075 2725 2125 2784 si

534 2821 826 2880 cantinens
850 2831 936 2879 cst
965 2823 1285 2894 sexagesimi
1320 2823 1530 2879 fructus
1555 2823 1756 2878 donum
1786 2821 2035 2893 accipiat,
2067 2830 2128 2878 ut

535 2913 586 2972 si
604 2914 756 2985 virgo
776 2913 1058 2970 centesimi
1082 2914 1324 2970 muneris
1341 2914 1615 2984 opulentia
1640 2915 1694 2970 in
1718 2923 1947 2985 utraque
1969 2921 2126 2984 parte

539 3013 926 3080 perseverante
952 3005 1290 3061 continentia
1317 3005 1537 3061 ditetur.
1571 3003 1694 3061 Per.

855 3095 991 3152 Item
1018 3097 1306 3152 benedictio
1333 3097 1474 3151 sacri
1513 3095 1801 3151 uelaminis.

607 3185 788 3260 Caput
811 3189 1056 3244 omnium
1087 3187 1326 3243 ﬁdelium
1358 3187 1521 3251 Deus,
1566 3195 1622 3243 et
1671 3187 1837 3242 totius
1878 3185 2128 3256 corporis
2151 3155 2200 3222 θ

539 3277 816 3348 Salvator,
849 3280 953 3336 hoc
980 3280 1380 3350 Operimentum
1408 3277 1713 3344 velaminis,
1751 3279 1895 3348 quod
1926 3277 2130 3334 famula

539 3378 638 3428 tua
666 3381 892 3444 propter
921 3379 1072 3427 tuum
1104 3380 1320 3442 tuaeque
1347 3369 1626 3442 genitricis
1663 3370 1996 3427 beatissima:
2025 3369 2135 3426 sci-

541 3459 671 3518 licet
697 3475 915 3533 semper
936 3460 1166 3532 virginis
1195 3459 1378 3516 Mariae
1407 3475 1648 3516 amorem
1694 3474 1795 3516 suo
1839 3459 2004 3532 capiti
2050 3466 2134 3516 est

543 3554 887 3628 impositura,
919 3563 1011 3611 tua
1041 3554 1264 3611 dextera
1293 3551 1597 3620 sanctiﬁca,
1628 3561 1684 3610 et
1723 3553 1825 3609 bos
1857 3552 2002 3624 quod
2035 3567 2134 3623 per

544 3647 678 3707 illud
714 3647 942 3722 mystice
969 3646 1132 3702 datur
1164 3645 1403 3717 intellegi
1431 3686 1448 3712 ,
1496 3657 1587 3701 tua
1630 3660 1848 3717 semper
1885 3642 2132 3702 custodia

545 3753 777 3811 corpore
812 3739 1018 3810 pariter
1050 3750 1106 3794 et
1143 3739 1326 3793 animo
1357 3737 1785 3795 incontaminato
1819 3737 2130 3802 custodiat;

546 3842 608 3889 ttt
628 3831 844 3904 quando
867 3831 933 3886 ad
959 3839 1273 3902 perpetuam
1298 3838 1611 3884 sanctorum
1636 3829 2134 3882 remunerationem

546 3922 791 3987 venerit,
824 3937 948 3978 cum
979 3920 1336 3992 prudentibus
1367 3930 1422 3974 et
1449 3919 1564 3989 ipsa
1594 3917 1898 3990 virginibus
1925 3933 2136 3990 praepa-

550 4023 669 4068 rata
687 4053 703 4079 ,
736 4020 786 4068 te
811 4013 1174 4084 perducente,
1215 4010 1283 4065 ad
1311 4019 1584 4081 perpetuae
1609 4006 1891 4064 felicitatis
1918 4007 2139 4080 nuptias

549 4102 758 4161 intrare
783 4114 1074 4158 mereatur.
1110 4101 1228 4158 Per.

623 4195 730 4250 Hic
764 4194 1068 4265 suppliciter
1091 4201 1386 4266 prosternat
1425 4211 1480 4249 se
1515 4203 1637 4248 ante
1670 4192 1839 4248 altare
1883 4193 1976 4246 illa
2018 4208 2138 4265 quat

552 4285 908 4344 consecranda
934 4295 1031 4348 est,
1067 4295 1114 4339 et
1153 4285 1291 4338 dicat
1323 4284 1462 4338 hunc
1487 4301 1692 4340 uersum
1720 4286 1886 4340 tribus
1918 4285 2136 4344 vicibus.

553 4375 785 4446 Suscipe
827 4389 913 4430 me
955 4373 1184 4429 Domine
1224 4374 1522 4429 secundum
1566 4375 1843 4446 eloquium
1891 4386 2041 4434 tuum
2085 4387 2139 4437 et

2222 1918 2387 1971 ceret,
2433 1907 2538 1960 nisi
2583 1916 2637 1959 tu
2669 1920 2767 1975 per
2797 1905 3026 1959 libertun
3069 1900 3356 1956 arbitrium
3398 1899 3551 1952 hunc
3580 1908 3817 1951 amorem

2221 2001 2546 2071 virginitatis
2583 1999 2878 2054 clementer
2910 1995 3271 2054 accenderes;
3316 2001 3376 2044 tu
3421 1991 3570 2044 hanc
3609 1987 3817 2058 cupidi-

2225 2103 2389 2150 tatem
2434 2094 2489 2148 in
2532 2092 2649 2161 ejus
2686 2092 2853 2148 corde
2897 2088 3161 2158 benignus
3205 2085 3401 2145 aleres,
3450 2091 3509 2137 tu
3554 2079 3822 2137 fortitudi-

2224 2202 2350 2243 nem
2396 2185 2761 2240 ministt'ares.
2810 2180 2992 2237 Eﬁ'usa
3031 2191 3264 2248 namque
3301 2176 3360 2230 in
3397 2189 3599 2229 omnes
3640 2182 3822 2244 gentes

2226 2275 2400 2349 gratia
2449 2282 2540 2329 tua
2581 2288 2650 2328 ex
2689 2270 2836 2326 onmi
2883 2269 3102 2324 natione
3143 2281 3263 2336 qua:
3308 2265 3411 2320 sub
3453 2263 3603 2320 caelo
3644 2272 3731 2319 est
3769 2261 3822 2317 ia

2226 2367 2506 2424 stellarum
2533 2361 2984 2420 innumerabilem
3008 2372 3292 2414 numerum
3322 2355 3463 2412 Novi
3489 2352 3823 2412 Testamenti

2229 2458 2539 2516 lmredibus
2588 2453 2860 2526 adaptatis
2914 2451 3058 2506 inter
3101 2456 3326 2505 caeteras
3362 2446 3649 2510 virtutes,
3695 2459 3824 2516 quas

2230 2550 2357 2606 ﬁliis
2385 2549 2494 2605 tuis
2517 2562 2625 2604 non
2669 2561 2736 2601 ex
2779 2543 3154 2614 sanguinibus,
3199 2552 3382 2609 neque
3424 2553 3494 2593 ex
3543 2536 3821 2592 voluntate

2230 2641 2432 2702 carnis,
2463 2639 2558 2696 sed
2583 2638 2649 2694 de
2694 2645 2786 2692 tuo
2832 2633 3036 2706 Spiritu
3064 2631 3260 2704 genitis
3299 2628 3583 2696 indidisti,
3626 2635 3685 2682 et
3715 2625 3822 2700 jam

2231 2733 2337 2792 hoc
2380 2734 2578 2790 donum
2625 2732 2680 2786 in
2721 2729 2982 2800 quasdam
3025 2736 3236 2781 mentes
3281 2725 3351 2780 de
3392 2721 3680 2793 largitatis
3724 2731 3822 2776 tua

2227 2825 2378 2881 fonte
2400 2822 2651 2890 deﬂuxit;
2689 2829 2746 2876 ut
2768 2818 3017 2892 quamvis
3043 2818 3304 2872 honorem
3330 2814 3658 2886 nuptiarum
3684 2809 3823 2867 nulla

2230 2917 2522 2976 interdicta
2554 2915 2898 2979 minuissent,
2937 2927 3003 2968 ac
3039 2926 3205 2982 super
3230 2919 3485 2967 sanctum
3513 2906 3822 2979 coniugium

2229 3005 2454 3064 initialis
2503 3005 2814 3062 benedictio
2854 3010 3237 3074 permaneret;
3294 3001 3606 3056 existerent
3652 3008 3820 3055 tamen

2228 3099 2574 3156 sublimiores
2612 3097 2830 3162 animae,
2855 3111 2976 3167 quae
3015 3095 3069 3150 in
3106 3094 3208 3150 viri
3247 3107 3316 3149 ac
3355 3091 3610 3150 mulieris
3635 3090 3820 3163 copula

2228 3189 2539 3248 fastidirent
2556 3187 2908 3252 connubium,
2923 3185 3375 3258 concupiscerent
3393 3191 3821 3248 sacramentum,

2230 3299 2334 3341 nec
2367 3284 2717 3340 imitarentur
2748 3279 2894 3351 quod
2927 3279 3129 3350 nuptiis
3163 3277 3364 3348 agitur,
3395 3275 3495 3333 sed
3521 3274 3820 3348 diligerent,

2231 3375 2376 3446 quod
2419 3373 2624 3446 nuptiis
2666 3380 3020 3445 praenotatur.
3071 3369 3306 3442 Agnovit
3343 3377 3634 3426 auctorem
3670 3380 3821 3423 suum

2231 3468 2392 3526 beata
2431 3466 2743 3540 virginitas,
2786 3474 2842 3522 et
2882 3464 3074 3522 aemula
3113 3462 3447 3537 integritatis
3474 3459 3817 3536 angelica“-

2232 3561 2338 3620 lius
2383 3561 2659 3628 thalamo,
2714 3559 2862 3615 illius
2900 3556 3151 3615 cubiculo
3192 3571 3254 3614 se
3293 3555 3554 3619 devovit,
3608 3553 3703 3626 qui
3742 3552 3817 3610 sic

2231 3662 2504 3725 perpetuae
2543 3650 2878 3721 virginitatis
2916 3658 3003 3706 est
3041 3663 3272 3720 sponsus
3295 3687 3311 3714 ,
3361 3645 3814 3718 quemadmodum

2233 3752 2506 3816 perpetuae
2526 3741 2864 3813 virginitatis
2881 3749 2966 3796 est
2989 3738 3152 3795 illius.
3181 3737 3498 3810 lmploranti
3521 3752 3657 3809 ergo
3673 3734 3820 3792 attai-

2232 3833 2366 3890 lium
2402 3844 2552 3890 tuum
2591 3843 2649 3889 et
2688 3833 2996 3888 conﬁrmari
3031 3847 3090 3886 se
3122 3830 3526 3888 benedictionis
3565 3839 3674 3886 tua:
3697 3843 3820 3886 con-

2233 3927 2539 3984 secratione
2581 3925 2854 3997 cupienti,
2897 3925 2964 3980 da
3007 3921 3362 3994 protectionis
3388 3931 3495 3978 tuae
3524 3922 3816 3987 muni,

2233 4027 2291 4073 et
2332 4018 2604 4090 regimen,
2647 4030 2717 4072 ne
2755 4015 2930 4072 hostis
2971 4016 3258 4086 antiquus,
3303 4013 3396 4085 qui
3439 4014 3818 4071 excellentiora

2239 4108 2421 4166 studia
2445 4107 2823 4165 subtilioribus
2847 4107 3071 4164 infestat
3098 4107 3311 4163 insidiis
3334 4107 3403 4162 ad
3425 4105 3818 4163 obscuranda

2235 4197 2492 4271 perfecta:
2531 4197 2887 4254 continentia:
2931 4197 3169 4268 palmam
3209 4210 3308 4267 per
3345 4195 3588 4267 aliquam
3633 4195 3823 4252 mentis

2238 4298 2421 4362 serpat
2449 4289 2732 4354 incuriam,
2775 4295 2833 4343 et
2878 4287 3056 4359 rapiat
3099 4287 3167 4342 de
3205 4287 3485 4358 proposito
3526 4285 3822 4358 virginum,

2238 4381 2384 4452 quod
2424 4379 2590 4436 etiam
2638 4379 2882 4435 moribus
2921 4380 3078 4435 decet
3120 4377 3300 4434 inesse
3341 4379 3683 4450 nuptiarum.
3742 4376 3823 4438 Sit

551 4467 767 4533 vivam,
806 4474 862 4522 et
888 4479 994 4520 non
1025 4463 1323 4521 confundas
1351 4481 1436 4521 me
1465 4467 1534 4523 ab
1559 4469 1962 4538 exspectatione
1994 4486 2134 4527 mea.
2163 4472 2296 4577 I)in
2341 4488 2407 4529 ea
2450 4471 2680 4528 Domine
2721 4487 2819 4543 per
2853 4471 3054 4527 donum
3096 4469 3332 4542 Spiritus
3370 4471 3549 4528 sancti
3593 4474 3825 4545 prudens

553 4557 684 4615 Post
709 4558 820 4613 Ita’c
844 4557 1114 4629 episcopus
1135 4555 1298 4611 dicat.
1332 4555 1520 4613 Soror.
1547 4558 1748 4629 Accipe
1770 4561 1910 4616 hanc
1929 4571 2135 4618 vestem

554 4649 612 4706 in
651 4649 869 4706 nomine
903 4647 1137 4704 Domini.
1191 4645 1261 4703 Et
1289 4648 1383 4703 illa
1411 4649 1737 4720 respondeat.
1789 4650 2040 4723 Suscipio
2079 4652 2137 4710 itt

554 4743 778 4802 nomine
803 4741 986 4798 Patris
1015 4751 1071 4798 et
1097 4739 1218 4797 Filii
1251 4750 1306 4797 et
1338 4739 1577 4814 Spiritus
1607 4743 1802 4798 sancti.
1848 4742 1995 4799 Tunc
2024 4745 2136 4816 epi-

555 4849 744 4906 scopus
772 4832 856 4887 det
898 4832 945 4887 ei
987 4831 1102 4904 ipsa
1136 4832 1449 4903 virginitatis
1483 4833 1807 4900 restimenta,
1845 4845 1892 4889 et
1931 4843 2138 4890 tantum

553 4925 790 4983 uelamen
836 4924 978 4994 apud
1022 4941 1078 4979 se
1120 4923 1285 4994 faciat
1325 4924 1556 4980 retineri.
1603 4923 1731 4995 Ipsa
1773 4935 1950 4980 autem
1993 4926 2138 4998 virgo

555 5019 713 5077 vadat
742 5018 800 5073 in
826 5017 1118 5073 sacrarium
1157 5026 1205 5071 et
1246 5015 1432 5070 induat
1462 5031 1517 5070 se
1547 5015 1671 5078 ipsis
1705 5017 2020 5072 uestimentis
2045 5017 2134 5072 be-

2241 4568 2527 4636 modestia,
2555 4567 2776 4639 sapiens
2819 4565 3150 4638 benignitas,
3190 4565 3376 4636 gravis
3420 4565 3643 4635 lenitas,
3681 4579 3824 4626 casta

2241 4659 2483 4718 libertas.
2523 4659 2581 4716 lu
2617 4659 2846 4716 caritate
2867 4659 3095 4726 ferveat,
3117 4669 3173 4716 et
3194 4657 3331 4714 nihil
3359 4666 3516 4716 extra
3549 4668 3602 4716 te
3627 4661 3823 4732 diligat,

2238 4749 2583 4807 laudabiliter
2605 4749 2770 4817 vivat,
2790 4749 3108 4820 laudarique
3131 4763 3237 4804 nou
3257 4757 3498 4820 appetat.
3526 4749 3606 4806 Te
3628 4750 3683 4806 in
3705 4764 3825 4806 saa-

2241 4845 2433 4901 ctitate
2451 4843 2722 4915 corporis,
2747 4853 2800 4898 te
2821 4841 2875 4898 in
2900 4841 3096 4899 anima:
3133 4855 3248 4898 suae
3267 4840 3507 4912 puritate
3545 4841 3822 4912 glorificet.

2243 4950 2430 4991 amore
2447 4944 2498 4990 te
2521 4935 2704 4990 timeat
2724 4946 2911 4989 amore
2935 4931 3028 4988 tibi
3049 4932 3270 4988 serviat.
3287 4929 3367 4986 Tu
3389 4930 3442 4988 ei
3461 4933 3545 4990 sis
3562 4932 3758 4998 honor,
3772 4940 3824 4988 ta

2242 5026 2515 5076 anndinm.
2534 5034 2587 5074 tn
2605 5025 2869 5074 voluntas-
2892 5034 2946 5072 tn
2962 5025 3014 5072 in
3033 5037 3265 5072 mmrnre
3279 5023 3559 5070 solatium-
3577 5033 3634 5070 In
3651 5025 3704 5070 in
3718 5038 3823 5068 an.
