3962 6326
163 383 299 440 i097

970 372 1351 445 BENEDICT.,
1390 372 1820 436 CONSECRAT.
1858 374 1945 429 ET
1984 376 2307 433 ORD‘lNAT.
2354 378 2604 436 νΑιιιιΕ.

3289 384 3426 441 1099

158 500 288 555 bata
309 493 585 568 improvisi
614 492 756 567 regis
777 492 1140 557 adventu,sed
1162 507 1351 548 secura
1373 506 1495 545 cum
1518 489 1742 554 lumine,
1770 488 1821 548 Δ
1846 488 2212 573 delinquendi.
2260 492 2448 563 Sitque
2475 494 2525 548 in
2554 510 2617 549 ea
2646 504 2792 550 casta
2819 495 3120 567 virginitas,
3147 506 3202 552 et
3230 506 3425 553 ornata

156 600 217 647 et
252 587 674 661 praecedentium
722 585 990 656 virginum
1030 582 1199 640 choro
1239 583 1427 654 juncta
1471 590 1746 646 occurrat,

154 694 217 740 et
261 696 366 739 non
391 676 712 737 excludatur
735 694 856 734 cum
884 678 1082 742 stultis,
1109 677 1342 750 regalem
1374 670 1597 745 ianuam
1624 689 1748 731 cum

153 774 498 845 sapientibus
535 769 836 843 virginibus
878 766 1108 825 licenter
1151 769 1417 834 introeat,
1456 775 1512 821 et
1538 768 1593 821 in
1622 765 1747 837 agni

152 867 241 923 tui
289 865 550 921 comitatu
593 868 853 933 perpetuo
892 859 1187 932 probabilis
1213 874 1469 916 mansura
1494 857 1747 915 castitate

150 965 498 1032 permaneat.
550 950 655 1013 Per
696 955 950 1011 eundem.
998 947 1366 1010 Benedictione
1398 953 1601 1025 expleta
1639 953 1747 1024 epi-

147 1065 347 1121 scopus
391 1046 565 1106 mittat
608 1045 841 1101 velamen
884 1061 1043 1113 super
1084 1054 1242 1115 caput
1295 1043 1458 1115 ipsius
1506 1042 1744 1114 virginis.

148 1139 359 1210 Accipe
385 1137 628 1194 velamen
667 1150 885 1192 sacrum
928 1135 1129 1207 puella,
1155 1134 1300 1207 quod
1341 1133 1599 1206 praeferas
1627 1134 1747 1191 sine

148 1228 372 1286 macula
415 1236 540 1283 ante
584 1226 815 1283 tribunal
859 1225 957 1282 Dui
1004 1226 1091 1282 nri
1128 1226 1223 1283 lbu
1263 1226 1369 1299 Xpi
1399 1226 1487 1283 cui
1512 1222 1747 1282 ﬂectitur

146 1333 323 1375 omne
363 1332 503 1390 genu
546 1316 880 1382 caelestium,
932 1317 1274 1373 terrestrium
1315 1326 1372 1372 et
1409 1315 1745 1374 infernarum

146 1412 216 1467 in
259 1410 452 1466 smcula
499 1406 841 1466 saeculorum.
890 1406 1087 1466 Amen.
1136 1404 1284 1465 Tunc
1322 1409 1750 1464 canteturacir-

146 1499 540 1555 cumstantibus
573 1498 643 1553 ad
671 1498 908 1571 singulas
938 1499 1249 1572 antiphona.
1300 1496 1479 1556 Induit
1515 1514 1604 1557 me
1637 1498 1745 1557 Do-

147 1590 342 1647 minus
384 1589 589 1647 ciclade
625 1604 760 1646 auro
785 1598 929 1647 texta
952 1598 1009 1647 et
1032 1588 1315 1648 immensis
1347 1590 1635 1648 monilibus
1658 1606 1749 1648 or-

151 1685 317 1741 navit
354 1699 461 1742 me.

469 1774 655 1831 Oratio
687 1785 803 1848 post
831 1786 1155 1848 assumptum
1192 1774 1442 1832 velamen.

228 1865 515 1926 Famulam
578 1874 727 1923 tuam
783 1867 1013 1924 Domine
1068 1875 1174 1923 tua:
1231 1867 1475 1925 custodia
1537 1874 1747 1924 muniat

146 1964 400 2040 pietatis,
427 1972 487 2019 ut
526 1963 873 2021 continentiae
915 1972 1118 2022 sanctae
1158 1964 1495 2036 propositum
1523 1965 1666 2036 quod
1697 1973 1748 2022 te

148 2055 463 2127 inspirante
505 2054 765 2126 suscepit,
792 2062 845 2111 te
865 2063 1180 2127 protegente
1205 2055 1429 2112 illaesum
1453 2056 1744 2114 custodiat.

148 2144 409 2218 Sequitur
449 2142 755 2216 ant'iphona.
802 2144 908 2216 ipsi
952 2161 1071 2201 sum
1109 2146 1431 2217 deSponsata
1470 2146 1590 2212 cui,
1636 2157 1741 2205 etc.

149 2234 237 2291 Da
264 2249 575 2307 quaesumus
595 2233 938 2305 omnipotens
959 2233 1124 2301 Deus,
1154 2244 1213 2291 ut
1245 2236 1361 2292 haec
1395 2234 1597 2292 famula
1632 2247 1744 2307 tua,

146 2342 281 2397 quae
324 2341 424 2396 pro
468 2341 564 2397 spe
606 2325 982 2383 retributionis
1025 2337 1245 2385 aeternae
1274 2327 1367 2384 tibi
1399 2329 1626 2386 Domino
1655 2331 1748 2388 de-

150 2420 369 2474 siderat
404 2417 752 2486 consecrari,
794 2416 956 2490 plena
998 2419 1104 2477 ﬁde
1143 2421 1434 2492 animoque
1469 2422 1523 2478 in
1559 2432 1749 2481 sancto

149 2508 438 2578 proposito
490 2516 827 2579 permaneat.
893 2507 974 2564 Tu
1023 2524 1144 2566 eam
1195 2510 1536 2582 omnipotens
1587 2511 1749 2569 Pater

152 2598 503 2654 sanctiﬁcare
541 2607 595 2655 et
631 2599 953 2656 benedicere
996 2609 1052 2655 et
1089 2599 1143 2654 in
1182 2609 1497 2671 perpetuum
1531 2617 1751 2659 consen-

152 2703 293 2744 vare
335 2688 594 2758 digneris.
642 2686 847 2744 Tribue
886 2689 937 2743 ei
980 2689 1365 2756 humilitatem,
1414 2692 1745 2759 castitatem,

152 2778 544 2847 obedientiam,
566 2779 849 2836 caritatem
877 2788 933 2836 et
968 2781 1212 2836 omnium
1234 2781 1497 2838 bonorum
1523 2798 1748 2854 aperum

152 2871 540 2942 quantitatem.
591 2872 671 2928 Da
713 2872 763 2929 ei
806 2873 1033 2929 Domine
1082 2889 1180 2945 pro
1221 2875 1474 2946 operibus
1497 2875 1744 2948 gloriam,

154 2978 262 3035 pro
308 2963 511 3035 pudore
542 2963 924 3030 reverentiam,
966 2979 1066 3035 pro
1105 2965 1365 3038 pudicitia
1406 2967 1748 3024 sanctitatem

156 3063 224 3108 ut
263 3053 331 3108 ad
374 3054 626 3109 meritum
666 3053 838 3126 possit
873 3054 1060 3128 gloriae
1096 3058 1401 3128 pervenire.
1434 3057 1559 3115 Per.
1606 3058 1750 3116 Tunc

157 3152 406 3197 cantetur
430 3159 462 3196 a
490 3143 945 3200 circumstantibus
972 3142 1282 3218 antiplw'na.
1323 3146 1508 3205 Posuit
1535 3149 1750 3220 signum

156 3232 218 3289 in
245 3231 440 3288 faciem
467 3249 676 3300 meam,
718 3242 777 3290 ut
817 3235 1021 3292 nullum
1047 3248 1246 3308 praeter
1285 3255 1409 3295 eum
1449 3250 1749 3299 amatorem

160 3323 466 3379 admittam.
509 3322 578 3378 Et
604 3324 744 3380 dicat
774 3327 1044 3399 episcopus
1074 3327 1481 3386 benedictionem
1509 3331 1753 3390 Matt/uti

157 3414 388 3485 apostoli
419 3432 575 3487 super
601 3433 738 3472 eam.
781 3416 873 3472 0r.
934 3418 1077 3475 Deus
1120 3420 1418 3491 plasmator
1463 3438 1750 3495 corporum

159 3502 373 3560 aﬂlator
404 3504 730 3572 animarum,
769 3507 860 3578 qui
907 3507 1111 3564 nullam
1138 3511 1350 3580 spernis
1375 3519 1614 3579 aetatem,
1644 3528 1748 3569 non

160 3609 357 3650 sexum
406 3598 701 3668 reprobas,
766 3597 969 3653 nullam
1017 3600 1385 3657 conditionem
1432 3604 1608 3672 gratia
1660 3614 1749 3659 tua

160 3684 320 3741 ducis
360 3685 634 3757 indignam
658 3704 673 3753 ;
722 3688 817 3743 sed
844 3688 1085 3743 omnium
1111 3691 1338 3760 aequalis
1363 3701 1580 3749 creator
1604 3708 1663 3750 es
1694 3704 1750 3749 et

163 3779 472 3847 redemtor;
522 3788 579 3835 tu
622 3780 761 3836 hanc
798 3778 1056 3838 famulam
1084 3790 1250 3848 tuam,
1292 3799 1453 3856 quem
1495 3799 1563 3841 ex
1601 3789 1748 3844 onmi

160 3882 394 3924 numero
413 3868 589 3939 gregis
608 3878 795 3940 pastor
813 3869 990 3927 bonus
1014 3870 1213 3943 eligere
1234 3872 1301 3928 ad
1321 3875 1746 3932 conservandam

161 3975 421 4016 coronam
443 3968 713 4032 perpetua:
734 3962 1059 4034 virginitatis
1078 3972 1132 4020 et
1154 3965 1530 4022 castimoniam
1556 3969 1749 4026 animae

162 4053 418 4124 dignatus
440 4066 529 4119 es;
558 4062 662 4108 tuae
683 4055 1035 4124 protectionis
1057 4066 1210 4113 scuto
1231 4057 1582 4132 circumtege,
1602 4070 1656 4114 et
1680 4059 1749 4116 ad

160 4158 326 4199 omne
354 4160 486 4215 opus
512 4145 725 4201 virtutis
751 4154 804 4201 et
831 4146 1047 4217 gloriae,
1092 4149 1445 4221 magistrante
1481 4151 1748 4222 sapientia

160 4251 432 4307 prmpara,
460 4246 517 4290 ut
544 4237 800 4294 innocens
830 4232 1010 4295 carnis
1037 4238 1335 4307 illecebras,
1368 4250 1423 4297 et
1448 4240 1594 4298 licita
1620 4260 1752 4300 cou-

160 4326 352 4391 nubio,
380 4342 640 4383 recusans
674 4328 1012 4384 insolubilem
1051 4328 1171 4384 Filii
1212 4332 1285 4386 tui
1323 4330 1538 4388 Domini
1578 4336 1747 4391 nostri

160 4415 291 4472 Jesu
324 4416 523 4472 Christi
558 4418 809 4489 copulam
847 4430 1140 4475 mereatur.
1190 4420 1325 4478 Hinc
1366 4423 1600 4495 petimus
1639 4425 1745 4482 Do-

162 4507 311 4561 mine
330 4548 350 4589 ι,
398 4522 550 4563 arma
600 4524 860 4581 suggeras
902 4527 1009 4567 non
1053 4514 1288 4569 carnalia
1316 4555 1331 4580 ,
1387 4517 1482 4572 sed
1527 4518 1747 4589 spiritus

161 4596 366 4652 virtute
412 4600 691 4668 potentia,
751 4611 808 4655 ut
862 4611 915 4657 te
966 4604 1243 4661 muniente
1291 4606 1408 4677 ejus
1457 4623 1648 4666 sensus
1696 4621 1751 4666 et

161 4688 409 4743 membra
434 4689 487 4743 in
512 4687 626 4759 ejus
650 4706 880 4762 corpore
919 4702 973 4748 et
1014 4695 1196 4750 animo
1238 4713 1343 4751 non
1384 4699 1553 4768 possit
1583 4698 1750 4755 domi-

163 4779 283 4835 nari
310 4790 615 4851 pcccatum,
640 4793 804 4856 atque
841 4787 942 4843 sub
977 4796 1066 4842 tua
1097 4789 1271 4859 gratia
1299 4790 1483 4847 vivere
1512 4793 1749 4863 cupienti

165 4872 301 4927 nihil
339 4873 441 4929 sibi
476 4872 733 4932 defensor
772 4877 1038 4934 malorum
1082 4889 1139 4935 et
1179 4882 1430 4939 inimicus
1461 4885 1749 4955 bonorum,

165 4963 234 5015 de
292 4962 399 5017 hoc
450 4979 580 5019 vase
623 4967 736 5037 jam
782 4968 983 5024 nomini
1044 4979 1134 5026 tuo
1189 4983 1403 5028 sacrato
1457 4977 1752 5045 prtevaleat

164 5050 475 5107 vendieare.
519 5052 749 5110 Omnem
775 5058 939 5112 etiam
975 5061 1268 5131 genuinum
1298 5063 1534 5120 calorem
1578 5066 1752 5122 imber

164 5141 358 5212 gratia:
403 5151 505 5198 tum
546 5145 782 5202 caelestis
825 5148 1135 5219 extinguat;
1181 5150 1362 5208 lumen
1397 5169 1527 5209 vero
1562 5169 1751 5225 perle-

167 5240 274 5285 tuae
300 5234 571 5289 castitatis
598 5237 860 5290 accendat
884 5254 896 5291 :
928 5239 1095 5294 facies
1119 5240 1393 5298 scandulis
1421 5245 1614 5314 pudica
1642 5262 1749 5301 non

164 5329 375 5397 pateat,
421 5339 516 5380 nec
545 5325 758 5382 incaute
794 5329 1133 5385 occasionem
1176 5329 1377 5389 tribuat
1415 5334 1748 5409 neglegentia

238 5500 391 5585 (2:25)
433 5500 588 5559 Ritus
624 5504 712 5561 hic
735 5506 915 5585 dandi
944 5523 1152 5563 sacram
1183 5508 1415 5585 hostiam
1435 5554 1449 5576 ,
1484 5513 1626 5585 unde
1654 5530 1750 5585 per

164 5573 849 5656 octiddutnlcommunicet
869 5579 1037 5649 virgo,
1076 5589 1135 5635 ut
1160 5581 1291 5656 olim
1327 5583 1381 5637 in
1410 5573 1750 5656 ordinatione

166 5642 492 5726 sacerdotali
539 5661 636 5726 usu
683 5642 980 5726 veniebat:
1014 5642 1379 5726 prmscribitur
1426 5654 1478 5708 iu
1527 5658 1749 5726 antiquo

165 5714 374 5795 Ordine
404 5713 776 5795 Il._variisqtte
814 5718 990 5795 li_bris_
994 5713 1390 5795 pontificalibus
1424 5728 1564 5795 apud
1610 5713 1749 5782 Mar-

167 5785 377 5840 tenium
400 5826 413 5852 ,
441 5784 533 5841 lib.
562 5804 621 5849 ll,
651 5784 717 5842 de
744 5790 913 5859 antiq.
952 5784 1095 5847 Eccl.
1126 5790 1253 5857 Rit.,
1284 5812 1330 5849 c.
1361 5797 1412 5863 6,
1446 5784 1497 5851 ιὶ.
1546 5797 1627 5853 15.
1660 5799 1749 5854 lli-

576 5902 846 5964 PltTItOL.
894 5906 994 5966 CX
1010 5908 1058 5967 Χ
1072 5907 1122 5966 Χ
1139 5906 1299 5969 ΠΗ.

1846 582 2075 652 pariter,
2122 592 2179 641 et
2220 592 2452 649 armata,
2478 584 2582 641 ﬁde
2623 586 2849 659 integra,
2878 602 2972 659 spe
2997 598 3168 648 certa.
3197 589 3427 644 caritate

1846 671 2079 740 sincera,
2104 680 2165 728 ut
2189 668 2491 745 praeparato
2512 675 2714 743 animo,
2741 678 2807 732 ad
2833 679 3227 734 continentiam
3258 679 3429 735 virtus

1847 766 1995 815 tanta
2019 771 2325 832 praestetur,
2343 777 2461 833 quae
2482 774 2702 835 superet
2721 765 2917 822 diaboli
2938 767 3189 823 universa
3208 768 3432 840 ﬁgmen-

1848 864 1934 920 ta,
1979 866 2143 926 atque
2180 858 2578 912 contemnendo
2621 859 2904 928 praesentia
2945 858 3124 915 futura
3169 868 3429 917 sectetur.

1844 946 2056 1020 Jejunia
2077 949 2251 1020 epulis
2272 950 2584 1006 carnalibus
2600 948 2871 1023 prteierat,
2893 962 2949 1009 et
2966 951 3225 1011 lectiones
3247 969 3434 1011 sacras

1844 1048 1902 1096 et
1926 1040 2201 1097 orationes
2227 1041 2493 1099 conviviis
2528 1052 2585 1099 et
2617 1042 2987 1114 potationibus
3015 1054 3341 1115 anteponat,
3376 1054 3436 1100 ut

1843 1132 2184 1189 orationibus
2206 1143 2357 1205 pasta
2381 1144 2439 1190 et
2463 1136 2856 1192 eruditionibus
2875 1136 3109 1208 expleta,
3134 1138 3435 1195 illuminata

1844 1223 2045 1295 vigiliis
2068 1238 2205 1294 opus
2228 1226 2418 1296 gratia:
2444 1226 2725 1297 virginalis
2749 1237 3023 1289 exerceat.
3052 1229 3149 1284 llis
3174 1228 3435 1284 virtutum

1846 1315 2017 1371 armis
2038 1315 2180 1372 hanc
2208 1327 2353 1371 tuam
2376 1314 2632 1373 famulam
2659 1318 2889 1375 interius
2911 1319 3260 1390 exteriusque
3287 1334 3436 1375 com-

1846 1407 2138 1472 muniens,
2202 1416 2402 1478 praesta
2464 1406 2789 1466 inotl'ensum
2838 1425 3058 1468 cursum
3108 1410 3435 1482 virginitatis

1846 1498 2095 1570 implere.
2141 1498 2266 1557 Per.

2322 1591 2405 1646 Ad
2432 1594 2687 1646 annulum
2717 1585 2971 1648 dandum.

1917 1682 2119 1755 Accipe
2152 1680 2410 1738 annulum
2457 1682 2620 1751 fidei,
2662 1684 2998 1756 signaculum
3035 1682 3269 1755 Spiritus
3307 1699 3427 1741 sau-

1850 1774 1923 1831 cti
1942 1816 1958 1841 ,
1982 1783 2042 1829 ut
2068 1791 2263 1848 sponsa
2288 1775 2382 1832 Dei
2409 1776 2619 1831 voceris
2643 1777 2688 1832 si
2717 1777 2765 1832 ei
2796 1776 3024 1833 ﬁdeliter
3050 1777 3322 1832 scrvieris.

1775 1835 1824 1899 Β
1918 1835 2121 1939 Accipe
2154 1867 2365 1938 signum
2393 1865 2594 1923 Christi
2624 1868 2677 1922 in
2708 1869 2907 1940 capite,
2936 1876 2993 1923 ut
3019 1884 3153 1924 uxor
3184 1868 3299 1939 ejus
3324 1864 3437 1924 em.

1844 1959 2045 2026 ciaris,
2075 1966 2133 2016 et
2157 1959 2203 2015 si
2232 1958 2288 2014 in
2313 1973 2379 2015 eo
2404 1959 2803 2029 permanseris,
2834 1960 2888 2016 in
2921 1968 3242 2031 perpetuum
3283 1974 3435 2016 coro-

1846 2049 2018 2106 neris.

1916 2135 2141 2194 Interim
2168 2138 2378 2194 dicatur
2398 2139 2687 2210 antiphona
2713 2153 2733 2191 :
2763 2142 2980 2197 Annulo
3010 2155 3107 2196 suo
3133 2138 3443 2197 subarravit

1848 2244 1938 2287 me
1964 2229 2230 2286 Dominus
2259 2246 2414 2288 meus
2450 2229 2611 2288 Jesus
2640 2231 2889 2288 Christus
2916 2242 2971 2286 et
3000 2241 3255 2302 tanquam
3281 2247 3443 2302 spon-

1845 2335 1962 2377 sam
1992 2319 2268 2376 decoravit
2297 2333 2383 2374 me
2405 2334 2624 2375 corona.
2656 2319 2909 2391 Sequitur
2939 2320 3247 2375 benedictio.
3271 2320 3443 2375 Bene-

1844 2412 1994 2469 dicat
2031 2421 2082 2469 te
2113 2413 2363 2468 conditor
2393 2412 2518 2468 coeli
2544 2421 2600 2469 et
2634 2421 2798 2469 term
2829 2412 2972 2469 Deus
3009 2412 3169 2468 Pater
3197 2413 3442 2484 omnipo-

1848 2512 1988 2569 tens,
2015 2502 2110 2573 qui
2138 2511 2193 2558 te
2216 2502 2414 2575 eligere
2438 2503 2690 2575 dignatur
2715 2504 2783 2558 ad
2809 2513 3011 2561 sanctae
3037 2504 3221 2560 Mariae
3247 2505 3441 2559 matris

1847 2590 1948 2648 Dni
1979 2591 2064 2647 nri
2088 2590 2193 2648 Jbu
2219 2589 2352 2663 Xpri
2381 2593 2746 2659 consortium,
2773 2601 2833 2648 ut
2859 2593 3128 2665 integram
3158 2603 3214 2648 et
3245 2594 3440 2647 imma~

1848 2682 2079 2739 culatam
2112 2682 2501 2756 virginitatem,
2533 2700 2696 2754 quam
2741 2684 2984 2757 professa
3024 2700 3083 2740 es
3125 2699 3308 2739 coram
3340 2676 3444 2757 Do}

1848 2775 1998 2831 mino
2037 2783 2091 2831 ct
2116 2774 2324 2846 angelis
2355 2775 2472 2847 ejus
2509 2791 2822 2843 conserves,
2851 2777 3188 2848 propositum
3222 2785 3437 2841 teneas,

1848 2867 2156 2923 castitatem
2194 2866 2387 2936 diligas
2411 2908 2426 2932 ,
2472 2868 2785 2939 patientiam
2830 2884 3049 2936 serves,
3089 2878 3144 2924 et
3187 2883 3441 2945 coronam

1849 2959 2183 3030 virginitatis
2212 2962 2459 3032 accipere
2496 2960 2779 3015 merearis.
2812 2958 2936 3016 Per.

1923 3046 2051 3104 Post
2096 3050 2207 3105 ha'c
2248 3049 2543 3121 relinquens
2571 3066 2746 3105 cereos
2788 3049 2962 3121 puella
2998 3045 3184 3121 o/I‘erat
3224 3049 3444 3103 oblatio-

1854 3160 1991 3199 nem.
2013 3142 2214 3198 Iterum
2231 3143 2488 3215 accipiens
2511 3129 2705 3210 cereos,
2728 3154 2831 3198 stat
2856 3143 3131 3210 inclinata,
3156 3144 3443 3214 usquedum

1854 3236 2197 3291 communicet
2224 3275 2240 3300 ,
2281 3243 2328 3288 et
2358 3235 2518 3288 missa
2548 3235 2770 3305 ﬁniatur
2794 3230 2981 3290 ordine
3007 3251 3121 3289 suo.
3159 3231 3444 3302 Postquam

1852 3327 2231 3394 communicet,
2274 3337 2491 3382 reservet
2533 3327 2599 3382 de
2642 3327 2755 3397 ipsa
2793 3326 3158 3381 communione
3193 3341 3353 3395 usque
3393 3325 3446 3377 iu

1851 3420 1989 3474 diem
2020 3429 2290 3485 octavum,
2332 3428 2387 3473 ut
2418 3419 2540 3473 inde
2570 3419 2914 3473 communicet
2952 3416 3121 3488 (225).
3167 3414 3233 3471 Et
3266 3418 3312 3471 si
3348 3427 3446 3480 cst,

1851 3512 1940 3581 qui
1969 3528 2016 3566 et
2043 3498 2399 3565 testimonium
2429 3504 2720 3580 perhibeat,
2752 3511 2923 3563 mittat
2954 3526 3068 3563 eam
3094 3509 3364 3580 episcOpus
3393 3507 3448 3561 in

1851 3618 2039 3659 manus
2069 3621 2193 3658 suas
2222 3604 2400 3659 dicens
2434 3622 2446 3657 :
2482 3602 2673 3658 Videte
2710 3602 2979 3673 quomodo
3020 3601 3178 3655 istam
3219 3600 3325 3655 Deo
3361 3615 3450 3653 sa-

1851 3702 2057 3748 cratam
2086 3702 2449 3765 repraesentes
2471 3692 2873 3748 immaculatum
2904 3701 3030 3746 ante
3059 3690 3294 3746 tribunal
3343 3689 3444 3743 Dni

1853 3783 1937 3838 nri
1970 3783 2093 3854 Xpi.

2340 3868 2474 3929 Item
2508 3875 2667 3930 missa
2702 3874 2830 3945 virg.‘
2836 3887 2981 3927 num.

1924 3959 2043 4021 Tibi
2086 3966 2224 4021 dixit
2272 3982 2369 4023 cor
2415 3981 2616 4043 meum.
2659 3963 2752 4021 Ps.
2797 3965 3060 4021 Dominus
3105 3962 3446 4021 illuminatio.

1852 4059 1927 4115 Da
1966 4075 2275 4130 quaesumus
2325 4059 2553 4115 Domine
2591 4058 2801 4115 ancilla:
2848 4068 2951 4113 tua:
2998 4072 3160 4128 quant
3204 4056 3446 4127 virginit.

1852 4147 1945 4204 Gr.
1981 4149 2238 4206 Miserere
2280 4150 2387 4206 mei
2431 4150 2595 4204 Deus.
2626 4149 2680 4218 ἲ.
2719 4147 2865 4202 Misit
2907 4147 2972 4201 de
3004 4140 3163 4202 cmlo.
3192 4145 3445 4202 Alleluia.

1850 4240 2033 4296 Lauda
2062 4242 2241 4296 anima
2272 4256 2392 4296 mea
2415 4241 2722 4297 Dominutn.
2751 4239 2859 4310 ΟΙῙ.
2889 4238 3121 4309 Sperent
3145 4238 3196 4293 in
3225 4248 3294 4293 te.
3323 4235 3447 4293 Sac.

1852 4330 2060 4387 Oblatis
2090 4332 2283 4387 hostiis
2316 4332 2561 4387 Domine.
2593 4331 2748 4402 infra
2777 4348 2896 4386 can.
2929 4330 3082 4385 lianc
3108 4331 3273 4402 igitur
3298 4330 3451 4387 obla-

1853 4423 2077 4479 tionem.
2111 4423 2383 4480 Bencdict.
2417 4424 2646 4483 Domine
2674 4424 2818 4480 Deus
2851 4432 3087 4489 mterne,
3116 4424 3209 4494 qui
3245 4432 3453 4477 utrum-

1854 4526 1960 4583 que
2002 4529 2193 4569 sexum
2225 4515 2290 4569 de
2325 4514 2547 4570 interitu
2585 4523 2861 4585 perpetua:
2903 4514 3093 4568 mortis
3132 4529 3229 4584 per
3266 4513 3451 4569 Jesum
3520 4545 3527 4551 ι

1781 4582 1830 4643 D
1856 4582 2131 4659 Christum
2163 4602 2358 4658 Filium
2404 4610 2554 4657 tuum
2589 4582 2659 4658 de
2684 4582 2853 4657 Maria
2884 4600 3106 4672 Virgine
3134 4582 3319 4655 natum
3353 4604 3452 4665 mi,-

1858 4694 2209 4750 scricorditer
2256 4694 2563 4760 redemisti,
2598 4695 2737 4749 hanc
2769 4691 3028 4748 famulam
3073 4703 3218 4749 tuam
3256 4696 3449 4749 devota

1858 4796 2042 4843 mente
2090 4787 2185 4842 tibi
2231 4788 2558 4843 servientem
2602 4787 2749 4842 omni
2793 4787 3170 4843 benedictione
3220 4785 3450 4859 Spiritali

1857 4879 2180 4936 benedicere
2227 4879 2472 4951 dignare.
2509 4880 2704 4935 Amen.
2739 4879 2811 4936 Ut
2853 4880 3118 4953 integram
3151 4879 3308 4935 fidem
3358 4883 3452 4936 ha-

1858 4972 1985 5025 beat
2007 5011 2022 5037 ,
2063 4980 2117 5025 et
2146 4970 2198 5026 iu
2231 4970 2517 5042 praeceptis
2551 4970 2684 5043 legis
2728 4980 2831 5026 tua:
2851 4986 3065 5042 semper
3099 4983 3402 5042 perseveret
3433 5011 3449 5035 ,

1860 5068 2072 5115 terrena
2102 5068 2155 5116 et
2184 5060 2496 5115 transitoria
2529 5060 2811 5131 despiciat,
2842 5070 3043 5116 aeterna
3075 5071 3130 5116 et
3160 5060 3449 5115 invisibilia

1860 5151 1912 5206 in
1953 5160 2101 5207 tanta
2142 5150 2492 5207 meditatione
2530 5151 2737 5223 diligat.
2779 5153 2972 5207 Amen.
3016 5151 3084 5207 Ut
3126 5152 3179 5206 in
3224 5166 3450 5206 numero

1858 5254 2169 5299 sanctarum
2198 5244 2467 5316 virginum
2500 5259 2826 5314 permanens
2852 5246 3057 5301 cmlesti
3095 5259 3293 5314 sponso
3324 5259 3449 5298 cum

1859 5322 2202 5408 lampadibus
2227 5332 2499 5394 bonorum
2526 5351 2751 5408 operum
2780 5333 3102 5391 fiducialiter
3135 5320 3447 5399 occurrere,

1859 5524 1945 5572 tus
1980 5514 2072 5572 hic
2105 5515 2157 5571 in
2202 5515 2507 5573 triduanam
2544 5517 2975 5575 communionem
3018 5524 3101 5569 est
3140 5522 3446 5569 commuta-

1859 5597 1979 5659 tus.
2021 5597 2079 5642 ut
2117 5590 2493 5659 prteseriptum
2536 5589 2697 5659 tradit
2741 5586 2853 5659 los;
2895 5586 3188 5659 (latalanus
3230 5599 3297 5659 ex
3341 5599 3443 5659 ius.

1859 5652 2305 5783 fiéatica2315235;circ.
2342 5652 2482 5716 'ann.
2512 5658 2635 5725 £00,
2673 5668 2710 5714 t.
2754 5659 2771 5713 Ι
2811 5656 3113 5713 Comment.
3149 5657 3202 5711 in
3237 5652 3438 5710 Pontif.

1932 5764 1951 5783 .
1979 5746 2029 5783 ι).
2168 5769 2182 5783 .

1931 5764 1951 5797 ,
1979 5746 2029 5797 p.
2059 5746 2182 5784 oux.

2915 5846 2931 5872 ο

3144 5907 3223 5965 35
