3962 5386
578 310 744 396 ⁸ιοθθ

1487 304 1772 361 ΔΡΡΕΝΒ.
1815 306 1923 361 AD.
1967 303 2137 361 SJEC.
2176 302 2242 358 Χ.
2270 333 2339 343 -
2365 299 2797 361 MONUMENTA
2838 300 3116 360 LITURG.

3688 309 3793 366 £100

606 430 705 501 ipsi
735 428 829 485 tibi
864 425 1136 500 praestanti
1175 412 1460 479 mereatur.
1489 422 1679 476 Amen.
1707 420 1857 488 Quod
1898 420 2009 490 ipse
2044 395 2252 489 prce-ﬁ
2281 425 2465 471 nostra
2494 415 2557 470 N.
2596 431 2715 485 qua:
2744 430 2972 485 corpore
2999 430 3063 470 ac
3088 420 3269 470 mente
3292 414 3540 484 perfecta:
3561 420 3788 477 continen.

594 533 751 578 ‘stare
788 521 930 590 dign.
969 518 1169 573 Comm.
1205 514 1371 569 Notas
1412 513 1540 567 mihi
1578 511 1770 565 fecisti.
1812 510 2038 581 Respice
2078 509 2180 563 Do-

609 618 753 672 mine
788 613 995 669 famulte
1022 620 1144 665 tute.
1172 607 1352 663 Sermo
1381 606 1435 660 in
1470 615 1580 659 nat.
1615 604 1888 675 virginum.

608 731 686 787 Ad
729 729 945 784 ancillas
976 725 1072 781 Dci
1117 724 1339 805 virgines
1374 717 1655 781 celandus.
1700 717 1883 789 quibus
1924 715 2181 771 conversis

1086 799 1384 850 vestimenta
1414 799 1703 843 mutantur.

582 899 589 905 '
674 888 878 946 Ancilla
915 886 1005 941 Dei
1036 887 1197 955 rirqo,
1235 899 1351 937 cum
1389 880 1456 933 ad
1492 877 1928 932 consecrationem
1964 875 2045 929 sui
2070 874 2180 944 epi-

603 984 742 1053 scopi
774 981 1017 1051 oﬂ‘ertur,
1048 979 1103 1030 in
1133 974 1324 1029 talibus
1355 970 1576 1026 vestibus
1606 966 1916 1037 applicetur,
1942 963 2181 1035 qualibus

582 1080 800 1147 'semper
831 1088 1011 1134 usura,
1048 1063 1357 1138 professioni
1388 1071 1435 1116 ct
1466 1057 1822 1114 sanctimonire
1855 1057 2008 1125 aptis.
2037 1052 2181 1108 Tunc

582 1162 741 1224 idicat
768 1168 902 1221 lianc
928 1161 1311 1234 praefationem.
1346 1154 1576 1211 Oremus
1613 1149 1804 1204 fratres
1830 1148 1940 1203 ιςιηί
1976 1145 2185 1202 miseri-

603 1259 842 1315 cordiam
868 1251 1102 1317 Domini,
1135 1258 1192 1305 ut
1217 1248 1346 1303 illud
1372 1245 1571 1299 donum
1598 1242 1796 1297 tribuat
1826 1239 1948 1294 huic
1973 1236 2179 1309 puellm,

578 1348 722 1422 'quaz
746 1350 854 1404 Deo
876 1356 1056 1401 votum
1076 1342 1241 1407 vovit,
1265 1350 1467 1396 vestem
1493 1335 1775 1393 candidam
1792 1330 2036 1404 perferre
2058 1334 2185 1385 cum‘

584 1427 912 1514 integritate
950 1442 1163 1493 corona:
1187 1476 1201 1500 ,
1247 1433 1299 1487 in
1334 1426 1730 1486 resurrectione
1763 1428 1888 1477 vita:
1926 1432 2143 1476 aeternae
2164 1461 2177 1481 ,

603 1511 923 1609 quasvfutura
952 1540 1037 1586 est
1061 1529 1236 1583 nobis.
1267 1524 1388 1579 Per.
1422 1520 1564 1575 Atia.
1591 1516 1875 1573 Familiam
1905 1524 2050 1567 tuam
2073 1511 2181 1565 Do-

598 1631 745 1685 mine
787 1636 890 1681 tuac
935 1621 1176 1680 custodia
1217 1616 1422 1672 muniat
1456 1610 1715 1684 pietatis,
1763 1621 1821 1662 ut
1863 1602 2184 1676 virginitatis

590 1713 800 1777 sancta:
829 1714 1197 1789 propositum,
1229 1706 1368 1779 quod
1399 1715 1452 1760 te
1491 1701 1786 1772 inspirante
1823 1695 2091 1767 suscepit,
2130 1702 2183 1747 te

589 1821 912 1885 protegente
942 1806 1167 1861 illaesum
1194 1797 1480 1857 custodiat.
1515 1793 1637 1848 Per.
1730 1873 1756 1879 ﬂ

583 1878 617 1905 ”
672 1878 812 1956 Alia.
855 1899 932 1954 Te
990 1897 1302 1950 invocamus
1352 1886 1574 1942 Domine
1630 1878 1792 1938 Pater
1842 1878 2185 1948 omnipotens

601 2007 803 2051 aitet-ne
853 1993 993 2046 Deus
1036 1999 1197 2056 super
1240 1984 1379 2037 hanc
1406 1976 1679 2032 famulam
1732 1980 1877 2026 tuatn
1926 1983 2044 2040 qua:
2089 1967 2183 2022 tibi

590 2087 749 2155 vovit
775 2084 977 2141 servire
1013 2092 1143 2148 pura
1176 2080 1353 2153 mente
1376 2111 1391 2135 ,
1423 2068 1728 2135 mundoque
1757 2062 1941 2126 corde,
1976 2067 2035 2112 ut
2064 2071 2183 2113 eam

589 2152 813 2235 sociare
845 2170 1082 2244 digneris
1113 2168 1252 2223 inter
1289 2147 1375 2219 illa
1407 2168 1622 2215 centum
1660 2153 2017 2226 quadraginta
2047 2164 2183 2219 qua-

601 2281 725 2324 tuor
754 2264 918 2321 millia
963 2261 1224 2316 infantum
1263 2255 1353 2325 qui
1383 2250 1619 2322 virgines
1655 2249 2100 2317 permanserunt,
2132 2245 2187 2292 et

582 2351 722 2417 'cunt
749 2353 1064 2412 mulieribus
1092 2366 1197 2405 non
1222 2343 1727 2414 coinquinaverunt,
1758 2337 1808 2391 in
1836 2347 2064 2405 quorutn
2091 2342 2186 2383 ore

584 2442 755 2505 'itelus
795 2447 1046 2501 inventus
1076 2456 1183 2496 non
1215 2446 1315 2494 est.
1350 2435 1415 2491 Fit
1455 2434 1527 2488 ita
1563 2432 1703 2485 hanc
1742 2424 2000 2481 famulam
2039 2432 2183 2475 tuam

600 2543 770 2597 facias
798 2548 1117 2610 permanere
1148 2526 1550 2586 immaculatum
1591 2534 1759 2590 usque
1790 2518 1842 2571 in
1877 2516 2058 2578 linem,
2092 2527 2188 2582 per

601 2604 1002 2691 immaculatum
1030 2624 1154 2679 me
1184 2621 1323 2691 Xpm
1353 2618 1485 2672 Dum
1515 2627 1655 2675 nrm,
1682 2625 1804 2665 cum
1832 2621 1940 2677 quo
1970 2604 2105 2659 vivis
2134 2609 2189 2657 et

601 2740 797 2798 regnas
835 2721 977 2776 Deus
1016 2719 1067 2772 in
1107 2714 1313 2770 unitate
1343 2710 1579 2780 Spiritus
1614 2701 1807 2760 sancti.
1850 2699 1972 2754 Per.
2018 2695 2187 2749 Bene-

594 2792 830 2873 ~dictione
856 2810 1059 2883 expleta
1093 2808 1261 2861 mittat
1297 2803 1564 2873 episcopus
1590 2793 1819 2849 velamen
1848 2804 2005 2859 super
2033 2792 2187 2855 caput

599 2909 767 2981 ipsius
807 2905 1023 2976 virginis
1053 2890 1253 2956 dicens.
1282 2894 1477 2965 Accipe
1505 2889 1681 2945 velum
1725 2899 1939 2941 sacrum
1968 2879 2144 2952 puella
2170 2917 2185 2944 ,

603 2973 746 3075 quod
773 2973 1030 3073 praeferas
1060 2996 1179 3053 sine
1209 2990 1414 3046 macula
1451 2994 1576 3041 ante
1603 2980 1836 3038 tribunal
1864 2978 1960 3033 Dni
1990 2975 2071 3030 nri
2096 2973 2189 3027 lbu

602 3095 707 3166 λρί
728 3134 743 3159 ,
774 3091 860 3148 cui
888 3088 1121 3144 ﬂectitur
1145 3098 1306 3140 omne
1334 3095 1471 3154 genu
1500 3075 1820 3135 caelestium,
1848 3066 2187 3126 terrestrium

2283 509 2369 563 tiae
2404 516 2456 562 et
2490 508 2761 576 pudicitia:
2793 523 2851 563 se
2887 507 3209 561 servituram
3246 505 3472 560 Domino
3513 507 3728 571 devovit.
3751 525 3793 568 ιιι

2280 599 2482 672 petenti
2518 598 2729 655 famula:
2763 601 2876 670 ipse
2907 599 2996 669 qui
3042 607 3125 653 est
3158 596 3319 666 judex
3360 597 3633 653 viduarum
3661 602 3795 673 perfe-

2281 703 2423 749 ctam
2463 693 2662 749 tribuat
2701 692 3110 747 continentiam.

2687 782 2990 849 Benedictio
3015 782 3228 853 prapria
3257 785 3449 837 vidtur.

2351 874 2641 931 Consolare
2672 874 2898 929 Domine
2934 874 3075 928 hanc
3108 871 3362 926 famulam
3404 882 3546 926 tuam
3582 873 3801 934 viduitatis

2263 965 2558 1021 laboribus
2593 965 2972 1029 constrictum;
3022 962 3163 1017 sicut
3199 960 3468 1017 consolari
3506 962 3724 1034 dignatus
3757 984 3802 1022 es

2284 1057 2637 1129 Sareptanam
2684 1058 2899 1111 viduam
2947 1072 3043 1127 per
3089 1054 3295 1110 Heliam
3338 1055 3663 1126 prophetam.
3699 1058 3803 1121 Con.

2283 1148 2414 1204 cede
2439 1149 2486 1204 ei
2513 1148 2785 1218 pudicitia:
2824 1145 3057 1200 fructum
3082 1154 3140 1201 ut
3163 1144 3509 1214 antiquarum
3536 1161 3634 1200 non
3659 1154 3801 1203 memi-

2270 1242 2424 1329 (nerit
2454 1241 2809 1311 voluptatum.
2846 1238 3058 1294 Nesciat
3096 1237 3259 1292 etiam
3281 1278 3298 1303 ,
3334 1247 3443 1292 etc.

2353 1331 2494 1386 Alia.
2534 1330 2610 1385 Da
2636 1344 2945 1401 quaesumus
2974 1329 3314 1399 omnipotens
3343 1326 3524 1394 Deus,
3559 1337 3612 1382 ut
3635 1330 3728 1385 haec
3750 1329 3803 1382 fa-

2283 1421 2430 1475 mula
2462 1428 2582 1485 tua,
2624 1435 2743 1490 quae
2773 1434 2870 1490 pro
2903 1433 2997 1489 spe
3036 1417 3411 1474 retributionis
3449 1424 3649 1473 aeternae
3669 1435 3716 1475 se
3737 1421 3803 1475 tibi

2272 1512 2508 1569 Domine
2534 1512 2803 1569 desiderat
2828 1510 3157 1571 consecrari.
3183 1519 3288 1567 etc.
3318 1507 3563 1564 Vetamen
3588 1510 3719 1580 capiti
3738 1529 3803 1565 ira

2285 1607 2538 1676 imponat.

2359 1698 2543 1755 Oratio
2570 1707 2687 1769 post
2721 1704 3045 1765 assumptum
3077 1694 3441 1751 indumentum
3472 1702 3520 1750 et
3548 1693 3755 1749 velamen.

2212 1786 2257 1845 Β
2357 1783 2637 1845 Famulam
2672 1799 2817 1844 tuam
2855 1787 3078 1843 Domine
3106 1796 3209 1841 tute
3245 1784 3495 1841 custodia
3531 1786 3712 1840 molliat
3728 1795 3802 1840 etc.

2286 1883 2425 1938 Alia.
2460 1868 2682 1938 Domine
2720 1880 2845 1936 Iesu
2876 1880 3091 1936 Christe
3128 1880 3372 1935 omnium
3412 1880 3583 1945 Deus,
3606 1878 3683 1949 qui
3707 1879 3806 1932 inter

2284 1985 2481 2032 ctetera
2512 1973 2772 2028 virtutum
2804 1973 3126 2028 documenta
3156 1970 3223 2026 ad
3254 1970 3488 2025 salutem
3523 1979 3729 2026 nostram
3752 1970 3806 2022 vi-

2285 2082 2467 2139 gorem
2499 2065 2766 2121 castitatis
2792 2073 2845 2118 eta
2880 2062 3152 2134 pudicitiae
3184 2061 3452 2131 reparasti
3473 2102 3489 2128 ,
3522 2070 3571 2116 te
3603 2059 3807 2130 supplices

2284 2172 2594 2223 exoramus,
2619 2166 2678 2210 ut
2704 2156 2846 2211 hanc
2872 2154 3128 2210 Sororem
3158 2160 3406 2209 nostram
3431 2152 3636 2207 viduam
3654 2152 3706 2205 ad
3721 2166 3807 2220 gm-

2286 2254 2413 2308 tiam
2460 2252 2681 2312 pietatis
2718 2261 2821 2305 tuac
2858 2265 2926 2305 ex
2965 2249 3126 2305 corde
3153 2262 3479 2304 conversam
3516 2246 3580 2301 ab
3614 2244 3806 2301 omnibus

2289 2341 2736 2412 temptationibus
2766 2340 3108 2395 inimicorum
3138 2347 3310 2393 tutam
3378 2335 3727 2404 defensae-que
3747 2347 3809 2386 ωι

2286 2434 2488 2488 stodias
2512 2474 2526 2499 ,
2556 2442 2610 2488 et
2641 2431 2757 2487 inec
2785 2430 2976 2501 capitis
3003 2428 3267 2485 velamina
3301 2427 3373 2482 ad
3405 2424 3660 2482 interioris
3684 2422 3807 2478 homi-

2287 2527 2370 2582 nis
2404 2535 2642 2580 tutamen
2686 2538 3034 2593 persevcrare
3079 2520 3270 2576 facias.
3313 2518 3443 2574 Per.
3470 2516 3604 2570 Alia.
3638 2515 3806 2570 Domine

2288 2616 2430 2673 Deus
2456 2617 2715 2671 virtutum
2741 2614 3042 2672 caelestium
3069 2622 3272 2669 reterne
3293 2610 3601 2667 dominator
3622 2608 3700 2664 tibi
3722 2622 3809 2675 sup-

2287 2714 2456 2787 plices
2484 2711 2810 2768 ell‘undimus
2838 2723 3049 2780 preces,
3083 2716 3141 2777 ut
3170 2708 3312 2761 hanc
3348 2704 3603 2759 famulam
3631 2709 3746 2755 tuam
3764 2695 3807 2751 li.

2289 2821 2608 2862 consecrare
2637 2803 2906 2874 digneris,
2936 2814 3095 2872 quam
3124 2798 3189 2854 de
3217 2797 3449 2867 pristina
3476 2791 3809 2850 conversatione

2290 2901 2358 2956 ad
2396 2899 2687 2956 novitatem
2722 2897 2848 2952 vita:
2876 2893 3186 2966 eXSpolians
3212 2899 3458 2946 veterem
3485 2887 3753 2947 hominem,
3774 2888 3811 2936 et

2284 2991 2519 3065 inducas
2544 3002 2766 3053 novum,
2794 2984 3035 3040 converti
3074 2981 3272 3049 fecisti,
3299 2991 3362 3035 ut
3391 2981 3534 3036 sicut
3554 2978 3688 3047 Anna
3722 2986 3810 3043 pro.

2292 3082 2529 3154 phetissa
2560 3078 2742 3133 multis
2772 3074 3103 3146 temporibus
3133 3070 3416 3127 viduitatis
3444 3076 3589 3124 veste
3608 3064 3755 3122 induta
3773 3059 3809 3113 in

608 3140 743 3166 --,,.,
780 3140 860 3148 ν---
1335 3140 1362 3154 ν

603 3193 661 3240 et
711 3182 1045 3239 infcrnorum
1097 3178 1149 3231 in
1193 3173 1388 3230 sarcula
1426 3168 1744 3225 saeculorum
1792 3177 1970 3217 amen.
2017 3158 2188 3212 Bene-

2294 3140 2490 3238 lemplo
2525 3169 2709 3241 glorize
2750 3174 2857 3221 tute
2883 3140 3109 3236 ieiuniis
3155 3169 3211 3217 et
3258 3158 3595 3216 orationibus
3643 3150 3810 3207 ﬁdeliter

604 3272 801 3327 dictio:
830 3267 1120 3323 Benedicat
1149 3273 1201 3319 te
1229 3263 1370 3317 Deus
1396 3259 1557 3313 Pater
1577 3265 1632 3310 et
1669 3253 1836 3309 Filius
1874 3259 1930 3304 et
1959 3247 2191 3319 Spiritus

609 3372 831 3421 sanctus
874 3363 930 3416 in
968 3361 1115 3416 omni
1160 3354 1532 3411 benedictione
1567 3347 1830 3421 Spiritali,
1872 3354 1932 3398 ut
1973 3355 2192 3396 maneas

606 3455 726 3509 sine
776 3450 987 3507 macula
1026 3450 1126 3503 sub
1171 3446 1488 3502 vestimento
1534 3448 1734 3496 sancta:
1781 3435 1959 3489 Maria:
2003 3431 2192 3488 matris

602 3547 710 3602 Dni
743 3546 827 3600 nri
857 3543 961 3599 .lbu
989 3541 1111 3612 Xpi.
1143 3540 1244 3606 Qui
1275 3538 1384 3592 viv.
1412 3545 1465 3590 ct
1493 3549 1601 3604 reg.

592 3630 597 3635 ’
1025 3628 1498 3690 CONSECRATIO
1548 3622 1776 3681 VIDUZE

866 3742 984 3791 ΟΠΞ
1022 3740 1220 3780 FUERIT
1258 3734 1595 3778 CASTI'I‘ATEM
1635 3729 1916 3770 PROFESSA.

684 3819 876 3875 Vidua:
919 3827 1034 3889 post
1080 3815 1360 3887 perlectum
1410 3810 1728 3881 evangelium
1777 3808 1956 3861 debent
2003 3802 2190 3869 celari,

600 3915 732 3986 quia
766 3913 911 3965 decet
951 3925 1038 3962 eas
1067 3924 1158 3978 per
1194 3902 1513 3974 evangelium
1547 3898 1844 3970 pra'dicari.
1895 3894 2062 3949 Vidua
2093 3909 2192 3946 au-

611 4019 714 4060 tent
746 4004 869 4074 quia
899 3999 1069 4055 soluta
1100 4006 1173 4053 est
1210 4016 1241 4050 tt
1269 3995 1376 4065 lege
1405 3992 1518 4055 viri,
1550 3991 1772 4059 seipsam
1804 3985 2042 4041 similiter
2068 3990 2195 4036 dare

610 4094 722 4149 Deo
751 4091 894 4146 debet
932 4099 978 4144 et
1008 4105 1039 4141 a
1069 4085 1365 4157 presbytero
1404 4080 1563 4136 celari
1580 4119 1593 4144 ,
1630 4077 1704 4132 vel
1734 4077 1891 4131 etiam
1918 4088 2192 4127 consecra-

604 4190 723 4237 tum
751 4183 815 4236 ab
842 4181 1078 4250 episcopo
1115 4174 1347 4229 velamen
1378 4173 1488 4242 ipsa
1515 4170 1645 4234 sibi,
1679 4184 1769 4221 nec
1810 4167 2076 4236 episcopus
2102 4163 2194 4216 de-

616 4275 694 4325 bet
741 4272 1026 4338 imponere.
1079 4262 1401 4332 Presbyteris
1445 4275 1562 4315 vero
1602 4257 1720 4311 licet
1764 4255 1947 4310 viduas
1984 4252 2192 4319 velare,

613 4363 740 4418 solis
765 4359 1017 4430 episcopis
1048 4355 1286 4425 rirgincs.

920 4446 1217 4503 Benedictio
1245 4446 1664 4498 uestimentorum
1692 4437 1879 4494 vidum.

690 4542 993 4598 Visihilium
1016 4550 1069 4595 et
1094 4537 1438 4594 iuvisibilium
1460 4545 1676 4591 creator
1698 4533 1838 4587 Deus
1865 4531 2052 4585 adesto
2072 4545 2198 4601 pro-

616 4637 807 4708 pitius,
844 4644 902 4690 ut
930 4636 1042 4690 haec
1078 4633 1386 4687 indumenta
1415 4628 1721 4684 sanctitatis
1764 4623 1988 4696 efﬁgiem
2018 4632 2197 4678 osten~

624 4730 803 4787 dentia
847 4729 1074 4797 desuper
1121 4724 1293 4796 gratia
1337 4731 1429 4777 tua
1472 4720 1732 4791 irrigante
1776 4715 2100 4771 benedicere
2144 4722 2200 4767 et

622 4819 962 4876 sanetiticare
1006 4816 1262 4887 digneris.
1313 4815 1436 4869 Per.
1492 4811 1630 4865 Alia.
1681 4809 1841 4879 Aperi
1892 4818 2199 4875 quzesumus

606 4901 849 4973 Domine
870 4908 1053 4964 oculos
1075 4906 1371 4977 maiestatis
1395 4913 1500 4958 tute
1526 4903 1591 4957 ad
1614 4899 2035 4956 benedicendum
2060 4898 2202 4951 hanc

610 5002 900 5059 ‘viduilatis
926 5007 1150 5063 vestem,
1175 5007 1235 5053 ut
1260 5012 1380 5068 qua:
1408 4997 1461 5051 in
1485 4996 1691 5050 ornatis
1720 4993 1961 5049 vestibus
1986 4990 2085 5044 viri
2117 4990 2200 5044 sui

622 5097 811 5152 usibus
830 5095 1051 5165 placuit,
1080 5094 1131 5147 in
1154 5092 1322 5148 sacris
1348 5091 1656 5145 indumenta
1685 5085 2073 5142 benedictionis
2098 5092 2202 5137 tute

627 5206 845 5246 servare
890 5200 1182 5243 mereatur.
1226 5185 1351 5242 Per.
1401 5183 1545 5239 Tunc
1593 5191 1782 5253 agatur
1822 5180 2034 5235 letania.
2076 5177 2203 5233 Post

629 5279 874 5333 letaniam
918 5279 1149 5349 sequitur
1189 5277 1299 5329 Iure
1334 5272 1597 5344 prtefatio.
1634 5270 2008 5339 Incorruptum
2048 5278 2209 5323 teter-

670 5371 703 5386 ο.
748 5370 781 5386 ,⁸
841 5368 880 5386 I"
1068 5378 1080 5386 ι
1115 5369 1126 5381 ⁸
1176 5366 1431 5386 .⁸-1-1.ξΙῗ-
1467 5372 1551 5386 ..-Ι

1564 5377 1671 5386 -..ιω
1694 5360 1977 5386 ἢλΜι-ιι-ηὶ
2009 5359 2085 5386 ’.ιη
2098 5367 2108 5386 Ι
2121 5374 2202 5386 nni.

2293 3260 2618 3324 deservivit,
2667 3257 2745 3313 sic
2783 3265 2835 3313 et
2865 3256 2981 3311 haec
3025 3250 3220 3307 famula
3264 3260 3359 3306 tua
3401 3249 3501 3305 tibi
3542 3246 3631 3303 soli
3663 3244 3746 3299 Deo
3773 3242 3809 3292 in

2295 3353 2531 3409 Ecclesia
2558 3362 2647 3406 tua
2670 3350 2861 3406 devota
2890 3356 3071 3403 mente
3093 3345 3386 3401 deserviat.
3414 3342 3537 3399 Per.
3561 3341 3683 3394 Deus
3698 3335 3808 3393 casti-

2296 3446 2424 3502 tatis
2448 3451 2677 3498 amator.
2708 3440 2771 3494 Et
2806 3439 3025 3510 reliqua.

2564 3530 2964 3613 ‘ORDINATIO
2996 3526 3142 3601 ("226)
3171 3520 3577 3580 ABDATISSE

2590 3639 2891 3681 CANONICAM
2933 3637 3082 3676 PROFI
3092 3635 3280 3674 τεςτις
3318 3628 3585 3674 ιιεουιλυ.

2368 3719 2435 3774 In
2481 3717 2811 3773 ordinatione
2846 3713 3124 3768 abbatissa:
3167 3708 3441 3781 episcopus
3486 3706 3622 3761 debet
3656 3702 3809 3756 mittam

2295 3822 2508 3866 cantare
2535 3818 2580 3862 et
2611 3823 2726 3860 eam
2754 3788 3027 3859 benedicat‘
3051 3802 3148 3856 hoc
3175 3801 3348 3855 modo.
3383 3795 3515 3853 Post
3546 3795 3810 3863 anliplionatn

2296 3903 2364 3955 ad
2395 3900 2665 3955 introitum
2695 3905 2741 3950 et
2769 3897 2947 3948 datam
2982 3892 3268 3946 orationem
3298 3899 3344 3944 et
3381 3888 3626 3959 reliquum
3649 3880 3810 3951 oﬁcium

2296 3995 2469 4049 missre
2516 4006 2675 4061 usque
2714 3989 2782 4042 ad
2811 3986 3133 4057 evange'inm
3161 3991 3457 4054 prosternat
3494 3997 3545 4034 se
3574 3977 3709 4033 electa
3730 3978 3811 4024 ante

2296 4084 2463 4140 altare
2489 4099 2607 4136 cum
2634 4079 2838 4133 duabus
2865 4077 2940 4132 rel
2966 4077 3129 4130 tribus
3153 4074 3215 4128 de
3243 4073 3510 4129 sororibus
3530 4071 3627 4124 suis
3641 4066 3811 4135 ﬁantqlit

2297 4178 2369 4232 ibi
2399 4174 2625 4229 lctania’.
2652 4171 2852 4238 Quibus
2883 4170 3046 4239 ﬁnitis
3076 4168 3340 4222 benedicat
3367 4182 3483 4220 eam
3509 4163 3737 4234 cpiscopus
3756 4156 3811 4205 itt-

2297 4268 2488 4323 clinato
2541 4265 2708 4337 capite
2751 4263 2947 4316 dicens.
3000 4260 3256 4314 Dominus
3301 4257 3593 4312 vobiscum.
3635 4251 3810 4304 Etcum

2297 4358 2490 4429 spiritu
2526 4334 2634 4409 tuo.
2674 4352 2925 4423 Sequitur
2953 4360 3088 4404 orat.
3126 4348 3373 4406 Oremus.
3419 4342 3612 4399 Exaudi
3645 4334 3811 4392 Domine

2297 4439 2488 4520 preces
2513 4455 2725 4501 nostras
2748 4453 2802 4497 et
2828 4458 2988 4512 super
3014 4442 3151 4495 hanc
3175 4436 3429 4491 famulam
3453 4446 3590 4489 tuam
3614 4424 3810 4498 Spiritum

2302 4549 2405 4595 tua:
2437 4533 2825 4594 benedictionis
2852 4531 3035 4585 emitte
3056 4570 3071 4595 ,
3116 4537 3174 4582 ut
3202 4525 3407 4583 caelesti
3447 4534 3653 4578 munere
3682 4514 3809 4585 dicata

2300 4639 2356 4688 et
2393 4640 2499 4685 tute
2525 4626 2754 4698 gratiam
2796 4621 3095 4693 majestatis
3126 4619 3297 4689 possit
3334 4612 3605 4686 acquirere
3637 4617 3683 4663 ct
3716 4605 3809 4657 bene

2298 4716 2511 4773 vivendi
2540 4714 2658 4768 aliis
2683 4689 2984 4780 exemplum
3012 4706 3272 4777 praebere.
3304 4702 3409 4756 Per
3437 4700 3566 4754 Dum
3606 4710 3704 4750 nrm
3722 4689 3807 4744 .llutt

2301 4809 2441 4878 Xput
2472 4806 2561 4875 qui
2601 4814 2777 4858 tecum
2806 4801 2938 4878 vivit
2959 4811 3013 4853 et
3042 4805 3230 4869 regnat
3259 4797 3399 4851 Deus
3432 4794 3485 4849 in
3514 4790 3694 4846 unitate
3710 4782 3809 4851 ejus-
3902 4852 3903 4863 χ

2304 4901 2425 4956 deut
2455 4897 2692 4968 Spiritus
2717 4874 2927 4949 sancti.

2379 4991 2520 5044 Alia.
2561 4983 3015 5055 Omnipotentiam
3047 4993 3188 5035 tuam
3235 4978 3505 5034 humiliter
3532 4974 3807 5041 imprommus

2309 5081 2536 5136 Domine
2564 5087 2623 5132 ιιι
2654 5092 2816 5147 super
2851 5075 2988 5128 hanc
3017 5070 3272 5126 famulam
3316 5079 3480 5131 tuam,
3505 5076 3647 5136 quam
3673 5056 3725 5111 ad
3745 5066 3805 5106 sn-

2309 5174 2459 5228 crnm
2490 5170 2734 5224 ordinem
2772 5178 3045 5222 assumere
3074 5163 3323 5231 dignatus
3363 5176 3448 5224 es,
3492 5142 3805 5211 benedictionis

2312 5273 2416 5317 tua:
2441 5262 2635 5316 donum
2661 5258 2940 5329 dignanter
2963 5253 3230 5318 infundas,
3259 5252 3417 5320 eique
3438 5246 3643 5319 gratiam
3662 5231 3806 5295 sancti-

2314 5354 2574 5386 ηυηιῖηιιῖρ
2612 5352 2814 5386 ΙνῖΙιιιοὶα
2885 5357 2938 5386 111
2982 5346 3121 5386 nnan
3168 5355 3217 5386 Ιρ
3264 5344 3495 5386 dnrmnln
3532 5330 3807 5386 DerCiDitlle
