3962 5386
158 330 289 426 uel

953 316 1336 427 DENEDlCT.,
1376 357 1809 415 coxsecun.
1851 314 1939 412 er
1976 314 2597 412 onomxrjvanijs.

3242 316 3410 413 ama

170 479 309 536 istaut
338 472 623 530 orationem
645 471 699 525 in
724 469 933 526 modum
970 470 1319 540 prafationis.
1353 471 1574 525 Domine
1599 486 1725 524 san-
1759 476 1802 531 Α
1833 465 1954 521 Per.
1981 466 2183 533 Quodsi
2228 465 2562 521 ordina:ioin
2595 466 2750 521 domo
2778 484 2872 522 sua
2918 468 3058 537 facta
3089 469 3248 540 fuerit
3312 472 3410 525 im-

169 583 251 627 ae
275 568 427 624 pater
459 564 801 634 οηιηίροιρης
840 573 1041 618 meme
1068 564 1208 617 Deus
1250 562 1436 618 adesto
1478 561 1729 632 precibus
1798 624 1803 631 _
1820 568 2057 627 ponatur
2105 556 2181 611 Te
2232 556 2399 611 Deum
2431 557 2752 634 _laudamus.
2804 556 3010 629 Populo
3080 559 3408 621 acclamante

168 658 371 722 nostris,
398 657 587 711 adesto
611 654 771 718 votis,
797 654 980 708 adesto
1008 652 1375 718 famulatibus,
1402 654 1587 708 adesto
1607 668 1733 707 cnn-

169 747 583 809 seerationibus,
631 744 722 815 qui
754 744 934 798 omnia
974 758 1070 813 per
1106 742 1328 797 verbum
1373 742 1588 798 virtutis
1631 753 1732 798 tuae

166 839 469 898 mirabiliter
495 836 794 905 dispensas.
826 842 879 889 et
907 830 1263 905 dispensanda
1297 833 1592 889 ministras.
1630 832 1731 904 Qui

162 930 380 987 diversis
425 926 647 981 floribus
675 936 819 979 tuam
868 940 1081 994 semper
1122 940 1356 979 exornas
1391 923 1687 980 Ecclesium
1712 965 1730 992 ,

166 1024 280 1080 dum
307 1036 422 1076 eam
447 1028 500 1075 et
530 1018 767 1073 virorum
798 1018 1084 1089 exemplis,
1112 1029 1167 1074 et
1196 1018 1484 1074 illustrium
1512 1019 1734 1075 femina-

168 1130 275 1170 rum
301 1112 527 1168 irradias
554 1111 831 1166 institutis.
866 1110 968 1177 Qui
997 1112 1161 1165 etiam
1193 1112 1258 1167 de
1286 1110 1569 1167 infirmiori
1599 1128 1732 1167 sexu

168 1206 292 1261 banc
328 1202 580 1258 famulam
611 1209 756 1256 tuam
791 1202 1068 1257 servitutis
1104 1210 1208 1257 tua:
1240 1203 1512 1274 applicare
1542 1204 1732 1273 digna-

166 1306 244 1352 tus
268 1310 325 1350 es
357 1292 657 1347 famulatui.
698 1291 925 1348 Elfuude
964 1308 1273 1362 quaesumus
1303 1292 1530 1348 Domine
1569 1310 1733 1364 super

166 1389 292 1443 banc
317 1385 573 1440 famulam
603 1394 769 1449 tuam,
799 1401 960 1455 quam
991 1385 1043 1439 in
1070 1385 1303 1441 cilicium
1331 1386 1570 1441 divinum
1602 1385 1733 1442 fide-

164 1478 276 1531 liter
296 1475 626 1540 dedicamus,
650 1473 878 1545 gratiam
906 1475 1078 1529 sancti
1104 1475 1362 1546 Spiritus,
1385 1485 1443 1530 ut
1470 1476 1563 1531 tibi
1586 1476 1731 1531 omni

167 1574 391 1637 tempore
425 1563 544 1635 ejus
575 1564 810 1619 servitiis
846 1562 1132 1634 dignanter
1168 1564 1470 1636 compleat,
1503 1580 1733 1636 eamque

166 1658 369 1713 dextera
395 1654 652 1728 potentiae
680 1663 784 1709 tua:
812 1654 1135 1712 benedicere
1164 1662 1218 1708 et
1248 1654 1592 1711 sanctiﬁeare
1619 1656 1734 1712 sive

162 1730 729 1819 consecrare'digneris
750 1747 803 1802 in
825 1762 961 1817 opus
982 1748 1267 1804 ministerii
1288 1749 1359 1803 tui
1385 1748 1730 1822 condignum,

164 1852 414 1911 quatenus
443 1847 629 1896 actum
666 1838 1081 1895 ministrationis
1111 1839 1213 1896 sibi
1257 1840 1477 1896 credita:
1518 1840 1728 1896 ﬁdeli...
1765 1830 1807 1890 Β

163 1944 466 2008 exequatur,
511 1944 569 1991 et
616 1932 858 2004 ejusdem
902 1935 1076 1991 sancti
1123 1934 1358 2006 Spiritus
1403 1937 1734 2009 septiformis

160 2029 332 2099 gratiae
362 2028 559 2084 virtute
592 2028 1001 2084 corroboretur.
1040 2027 1368 2100 Requiescat
1397 2044 1527 2100 ergo
1569 2046 1735 2100 super

166 2138 269 2176 eam
294 2121 513 2176 Domine
537 2119 773 2190 Spiritus
798 2120 1077 2192 sapientia:
1099 2130 1152 2174 ct
1172 2121 1409 2193 pietatis,
1435 2137 1498 2178 ac
1524 2123 1735 2192 repleas

165 2226 268 2266 eam
297 2209 500 2281 Spiritu
528 2210 739 2265 timoris
771 2210 868 2264 tui.
900 2209 1144 2266 Concede
1174 2226 1389 2283 quoque
1415 2211 1462 2267 ei
1493 2212 1731 2284 gravita-

167 2312 259 2355 tem
288 2312 502 2357 actuum
525 2342 541 2367 ,
583 2316 975 2372 censuramque
1004 2304 1257 2371 vivendi,
1292 2314 1352 2360 ut
1393 2305 1447 2360 in
1481 2305 1596 2376 lege
1643 2316 1731 2362 tua

164 2393 242 2449 die
286 2408 347 2449 ac
392 2402 554 2450 nocte
609 2392 921 2449 meditetur.
977 2394 1226 2450 Mandata
1279 2404 1369 2451 tua
1427 2397 1732 2463 custodiat,

160 2484 307 2541 dictis
338 2486 442 2541 tuis
473 2484 715 2553 obediat,
760 2486 930 2542 sacris
974 2486 1295 2542 lectionibus
1337 2488 1551 2542 insistat
1575 2528 1590 2550 .
1627 2498 1715 2541 ter-

164 2590 281 2630 rena
316 2585 368 2631 et
400 2585 521 2647 tran
555 2576 712 2631 itoria
756 2577 1057 2648 despiciat,
1100 2588 1262 2650 atque
1307 2579 1452 2633 omni
1496 2589 1734 2649 tempore

158 2666 304 2722 bonis
345 2668 601 2737 operibus
642 2668 921 2726 inserviat.
968 2668 1195 2726 Omnem
1235 2671 1511 2728 libidinem
1556 2689 1734 2741 pravae

166 2756 435 2828 voluptatis
477 2768 732 2830 superet,
782 2776 1024 2816 amorem
1069 2762 1309 2819 honestae
1347 2765 1613 2822 castitatis
1658 2776 1734 2823 te-

166 2858 304 2913 neat,
335 2860 393 2905 ut
427 2851 530 2907 tibi
570 2854 1044 2923 sponso.venienti
1084 2870 1208 2909 cum
1246 2854 1584 2925 lampadibus
1620 2858 1735 2914 suis

165 2939 651 3013 inextinguibilibus
676 2945 851 3016 possit
878 2960 1191 3012 occurrere,
1225 2955 1279 3001 et
1312 2947 1733 3016 praecedentium

164 3032 412 3104 virginum
447 3036 624 3091 choro
645 3036 834 3108 jungi,
864 3048 921 3093 et
949 3054 1016 3094 ne
1042 3055 1163 3099 cum
1203 3040 1383 3096 stultis
1417 3041 1731 3098 excludatur

164 3124 375 3193 regalem
402 3124 629 3196 ianuam
667 3142 791 3182 cum
832 3129 1169 3200 sapientibus
1212 3130 1441 3186 licenter
1479 3132 1732 3191 introeat.

1830 646 1992 719 Kyrie
2004 648 2226 703 eleisou.
2252 628 2445 702 Posteri
2459 650 2667 705 dieitur
2692 651 2799 705 Ita’c
2818 628 2985 706 oratio
3006 670 3100 722 pro
3125 652 3312 722 adepta
3334 652 3410 708 dio

1798 744 2049 813 _gnitate.
2088 738 2339 799 Onmium
2364 743 2591 800 Domine
2632 745 2749 801 l'ons
2797 746 3406 817 bonorum,justorum-

1831 846 1935 900 que
1973 832 2307 901 profecturum
2341 822 2678 900 muneratur,
2737 836 2910 892 tribue
2961 853 3270 907 quzesumus
3324 837 3402 893 fa-

1800 923 1989 1005 ’mul;e
2021 933 2124 979 tuae
2150 924 2397 995 adeptam
2452 926 2586 981 bene
2631 942 2820 998 gerere
2868 928 3181 999 dignitatem
3207 937 3259 983 et
3285 944 3314 983 a
3355 938 3405 984 te

1833 1012 1935 1068 sibi
1992 1015 2292 1084 praestitam
2342 1015 2501 1072 bonis
2544 1017 2797 1087 operibus
2854 1019 3230 1087 comprobare.
3282 1018 3404 1075 Per.

1832 1102 1966 1158 Item
1985 1104 2169 1175 sialibi
2197 1119 2493 1161 consecrata
2523 1108 2701 1187 fuerit,
2757 1126 3000 1180 regressa’
3035 1110 3104 1165 ad
3146 1120 3408 1164 monaste-

1832 1198 1969 1251 rium
1999 1200 2164 1253 omnis
2196 1200 2395 1275 chorus
2428 1203 2687 1271 virginum
2718 1204 3022 1274 honoriﬁce
3072 1205 3319 1277 procedat
3365 1205 3412 1258 ei

1833 1289 2035 1344 obviam
2087 1308 2205 1346 cum
2253 1293 2514 1359 crucibus,
2553 1312 2691 1364 aqua
2756 1295 3042 1364 benedicta,
3097 1298 3305 1352 incenso
3366 1308 3414 1351 et

1831 1380 2118 1452 evangelio,
2157 1393 2203 1437 et
2239 1382 2296 1437 in
2353 1385 2465 1444 ipso
2541 1386 2719 1439 eodem
2769 1388 2983 1441 introitu
3031 1388 3298 1458 imponant
3338 1388 3415 1443 Te

1806 1464 2001 1525 'Deum
2058 1470 2361 1538 laudamus,
2408 1472 2559 1527 turba
2604 1475 2927 1530 acclamante
2968 1476 3130 1548 Kyric
3185 1478 3412 1544 cleison,

1806 1558 1878 1615 et
1901 1563 2196 1633 presbytero
2217 1575 2559 1636 prosequente
2610 1566 2896 1620 orationem
2942 1577 2995 1621 ut
3044 1584 3225 1639 supra.
3285 1556 3415 1650 Οιιῂ⁴

1835 1651 1987 1707 nium
2017 1653 2243 1711 Domine
2272 1654 2393 1710 fons
2425 1655 2710 1712 bonorum.

2205 1768 2578 1827 ORDINATIO
2634 1770 3040 1828 ABBATISSIE

2118 1879 2458 1920 IONASTICAI
2494 1881 2737 1941 ηουιλμ
2778 1883 3154 1922 ρηοητεωτις.

1828 1951 2137 2024 Capitulum
2162 1972 2227 2011 ea:
2255 1973 2456 2013 canone
2504 1936 2761 2014 Theodori
2814 1960 3189 2032 archiepiscopi
3231 1924 3423 2033 Anglo-

2481 2045 2540 2081 ru
2548 2045 2594 2082 nt
2602 2067 2618 2082 ο

1837 2116 1938 2188 (Ex
1963 2119 2085 2176 cod.
2103 2129 2336 2177 monast.
2361 2120 2626 2179 Murensis
2644 2122 2776 2179 olim
2809 2126 3124 2187 monasterii
3153 2126 3205 2181 in
3232 2125 3423 2183 Nider-

2152 2223 2398 2269 munster
2428 2214 2641 2272 Ratisb.
2667 2231 2793 2270 διες.
2846 2234 2898 2271 xl
2942 2219 3094 2289 circ.)

1909 2301 1977 2356 In
2001 2303 2331 2361 ordinatione
2351 2307 2641 2363 Abbatissa:
2702 2310 2971 2379 episcopus
3019 2311 3165 2365 debet
3203 2313 3417 2367 missam

1835 2390 2115 2459 celebrare,
2143 2406 2190 2451 et
2220 2415 2335 2452 eam
2359 2398 2656 2453 benedicere
2690 2399 2788 2454 hoc
2815 2401 2990 2455 modo.

1915 2481 2044 2539 Post
2075 2486 2434 2548 antiphoniam
2465 2488 2534 2541 ad
2560 2489 2852 2557 introitum,
2898 2500 2947 2545 et
2986 2490 3166 2546 datam
3216 2494 3418 2548 oratio-

1835 2597 1974 2645 nem,
2006 2589 2054 2633 et
2088 2579 2341 2650 reliquum
2391 2579 2617 2649 oﬂicium
2664 2582 2836 2636 misste
2883 2599 3045 2655 usque
3095 2584 3165 2638 ad
3209 2602 3415 2654 cvange-

1834 2668 1987 2735 Iium,
2017 2680 2313 2740 prosternat
2341 2686 2394 2725 se
2417 2668 2711 2726 electaante
2738 2672 2907 2728 altare
2936 2685 3072 2728 retro
3098 2667 3415 2747 episcopum,

1833 2760 2064 2831 fiantque
2122 2759 2198 2813 ibi
2257 2757 2505 2825 lartania',
2556 2762 2793 2832 sequitur
2839 2763 3000 2820 Pater
3052 2776 3237 2821 noster
3300 2785 3417 2822 cum

1834 2851 2071 2922 precibus
2101 2850 2212 2904 istis
2236 2865 2256 2901 :
2297 2849 2513 2906 Salvam
2544 2849 2629 2907 lac
2653 2854 2907 2911 ancillam
2964 2865 3114 2911 tuam
3162 2856 3409 2913 Domine.

1838 2943 1978 2998 Deus
2017 2958 2191 2997 meus.

1911 3036 2171 3094 Dominus
2194 3048 2483 3095 conservet
2503 3055 2646 3108 eam,
2668 3049 2723 3097 et
2742 3042 2978 3098 viviﬁcet
3002 3057 3143 3099 eam.

1921 3128 1981 3197 ιξ.
2021 3127 2088 3182 Ει
2116 3128 2331 3183 beatam
2362 3129 2526 3184 faciat
2558 3146 2676 3186 eam
2708 3131 2760 3187 in
2792 3140 2956 3188 terra.

164 3213 393 3272 Abundet
421 3218 474 3271 in
508 3232 571 3273 ea
603 3219 768 3273 totius
808 3218 979 3274 forma
1010 3221 1262 3288 virtutis,
1292 3223 1593 3279 auctoritas
1623 3240 1735 3280 mo-
1764 3200 1811 3262 C
1911 3220 2173 3276 Dominus
2219 3222 2493 3277 custodiat
2541 3223 2822 3280 introitum
2897 3235 3056 3282 .tuum
3116 3236 3171 3283 et
3216 3226 3419 3283 exitum

165 3305 319 3372 desta,
348 3307 526 3378 pudor
558 3318 844 3374 constans,
872 3310 1198 3367 innocentia:
1228 3314 1459 3383 puritas,
1491 3322 1545 3370 et
1580 3317 1736 3387 spiri-

167 3396 275 3451 talis
295 3399 641 3454 observantia
669 3399 966 3471 disciplime
992 3402 1044 3455 in
1071 3403 1311 3458 moribus
1333 3402 1447 3473 ejus
1470 3414 1736 3476 prceccpta

167 3492 244 3538 tua
280 3484 543 3558 fulgeant,
575 3498 632 3543 ut
669 3499 774 3543 tua:
811 3490 1075 3546 castitatis
1108 3494 1354 3564 exemplo
1388 3496 1598 3552 cunctis
1634 3496 1736 3552 sibi

162 3578 374 3633 subditis
401 3580 760 3636 imitationem
789 3583 1031 3652 praebeat
1058 3599 1273 3652 puram,
1302 3595 1357 3641 et
1382 3588 1579 3642 bonum
1611 3605 1739 3644 conc

158 3667 384 3725 scientia:
409 3671 785 3729 testimonium
809 3675 1100 3730 ostendens
1124 3677 1178 3731 in
1200 3676 1557 3735 CliristoJesu
1581 3681 1737 3735 iit-ma

166 3764 214 3810 et
248 3759 452 3817 stabilis
479 3772 792 3832 perseveret
826 3773 989 3836 atque
1029 3765 1103 3821 ita
1142 3778 1455 3839 perceptum
1494 3769 1739 3826 ministe—

164 3846 289 3902 rium
318 3859 367 3923 te
398 3852 695 3909 auxiliante
725 3865 979 3926 peragat,
1014 3857 1250 3927 qualiter
1274 3859 1342 3913 ad
1364 3868 1624 3915 teternam
1651 3876 1743 3916 re-

164 3944 608 4011 munerationem,
644 3956 695 4002 te
718 3948 978 4014 donante,
1006 3951 1289 4020 pervenire
1316 3964 1608 4009 mereatur.
1636 3954 1741 4011 Per

158 4033 379 4089 eundem
432 4034 569 4092 Dum
620 4054 762 4093 nrm.
818 4039 964 4096 Tunc
1000 4044 1086 4098 det
1138 4046 1187 4099 ei
1236 4044 1470 4116 regulam
1516 4047 1736 4121 dicens:
1804 4114 1807 4119 ,

164 4122 349 4193 Accipe
373 4127 617 4198 regulam
644 4138 848 4185 sanctae
870 4135 1299 4193 conversationis
1327 4137 1597 4209 simulque
1620 4154 1741 4210 gra-

158 4212 284 4267 tiam
321 4216 517 4274 divime
553 4220 979 4289 benedictionis,
1024 4233 1080 4280 et
1126 4243 1248 4282 cum
1282 4243 1389 4297 .per
1432 4230 1575 4287 hanc
1615 4248 1739 4288 cum

164 4318 311 4376 grege
348 4308 441 4363 tibi
475 4312 681 4366 credito
711 4312 767 4367 in
806 4314 1038 4370 districti
1066 4316 1263 4386 .judicii
1287 4319 1373 4373 die
1404 4318 1629 4377 Domino
1660 4324 1740 4378 iu-

144 4398 522 4471 _contaminata
564 4405 940 4472 reprmsentari
978 4406 1192 4473 valeas,
1233 4409 1349 4480 ipse
1388 4417 1439 4466 te
1479 4409 1740 4481 adjuvare

168 4482 422 4557 dignetur,
454 4492 545 4562 qui
576 4509 698 4548 cum
740 4493 850 4550 Deo
878 4493 1039 4551 Patre
1070 4497 1218 4552 vivit.

420 4640 425 4647 ,
680 4582 931 4656 Sequitur
963 4589 1150 4642 oratio.

231 4667 448 4727 Domine
498 4676 643 4729 Deus
695 4679 1053 4748 omnipotens,
1127 4682 1219 4753 qui
1281 4699 1528 4740 sororem
1563 4686 1733 4759 Moysi

171 4754 376 4816 Mariam
434 4766 764 4836 prmcinente
804 4784 925 4824 cum
968 4773 1179 4829 carteris
1227 4775 1548 4835 mulieribus
1596 4754 1739 4837 inter

173 4864 421 4918 eqttoreas
471 4857 643 4912 undas
701 4875 821 4914 cum
871 4864 1140 4933 tympanis
1167 4875 1222 4921 et
1248 4867 1431 4923 choris
1458 4868 1641 4926 laetam
1670 4874 1739 4931 ad

174 4936 294 4995 litus
321 4945 488 4999 maris
517 4947 699 5003 venire
733 4951 930 5019 fecisti,
963 4964 1013 5010 te
1062 4958 1331 5027 supplices
1380 4940 1739 5029 deprecamur

169 5042 257 5096 pro
282 5032 417 5089 ﬁdeli
453 5034 657 5095 fatrmla
692 5050 803 5108 tua,
836 5060 955 5119 quae
976 5046 1134 5102 hodie
1164 5062 1435 5113 materna,
1464 5052 1518 5107 in
1547 5057 1739 5115 cathe-

167 5120 251 5176 dra
294 5141 451 5199 super
476 5132 769 5190 universas
794 5138 1033 5194 subditas
1064 5140 1162 5196 sibi
1214 5144 1490 5203 abbatissa
1530 5153 1739 5206 consti-

167 5214 339 5283 tuitur,
370 5228 428 5273 ut
451 5221 536 5277 ita
566 5229 828 5283 canonica
874 5245 1055 5285 norma
1097 5239 1319 5294 tueatur
1372 5246 1604 5296 cunctas
1656 5243 1739 5299 fa-

170 5308 324 5356 mulas
363 5321 477 5356 lnne
538 5327 803 5356 mnum.”
838 5324 901 5356 ...ι
926 5332 1170 5356 ...ιη-ηοω

1233 5327 1462 5356 ,Ιηαῗηιη
1505 5338 1557 5356 In
1594 5350 1649 5354 ---
1699 5340 1711 5351 ⁸

1766 4555 1816 4615 D

1830 3318 2014 3365 tuum.
2301 3313 2358 3384 ﬁt.
2384 3313 2461 3368 Ex
2488 3314 2591 3370 hoc
2617 3332 2777 3373 nunc.

1908 3404 2173 3461 Dominus
2202 3405 2477 3481 custodiat
2508 3416 2560 3463 te
2584 3408 2652 3464 ab
2681 3411 2827 3465 omni
2855 3412 3016 3468 malo.

1907 3495 1961 3564 ti}.
1994 3492 2274 3550 Custodiat
2295 3497 2532 3552 animam
2563 3507 2709 3553 tuam
2766 3500 3041 3557 Dominus.

1910 3585 2087 3645 Mittat
2118 3587 2213 3642 tibi
2238 3587 2501 3642 auxilium
2526 3589 2591 3644 de
2626 3600 2838 3646 sancto.
2892 3593 2945 3659 ἡ.
2975 3593 3037 3646 Et
3063 3591 3129 3648 de
3157 3592 3309 3660 Sion,

1911 3676 2043 3731 Esto
2077 3675 2156 3730 illi
2209 3676 2379 3732 turris
2410 3676 2743 3735 fortitudinis
2772 3719 2787 3735 .
2832 3681 2887 3751 ἡ.
2922 3683 2964 3735 Α
2991 3682 3147 3738 facie.

1909 3768 2125 3841 Exurge
2159 3768 2384 3824 Domine
2414 3769 2605 3839 adiuva
2631 3788 2751 3828 nos.
2811 3775 2861 3844 Ii.
2899 3775 2965 3830 Et
2994 3776 3162 3832 libera
3211 3794 3324 3835 nos.

1915 3859 2146 3915 Domine
2177 3860 2374 3915 exaudi
2405 3861 2705 3918 orationem
2746 3880 2947 3919 meum.
3012 3884 3017 3889 ο
3070 3867 3126 3936 ti.
3171 3868 3239 3923 Et
3303 3867 3418 3925 ela-

1808 4004 1817 4012 .
1840 3968 1980 4009 mor.

1914 4047 2164 4124 Precibus
2192 4049 2307 4104 istis
2333 4048 2502 4118 ﬁnitis
2547 4048 2813 4106 benedicat
2856 4067 2970 4107 eam
3011 4054 3281 4124 episwpus
3329 4055 3417 4109 iu-

1840 4120 2036 4194 clinaﬁr
2064 4142 2233 4211 capite
2254 4142 2327 4195 ita
2350 4141 2529 4196 dicens
2556 4158 2577 4195 :

1812 4293 1819 4303 ,
1896 4229 2174 4313 Dominus
2200 4230 2498 4287 vobiscum.
2570 4232 2626 4301 fi.
2671 4232 2734 4286 Et
2766 4248 2889 4289 cum
2920 4235 3135 4306 spiritu.

2312 4323 2562 4396 Sequitur
2583 4324 2684 4377 ista
2709 4323 2921 4379 Oratio.

1911 4413 2163 4469 Concede
2186 4430 2496 4485 qumsumus
2520 4415 2862 4484 omnipotens
2896 4417 3038 4471 Deus
3067 4415 3281 4473 aﬂ'ectui
3318 4436 3416 4475 no-

1844 4514 1957 4562 stro
2000 4506 2363 4562 miserationis
2388 4503 2660 4570 ell'ectum,
2693 4516 2749 4560 et
2770 4505 3025 4562 famulam
3053 4519 3219 4573 tuam,
3254 4526 3415 4579 quam

1842 4598 1907 4650 ad
1941 4597 2181 4667 regimen
2211 4599 2536 4657 ,animarum
2579 4597 2858 4668 elegimus,
2899 4599 3085 4669 gratiae
3119 4613 3221 4653 tua:
3270 4603 3417 4655 dono

1842 4704 2196 4760 prosequere,
2253 4697 2311 4742 ut
2335 4696 2385 4744 te
2412 4687 2678 4759 largiente
2700 4702 2824 4742 cum
2856 4688 2966 4759 ipsa
2998 4690 3091 4744 tibi
3117 4701 3304 4746 nostra
3329 4692 3420 4747 de-

1844 4779 2066 4834 votione
2096 4779 2427 4850 placeamus.
2473 4777 2579 4834 Per
2626 4780 2761 4834 Dum
2792 4772 2910 4834 nrm
2934 4778 3125 4836 Jesum
3161 4766 3328 4837 Cbrm

1916 4868 2056 4923 Alia.
2124 4868 2455 4925 Cunctorum
2499 4869 2765 4925 bonorum
2815 4870 3096 4927 institutor
3141 4874 3303 4937 Deus,
3332 4874 3423 4942 qui

1846 4975 1949 5032 per,
1970 4960 2188 5033 Moysen
2223 4960 2481 5016 famulum
2514 4968 2666 5016 tuum
2694 4960 2762 5014 ad
2804 4962 3184 5034 gubernandas
3244 4961 3431 5015 Eccle-

1844 5053 1954 5109 sias
1984 5054 2306 5128 praepositos
2337 5050 2650 5120 instituisti,
2682 5051 2780 5107 tibi
2830 5052 3101 5123 supplices
3156 5048 3435 5104 fundimus

1843 5160 2060 5216 preces,
2084 5155 2139 5202 te
2159 5145 2366 5202 devotis
2395 5143 2668 5199 mentibus
2700 5158 3014 5206 exoramus,
3054 5150 3117 5196 ut
3167 5139 3310 5193 bane
3352 5137 3435 5191 fa-

1848 5237 2056 5298 mulam
2087 5248 2234 5294 tuam
2265 5233 2328 5291 N.
2384 5250 2547 5304 quam
2572 5234 2887 5291 cohibentia
2920 5240 2975 5284 et
3017 5227 3220 5285 electio
3258 5226 3431 5281 famuo

1848 5325 2027 5356 ‘nn..__-
2059 5342 2265 5354 ι-.η.......-
2291 5325 2622 5354 ηιιιιηιῖριπσι.νι
2652 5322 2813 5352 ιιιιιιῖη
2842 5319 3171 5352 annulo-nam
3218 5328 3432 5352 Illorllln
