3962 6326
200 384 340 465 tios

1019 418 1403 487 BENEDICT.,
1436 421 1862 480 CONSECRAT.
1901 427 1988 483 ET
2029 427 2351 518 ORDINAT.
2391 432 2642 492 VARIE.

3323 441 3460 498 1106

196 521 420 591 optatis,
448 522 588 580 inter
613 535 838 584 caeteras
867 530 1115 599 virtutes,
1139 549 1274 602 quas
1292 535 1414 590 filiis
1447 537 1550 592 tuis
1577 553 1682 592 non
1714 552 1781 592 ex
1812 544 1858 602 Α
1892 547 1978 593 tua
2000 539 2064 594 N.
2084 557 2211 611 .qua:
2235 557 2332 612 pro
2353 559 2448 614 spe
2474 546 2846 604 retributionis
2865 557 3081 606 aeternae
3113 551 3207 608 tibi
3236 551 3462 608 Domino

199 612 576 680 sanguinibus,
605 633 780 688 neque
806 635 870 674 ex
898 621 1177 676 voluntate
1215 625 1416 689 carnis,
1467 627 1559 680 sed
1588 629 1654 680 de
1691 637 1780 682 tuo

201 703 408 774 Spiritu
440 709 632 777 genitis
663 711 921 766 indidisti.
952 714 1125 769 Etiam
1158 717 1260 772 hoc
1299 718 1497 772 donum
1535 719 1586 772 in
1617 735 1781 789 quas-

199 796 326 852 dam
356 809 568 857 mentes
599 802 664 858 de
698 803 963 876 largitatis
993 813 1095 861 tua:
1126 806 1270 864 fonte
1299 809 1540 875 deﬂuxit,
1568 820 1627 865 ut
1657 827 1781 866 cum

200 891 511 961 nuptiarum
541 892 799 950 honorem
827 896 970 952 nulla
1012 897 1298 956 interdicta
1326 902 1666 967 minuissent,
1720 916 1784 956 ac

199 995 368 1052 super
389 994 635 1041 sanctum
656 987 962 1060 conjugium
993 990 1212 1047 initialis
1241 993 1545 1051 benedictio
1567 1010 1782 1065 perma-

202 1086 384 1142 neret,
407 1079 901 1150 existerenttatnen
931 1085 1272 1142 sublimiores
1300 1088 1514 1152 animae,
1537 1103 1656 1158 qua:
1680 1087 1782 1142 viri

200 1184 268 1223 ac
298 1171 540 1229 mulieris
565 1175 768 1245 copulze
813 1176 1121 1234 fastidirent
1144 1181 1492 1248 connubium,
1523 1182 1782 1253 concupi-

202 1272 422 1318 scerent
466 1279 890 1340 sacramentum,
929 1286 1030 1326 nec
1077 1272 1452 1341 imitarentur,
1493 1277 1639 1346 quod
1685 1293 1784 1333 nu-

202 1356 331 1425 ptiis
381 1360 586 1430 agitur,
635 1364 729 1419 sed
760 1363 1087 1437 'diligerent,
1144 1369 1286 1438 quod
1331 1371 1534 1442 nuptiis
1576 1386 1786 1443 praeno‘

202 1458 372 1504 tatur.
421 1452 653 1522 Agnovit
709 1466 986 1514 auctorem
1035 1475 1190 1514 suum
1241 1461 1399 1517 beata
1460 1463 1783 1536 virginitas,

197 1542 396 1597 :emula
461 1546 784 1618 integritatis
835 1551 1108 1622 angelicae,
1151 1554 1289 1610 illius
1351 1555 1610 1624 thalamo,
1642 1557 1787 1614 illius

198 1634 451 1692 cubiculo
481 1652 540 1692 se
564 1639 795 1706 devovit,
825 1644 916 1712 qui
945 1645 1025 1700 sic
1047 1655 1322 1717 perpetua:
1346 1648 1676 1719 virginitatis
1705 1659 1789 1706 est

197 1740 456 1794 sponsus,
478 1733 930 1800 quemadmodum
961 1746 1234 1807 perpetuae
1264 1741 1592 1810 virginitatis
1616 1752 1700 1799 est
1724 1743 1787 1798 fl-

200 1815 327 1871 lius.
377 1818 689 1889 lmploranti
727 1826 986 1882 auxilium
1018 1836 1169 1884 tuum
1202 1831 1446 1898 Domine,
1486 1842 1542 1888 et
1590 1835 1788 1890 confir-

200 1910 340 1964 mari
365 1926 423 1967 se
443 1913 830 1974 benedictionis
854 1927 957 1974 tum
980 1924 1388 1979 consecratione
1433 1926 1695 1996 cupienti,
1719 1928 1784 1983 da

198 2003 554 2068 protectionis
606 2015 710 2062 tua:
755 1997 1030 2066 munimen
1085 2021 1140 2069 et
1194 2019 1454 2086 regimen,
1511 2032 1577 2072 ne
1615 2017 1785 2074 hostis

200 2093 479 2163 antiquus,
503 2098 592 2166 qui
617 2101 996 2159 excellentiora
1029 2107 1206 2162 studia
1248 2109 1620 2166 subtilioribus
1649 2111 1786 2168 infe-

199 2194 312 2240 stat
336 2186 542 2244 insidiis
572 2193 636 2245 ad
665 2206 994 2251 execandam
1026 2197 1278 2268 perfectae
1305 2203 1652 2258 continentia:
1673 2204 1788 2274 pai-

202 2293 350 2331 mam
381 2293 478 2346 per
508 2281 742 2351 aliquam
797 2289 996 2342 mentis
1021 2277 1202 2361 serpat
1237 2292 1502 2350 incuriam
1530 2305 1586 2352 et
1614 2299 1788 2367 rapiat

199 2369 268 2424 de
298 2373 570 2441 proposito
606 2376 900 2446 virginum,
953 2382 1096 2450 quod
1128 2385 1370 2440 moribus
1419 2386 1574 2441 decet
1613 2389 1787 2445 inesse

199 2471 506 2531 nuptarum.
527 2465 610 2520 Sit
633 2467 684 2522 in
706 2485 767 2523 ea
795 2469 907 2525 Dne
935 2487 1029 2541 per
1057 2473 1256 2529 donum
1287 2475 1522 2547 Spiritus
1556 2481 1631 2534 tui
1662 2498 1788 2550 pru-

200 2546 338 2610 deus
391 2557 671 2626 modestia,
721 2562 937 2632 sapiens
959 2563 1284 2636 benignitas,
1331 2546 1516 2641 gravis
1569 2572 1785 2641 lenitas,

199 2654 356 2700 casta
384 2646 622 2714 libertas,
654 2651 706 2704 in
736 2654 963 2710 caritate
1012 2655 1241 2720 ferveat,
1270 2667 1325 2714 et
1355 2662 1486 2716 nihil
1521 2674 1671 2719 extra
1737 2675 1788 2722 te

198 2736 412 2806 diligat,
447 2738 789 2797 laudabiliter
816 2744 984 2811 vivat,
1028 2745 1368 2820 laudarique
1398 2768 1500 2808 non
1548 2744 1784 2826 appetat.

206 2834 282 2919 fe
305 2835 356 2889 in
381 2837 668 2894 sanctitate
693 2840 958 2909 corporis,
991 2850 1042 2896 te
1071 2843 1128 2897 in
1165 2844 1360 2900 anima:
1389 2862 1498 2901 sure
1523 2848 1789 2919 gioriiicet

199 2909 414 2995 studiis,
439 2945 622 2987 amore
644 2943 696 2988 te
715 2931 925 3000 timeat,
949 2948 1134 2990 amore
1160 2942 1213 2991 te
1238 2935 1443 3007 diligat,
1475 2909 1659 2996 amore
1693 2942 1785 2996 tibi

199 3023 425 3077 serviat.

274 3113 354 3167 'l‘u
398 3115 446 3168 ei
490 3116 566 3170 sis
606 3117 799 3179 honor,
839 3126 893 3173 tu
939 3119 1216 3190 gaudium.
1249 3129 1303 3176 tu
1329 3121 1599 3192 voluptas.
1639 3129 1694 3177 tu
1733 3121 1786 3177 in

197 3219 439 3263 mmrore
462 3207 736 3275 solatium,
766 3220 819 3264 tu
850 3211 902 3265 in
926 3211 1278 3283 ambiguitate
1305 3214 1611 3278 consilium,
1647 3222 1700 3268 tu
1732 3215 1785 3269 in

1883 631 2155 686 desiderat
2178 635 2507 702 consecrari,
2531 636 2687 707 plena
2720 639 2842 706 fide,
2867 641 3155 712 animoque
3192 643 3246 699 in
3273 653 3463 699 sancto

1883 726 2157 795 proposito
2183 741 2512 798 permaneat.
2539 734 2620 789 Tu
2640 736 2983 806 omnipotens
3016 737 3178 794 Pater
3219 740 3460 795 sanctifi-

1884 830 2032 880 care,
2061 825 2116 871 et
2138 817 2474 887 benedicere,
2503 823 2557 878 in
2586 834 2904 896 perpetuum
2927 843 3251 886 conservare
3280 831 3460 902 digne-

1885 906 1982 972 ris,
2014 908 2189 966 tribue
2225 912 2274 966 ei
2304 910 2684 984 humilitatem,
2725 920 3052 988 castitatem,
3078 922 3460 988 obedientiam,

1884 1001 2188 1068 caritatem,
2212 1012 2268 1059 et
2287 1008 2528 1064 omnium
2553 1008 2816 1068 bonorum
2834 1028 3060 1084 operum
3087 1017 3461 1086 quantitatem.
3521 1042 3526 1047 ’

1887 1092 1964 1148 Da
2012 1093 2064 1150 ei
2113 1096 2338 1154 Domine
2366 1114 2466 1170 pro
2500 1103 2755 1172 operibus
2807 1105 3060 1177 gloriam,
3112 1122 3212 1178 pro
3260 1109 3467 1178 pudore
3541 1128 3546 1132 ·

1887 1185 2251 1254 sanctitatem,
2282 1197 2340 1244 ut
2367 1190 2432 1247 ad
2464 1193 2718 1250 meritum
2745 1196 2930 1268 gloria:
2958 1199 3126 1270 possit
3156 1201 3464 1270 pervenire.

1886 1273 2010 1337 Per.

1896 1363 1899 1366 ’
1963 1370 2108 1428 Tunc
2138 1384 2375 1431 cantetur
2396 1395 2428 1434 a
2459 1380 2935 1439 circumstantibus.
2956 1381 3146 1440 Posuit
3173 1385 3388 1458 signum
3415 1401 3469 1442 In

1889 1463 2081 1521 faciem
2115 1475 2283 1534 tuam,
2309 1479 2369 1525 ut
2399 1471 2602 1528 nullum
2633 1490 2764 1545 prae,
2793 1485 2901 1532 etc.

1960 1557 2102 1614 Deus
2129 1558 2428 1630 plasmator
2457 1578 2768 1635 corporum,
2791 1563 3002 1623 aiilator
3026 1568 3352 1636 animarum,
3379 1568 3471 1638 qui

1891 1649 2090 1704 nullam
2123 1653 2336 1722 spernis
2356 1664 2597 1723 aetatem,
2622 1673 2728 1714 non
2753 1675 2939 1714 sexum
2966 1661 3244 1732 reprobas.
3269 1661 3471 1715 nullam

1891 1742 2254 1798 conditionem
2289 1745 2464 1818 gratia
2512 1756 2603 1804 tua
2627 1749 2781 1807 ducis
2810 1750 3104 1822 indignam,
3133 1754 3228 1808 sed
3257 1763 3475 1808 creator

1891 1831 2100 1901 equalis
2129 1847 2188 1889 es
2213 1845 2266 1890 et
2309 1837 2639 1909 redemptor,
2696 1849 2748 1895 tu
2803 1841 2943 1898 hanc
2991 1842 3244 1898 famulam
3299 1853 3472 1906 tuam,

1890 1936 2053 1990 quam
2082 1939 2147 1978 ex
2175 1927 2322 1981 omni
2359 1943 2586 1985 numero
2614 1932 2794 2002 gregis
2834 1932 3011 1990 bonus
3034 1945 3219 2005 pastor
3259 1935 3475 2006 elegere

1891 2014 1956 2069 ad
1987 2019 2407 2074 conservandam
2453 2035 2709 2078 coronam
2724 2033 3014 2094 .perpetuai
3055 2025 3380 2098 virginitatis
3419 2036 3478 2079 et

1889 2105 2157 2162 castitatis
2182 2108 2377 2164 animae
2398 2109 2650 2181 dignatus
2669 2128 2752 2178 es,
2781 2122 2887 2170 tua:
2929 2117 3287 2186 protectionis
3319 2125 3474 2172 scuto

1887 2206 1941 2252 et
1976 2198 2043 2252 ad
2073 2214 2234 2256 omne
2269 2215 2404 2270 opus
2433 2203 2669 2273 virtutis,
2695 2215 2751 2262 et
2784 2198 2970 2277 gloriae
2996 2209 3347 2280 magistrante
3385 2227 3472 2266 sa.

1887 2288 2088 2359 pientia
2119 2306 2384 2362 praepara,
2411 2303 2470 2349 ut
2496 2295 2720 2353 vincens
2745 2299 2928 2354 carnis
2969 2299 3270 2368 illecebras,
3313 2310 3369 2357 et
3409 2301 3476 2356 li.-

1887 2379 1992 2434 cita
2020 2381 2288 2436 connubia
2313 2398 2592 2452 recusans,
2621 2387 2963 2445 insolubilem
3006 2393 3079 2446 tui
3109 2391 3228 2446 Filii
3259 2393 3474 2448 Domini

1889 2470 2061 2525 nostri
2088 2469 2213 2528 Jesu
2243 2472 2446 2530 Christi
2469 2477 2716 2546 copulam
2759 2489 3051 2536 mereatur.
3076 2481 3213 2538 iiuic
3240 2483 3477 2553 petimus

1891 2558 2124 2631 Domine
2163 2578 2315 2618 arma
2375 2580 2636 2638 suggeras
2685 2585 2792 2625 non
2827 2571 3088 2639 carnalia,
3115 2573 3208 2629 sed
3252 2574 3477 2644 spiritus

1889 2652 2089 2708 virtute
2119 2655 2357 2724 potentia
2373 2667 2426 2712 ut
2455 2669 2508 2714 te
2533 2660 2810 2716 muniente
2834 2663 2883 2718 ei
2917 2678 3111 2719 sensus
3139 2673 3193 2720 et
3228 2667 3474 2721 membra

1889 2743 1958 2797 ab
1985 2745 2234 2800 omnibus
2259 2760 2650 2816 conserventur
2677 2756 2936 2825 peccatis,
2971 2766 3027 2812 et
3053 2757 3152 2814 sub
3181 2767 3268 2814 tua
3297 2761 3475 2832 gratia

1889 2837 2072 2894 vivere
2098 2840 2333 2909 cupienti
2379 2843 2512 2899 nihil
2553 2845 2653 2900 sibi
2685 2846 2935 2904 inimicus
2974 2850 3235 2906 bonorqu
3274 2853 3341 2907 de
3373 2855 3476 2908 hoc

1889 2943 2016 2983 vase
2032 2931 2234 2984 nomini
2256 2941 2347 2988 tuo
2367 2946 2684 2992 consecrato
2703 2939 2991 3009 prtevaleat
3011 2944 3320 2998 vendicare.
3339 2943 3439 3000 0m
3454 2977 3471 2986 -

1890 3034 2012 3073 nem
2059 3023 2350 3090 genuinum
2384 3025 2616 3082 calorem
2645 3030 2832 3100 ymber
2861 3032 3100 3088 caelestis
3145 3035 3334 3104 gratia:
3385 3051 3481 3090 ex-

1892 3109 2121 3180 tinguat,
2162 3112 2340 3168 lumen
2367 3126 2640 3186 perpetute
2665 3120 2933 3176 castitatis
2977 3125 3259 3188 accendat,
3311 3123 3480 3179 facies

1893 3204 2160 3259 scandalis
2186 3207 2376 3274 pudica
2402 3225 2506 3263 non
2542 3219 2742 3280 pateat,
2778 3228 2844 3268 ne
2894 3215 3108 3270 incaute
3135 3217 3476 3272 occasionem

198 3296 398 3365 injuria
421 3297 681 3364 defensio,
713 3300 764 3354 in
792 3301 1140 3358 tribulatione
1166 3304 1451 3374 patientia,
1481 3305 1534 3360 in
1560 3321 1791 3377 pauper-

1900 3296 2097 3352 tribuat
2124 3298 2449 3370 negligentia
2484 3301 2853 3372 delinquendi.
2887 3305 2969 3361 Sit
2996 3309 3047 3362 in
3077 3323 3142 3363 ea
3169 3318 3316 3365 casta
3369 3309 3482 3366 vire

197 3395 315 3440 tate
365 3387 726 3444 habundantia
803 3391 858 3445 in
907 3391 1111 3462 jejunio
1162 3395 1337 3459 cibus,
1370 3397 1422 3450 in
1475 3395 1788 3452 infirmitate

198 3478 490 3534 medicina.
532 3479 588 3536 in
640 3490 692 3536 te
729 3482 928 3537 habeat
972 3485 1187 3550 omnia,
1216 3503 1378 3564 quem
1429 3487 1653 3556 diligere
1689 3503 1786 3558 ap-

199 3570 343 3639 petit
371 3586 532 3642 super
557 3573 762 3638 omnia,
812 3582 868 3630 et
916 3577 1060 3646 quod
1098 3585 1180 3632 est
1210 3577 1455 3648 professa
1496 3578 1788 3642 custodiat,

203 3661 494 3714 scrutatori
547 3671 826 3732 pectorum
881 3679 984 3719 non
1045 3680 1274 3736 corpore
1334 3667 1638 3736 placitura,
1696 3667 1790 3723 sed

201 3759 402 3805 mente.
432 3749 700 3808 Transcat
721 3754 773 3808 in
803 3769 1087 3810 numerum
1115 3757 1438 3826 sapientium
1464 3757 1786 3824 puellarum,

200 3849 262 3894 at
286 3840 560 3896 caelestem
582 3859 835 3913 sponsum
867 3847 1111 3901 accensis
1141 3846 1480 3917 lampadibus
1505 3863 1627 3903 cum
1671 3847 1790 3902 oleo

201 3932 612 4001 praeparationis
634 3944 934 4005 exspectet,
963 3952 1030 3992 ne
1063 3937 1276 3993 turbata
1321 3938 1598 4009 improvisi
1650 3939 1792 4010 regis

203 4021 460 4086 adventu,
491 4024 584 4078 sed
622 4040 811 4082 secura
846 4043 965 4082 cum
1003 4029 1225 4095 lumine,
1262 4040 1318 4096 et
1373 4033 1790 4101 praecedentium

205 4114 474 4184 virginum
518 4117 952 4186 chorojocanter
980 4130 1267 4188 occurrat,
1296 4132 1351 4178 et
1377 4138 1444 4177 ne
1472 4123 1791 4178 exeimlatur

201 4219 329 4258 cum
359 4205 560 4271 stultis,
605 4207 837 4278 regalem
888 4208 1110 4278 ianuam
1151 4226 1274 4265 cum
1314 4213 1647 4281 sapientibus
1683 4213 1792 4267 vir—

201 4297 421 4364 ginibus
449 4297 676 4355 licenter
706 4302 958 4366 introeat,
987 4311 1040 4358 et
1072 4303 1192 4373 agni
1232 4304 1305 4357 tui
1337 4315 1598 4373 perpetuo
1623 4306 1792 4360 comi-

202 4397 321 4443 tatu
355 4390 648 4459 probabilis
676 4409 925 4448 mansura
957 4395 1206 4450 castitate
1234 4405 1572 4464 permaneat.

204 4479 571 4537 Benedictione
616 4484 815 4554 expleta
855 4486 1125 4553 episcopus
1170 4489 1341 4540 mittat
1369 4488 1597 4541 veiamen
1638 4504 1790 4544 suuer

585 4565 737 4624 caput
757 4556 920 4623 ipsius
945 4557 1156 4625 virginis
1182 4557 1356 4611 dicens
1390 4576 1403 4610 :

278 4640 478 4713 Accipe
504 4645 679 4701 velum
725 4661 940 4702 sacrum
983 4649 1190 4718 puellze,
1227 4652 1369 4719 quod
1400 4649 1646 4719 perferas
1675 4650 1789 4706 sine
1823 4668 1869 4727 ο

205 4733 418 4787 macula
447 4746 570 4790 ante
594 4738 829 4792 tribunal
857 4738 1076 4801 Christi,
1107 4741 1193 4795 cui
1217 4741 1448 4796 flectitur
1469 4757 1629 4796 omne
1649 4759 1788 4813 genu

204 4820 530 4888 cmlestium,
557 4827 896 4881 terrestrium
923 4836 982 4884 et
1010 4828 1369 4896 infernorum,
1408 4831 1461 4885 in
1503 4831 1682 4888 secula
1706 4847 1793 4888 se-

205 4910 473 4966 culorum.

210 5005 360 5061 Tunc
403 5019 641 5082 cantetur
677 5028 710 5065 a
758 5013 1212 5137 circumhuantibus
1260 5018 1328 5066 ad
1375 5013 1609 5084 singulas
1658 5014 1794 5068 anti-

904 5101 937 5137 υ
976 5102 1100 5137 ona.

279 5146 457 5204 induit
479 5159 530 5206 te
553 5151 810 5209 Dominus
836 5101 1213 5226 cy’c’ilaodneaauro
1234 5162 1400 5219 texta,
1426 5163 1480 5208 et
1511 5154 1792 5211 immensis

205 5242 499 5299 monilibus
521 5248 735 5302 ornavit
760 5258 831 5304 te.

521 5338 705 5394 Oratio
733 5352 846 5411 post
883 5355 1210 5414 assumptum
1236 5343 1485 5399 velamen.

281 5426 556 5484 Famuiam
599 5441 743 5488 tuam
788 5434 1012 5510 Domine
1063 5437 1304 5491 custodia
1368 5438 1575 5492 muniat
1615 5439 1789 5508 pieta-

205 5517 281 5572 tis
323 5559 338 5583 ,
400 5528 459 5576 ut
504 5524 846 5581 continentire
899 5535 1100 5584 sanctte
1150 5530 1506 5600 propositum,
1544 5533 1686 5600 quod
1736 5540 1789 5588 te

204 5607 511 5677 inspirante
540 5615 794 5684 suscepit,
831 5624 882 5670 te
912 5625 1223 5689 protegente
1253 5609 1460 5675 illesum
1498 5623 1786 5679 custodiat.

203 5699 330 5754 Per.

282 5789 860 5860 SequiturAntiphona.
886 5791 988 5861 ipsi
1005 5792 1080 5847 sis
1100 5793 1442 5863 desponsata.
1474 5795 1556 5848 cui
1575 5811 1664 5849 an.
1684 5804 1788 5850 etc.

281 5881 354 5938 Da
386 5897 691 5955 quaesumus
735 5883 1078 5955 omnipotens
1121 5885 1284 5954 Deus,
1336 5896 1393 5941 ιιι
1431 5887 1542 5942 lucc
1593 5888 1789 5943 famula

1888 3387 2104 3458 ginitas,
2119 3400 2310 3446 ornata
2333 3391 2434 3447 fide
2453 3392 2684 3466 integra,
2701 3410 2795 3466 spe
2810 3406 2977 3463 certa,
2995 3399 3219 3455 caritate
3233 3401 3468 3464 sincera,

1889 3491 1950 3538 ut
1995 3495 2294 3556 prteparato
2337 3488 2518 3543 animo
2570 3489 2636 3543 ad
2692 3491 3083 3562 continentiam
3126 3494 3298 3548 virtus
3331 3503 3482 3547 tanta

1891 3585 2194 3644 prmstetnr,
2229 3593 2349 3648 qua:
2381 3590 2600 3649 superet
2647 3583 2900 3637 universa
2944 3582 3200 3654 figmenta
3251 3585 3475 3641 diaboli.

1890 3663 2331 3735 Contempuendo
2361 3670 2646 3737 przesentia
2676 3680 2914 3727 sectetur
2941 3671 3144 3740 futura,
3171 3676 3482 3731 carnalibus

1891 3753 2063 3824 epulis
2085 3756 2290 3826 jejunia
2319 3747 2592 3828 prarferat,
2622 3777 2808 3818 sacras
2839 3763 3101 3821 lectiones
3125 3774 3180 3821 et
3205 3767 3482 3823 orationes

1891 3845 2153 3899 conviviis
2177 3857 2233 3902 et
2272 3851 2640 3916 potationibus
2677 3861 3004 3923 anteponat,
3055 3864 3115 3910 ut
3142 3857 3482 3914 orationibus

1892 3946 2067 4006 pasta,
2100 3937 2396 3994 illuminata
2428 3942 2622 4013 vigiliis
2652 3945 2934 4015 virginalis
2959 3947 3146 4018 gratia:
3167 3963 3303 4018 opus
3323 3965 3481 4005 exer-

1891 4039 2028 4084 ceat.
2053 4029 2146 4085 His
2169 4032 2428 4088 virtutum
2452 4036 2619 4091 armis
2641 4037 2781 4092 hanc
2803 4047 2949 4092 tuam
2974 4038 3230 4095 famulam
3254 4041 3482 4098 interius

1893 4122 2241 4194 exteriusque
2266 4125 2639 4182 communiens
2684 4137 2882 4198 praesta
2915 4127 3234 4186 inoffensum
3260 4147 3495 4190 cursum.

1893 4214 2221 4284 virginitatis
2251 4218 2495 4289 implere.
2529 4219 2632 4276 Per
2659 4219 2816 4276 Dnm.

2355 4329 2438 4385 Ad
2468 4330 2723 4387 annulum
2762 4332 3018 4388 dandum.

1966 4415 2160 4487 Accipe
2195 4421 2454 4474 annulum
2503 4421 2646 4488 fidei,
2700 4423 3037 4494 signaculum
3095 4424 3332 4495 Spiritus
3361 4442 3486 4484 san-

1894 4505 1966 4560 cti
1999 4547 2013 4569 ,
2074 4518 2132 4561 ut
2180 4524 2377 4580 sponsa
2435 4513 2528 4568 Dei
2583 4517 2815 4580 voceris,
2849 4517 2893 4570 si
2926 4517 2973 4570 ei
3005 4515 3232 4572 fideliter
3277 4519 3483 4578 servic-

1897 4597 1992 4652 ris.
2025 4597 2149 4654 Per.

2512 4693 2594 4746 Ad
2616 4703 2868 4766 torquem.

1968 4778 2169 4850 Accipe
2193 4782 2403 4852 signum
2427 4783 2630 4838 Christi
2663 4785 2714 4838 in
2742 4787 2941 4855 capite.
2970 4796 3028 4844 ut
3059 4805 3193 4844 uxor
3218 4788 3333 4854 ejus
3375 4789 3486 4844 eiii-

1899 4870 2082 4935 ciaris,
2113 4880 2168 4927 et
2195 4875 2238 4928 si
2270 4875 2322 4928 in
2370 4890 2434 4930 eo
2460 4879 2848 4948 permanseris,
2883 4889 3142 4952 perpetuo
3175 4884 3478 4939 coroneris.

1900 4961 2004 5018 Per
2034 4964 2192 5019 Dum.
2281 4991 2287 4996 -

1973 5054 2193 5110 Interim
2216 5057 2424 5112 dicatur
2445 5060 2732 5132 antipliona
2756 5075 2776 5114 :
2794 5061 3006 5120 Annulo
3027 5081 3125 5121 suo
3149 5060 3480 5121 subarravit.

2397 5150 2647 5224 Sequitur
2660 5154 2974 5211 Benedictio.

1967 5241 2260 5300 Benedicat
2290 5254 2341 5301 te
2373 5248 2622 5302 conditor
2667 5249 2788 5304 ρωΙί
2821 5259 2875 5305 et
2932 5259 3090 5306 terra:
3143 5251 3285 5307 Deus
3322 5251 3486 5307 Pater

1897 5336 2258 5406 omnipotens,
2287 5338 2379 5408 qui
2406 5347 2457 5393 te
2482 5339 2681 5408 eligere
2706 5341 2954 5411 dignatur
2979 5342 3044 5396 ad
3075 5351 3276 5397 sanctre
3301 5342 3484 5399 Mariae

1899 5427 2088 5482 matris
2133 5426 2345 5483 Domini
2379 5430 2548 5484 nostri
2598 5429 2724 5485 Jesn
2774 5430 2977 5486 Christi
3034 5433 3391 5495 consortium,
3425 5442 3485 5486 ut

1898 5520 2161 5591 integram
2193 5529 2247 5575 et
2298 5521 2698 5577 immaculatam
2748 5522 3134 5592 virginitatem,
3161 5540 3322 5594 quam
3354 5539 3481 5593 pro-

1901 5611 2040 5667 fessa
2092 5628 2171 5674 es,
2213 5627 2396 5667 coram
2428 5613 2656 5668 Domino
2684 5620 2736 5666 et
2769 5611 2972 5682 angelis
3008 5611 3126 5679 ejus
3169 5629 3482 5676 conserves,

1901 5701 2233 5772 propositum
2289 5711 2492 5766 teneas,
2533 5701 2838 5755 castitatem
2891 5699 3104 5772 diligas,
3163 5703 3480 5771 patientiam

1899 5812 2102 5859 serves,
2130 5811 2384 5850 coronam
2401 5793 2740 5864 virginitatis
2768 5793 3015 5862 accipere
3045 5796 3324 5849 mercaris.
3354 5793 3478 5847 Per.

1977 5889 2099 5942 Post
2140 5889 2249 5941 Im'c
2281 5885 2519 5956 relinquit
2542 5883 2714 5956 puelia
2744 5901 2939 5953 cereos,
2968 5886 3153 5956 oﬂ'erat
3195 5885 3352 5941 oblat.
3383 5885 3482 5941 i38-
