3962 5386
560 357 694 414 1107

1444 354 1735 413 Al’PEND.
1777 356 1867 410 AD
1901 355 2071 412 SIEC.
2112 355 2179 412 Χ.
2221 389 2287 398 ——-
2327 358 2761 415 MONUMENTA
2802 360 3078 419 LITURG.
3116 404 3125 412 .

3654 371 3759 431 “08

556 494 674 535 rum
708 481 967 552 accipiens
990 495 1183 542 cereos,
1208 487 1303 532 stet
1331 476 1458 549 dum
1480 492 1776 530 communio
1805 484 1851 528 et
1892 473 2053 527 illisae
2074 475 2139 543 ﬁ-
2171 482 2214 540 Α
2245 483 2551 530 exerceant.
2589 474 2905 531 Castitatem
2936 487 2990 531 et
3022 475 3332 547 pudicitiam
3367 478 3541 545 corde,
3582 496 3638 537 ae
3660 499 3759 539 eor.

554 578 754 633 niatur.
777 573 951 645 Usque
968 573 1023 626 in
1052 581 1284 626 octavam
1312 569 1449 623 diem
1469 567 1836 621 communicet.
1859 563 1917 620 Si
1932 576 2027 630 est,
2049 568 2141 637 qui

553 669 601 723 ei
638 659 989 724 testimonium
1012 657 1349 736 perhibuerit,
1391 660 1563 714 mittat
1587 676 1700 714 eam
1746 657 2037 730 Episcopus
2085 659 2141 715 in

550 746 740 837 manus
763 746 886 813 suas
911 757 1086 810 dicens
1112 772 1130 809 :

619 851 754 908 Vide
791 842 1061 920 quamodo
1114 846 1271 902 istam
1322 844 1432 901 Deo
1482 855 1751 900 sacratam
1797 852 2137 914 representes

549 934 948 1001 immaculatam
974 950 1099 997 ante
1126 938 1358 994 tribunal
1385 937 1593 993 Domini
1620 936 1810 991 nostri.

577 1028 583 1034 ’
627 1034 1037 1093 BENEDlCTlO
1084 1032 1185 1089 ET.
1225 1029 1483 1089 ORATIO
1526 1029 1620 1087 AD
1672 1027 2045 1087 MONACllAS

1127 1123 1533 1184 FACIENDAS.
1608 1166 1613 1173 .

574 1210 581 1219 ⁸
612 1210 847 1297 Dignare
868 1224 1096 1280 Domine
1118 1236 1412 1295 quesumus
1434 1218 1735 1273 famulabus
1764 1216 1870 1271 tuis
1897 1215 2134 1289 (famula:

544 1318 672 1389 uiae)
699 1315 1138 1373 renuntiantibus
1167 1311 1500 1369 secularibus
1545 1308 1756 1380 pompis
1782 1309 1969 1379 gratiae
2028 1315 2131 1363 tum

537 1416 730 1486 januas
752 1404 985 1483 aperire,
1018 1399 1137 1480 qua:
1162 1409 1418 1477 despecto
1434 1401 1659 1480 ‘diabolo
1684 1400 2002 1472 confugiunt
2029 1401 2139 1487 sub.

543 1508 700 1577 titulo
729 1505 955 1570 Christi,
985 1514 1041 1560 et
1090 1491 1368 1558 venientes
1420 1500 1488 1556 ad
1522 1507 1572 1555 te
1602 1512 1796 1554 sereno
1845 1494 1993 1550 vultu
2031 1510 2127 1550 su-

539 1576 708 1673 scipe,
753 1615 823 1656 ne
851 1599 918 1654 de
948 1598 1029 1653 eis
1056 1597 1236 1651 valeat
1284 1592 1536 1648 inimicus
1565 1590 1921 1660 triumphare,
1951 1586 2125 1641 tribue

535 1694 617 1747 eis
643 1689 980 1762 infatigabile
1006 1687 1288 1743 brachium
1324 1684 1511 1739 auxilii
1543 1683 1640 1749 tui,
1670 1689 1904 1737 mentem
1935 1694 2124 1734 earum

536 1783 656 1838 fidei
686 1781 854 1837 lorica
879 1777 1176 1841 circumda,
1206 1784 1265 1830 ut
1289 1774 1426 1830 felici
1452 1789 1608 1830 muro
1631 1772 1837 1827 vallata:
1863 1770 2121 1826 nmudum

533 1889 592 1929 se
617 1872 884 1951 gaudeant
912 1869 1168 1949 evasisse.
1196 1867 1318 1923 Per.
1388 1859 1402 1933 ;
1452 1924 1457 1933 ,

606 1964 745 2019 Atia.
775 1960 1207 2019 Clementissime
1234 1959 1377 2013 Deus
1411 1966 1557 2012 tuam
1588 1957 1902 2011 iiivocamus
1948 1956 2120 2026 pieta-

533 2065 664 2120 tem,
689 2063 749 2110 ut
785 2054 884 2109 has
922 2052 1149 2109 famulas
1182 2040 1322 2120 tuas,
1345 2067 1483 2122 quas
1526 2067 1555 2105 a
1599 2052 1781 2108 seculo
1827 2066 2122 2108 conversas

534 2147 587 2207 in
619 2160 845 2201 numero
866 2144 1189 2200 Sanctorum
1221 2151 1433 2197 tuorum
1462 2154 1741 2198 accersere
1765 2143 2015 2214 dignatus
2037 2157 2118 2211 es,

531 2256 859 2310 quesnmus,
893 2248 952 2295 ut
1012 2238 1385 2294 conversionis
1414 2254 1527 2294 sure
1555 2239 1714 2294 fidem
1746 2238 1907 2310 digne
1939 2246 2115 2294 custo-

529 2334 697 2395 diant,
733 2340 810 2387 .et-
857 2330 1117 2402 quidquid
1173 2344 1274 2400 pro
1325 2329 1499 2385 salute
1536 2329 1842 2383 animarum
1895 2344 2116 2384 suarum

526 2426 833 2503 deprecatae
864 2422 1084 2486 fuerint,
1117 2420 1419 2477 obtineant.
1467 2421 1589 2476 Sint
1629 2422 1736 2475 vita
1787 2422 2117 2491 probabiles,

528 2518 637 2571 sint
662 2515 936 2587 sapientes
958 2524 1011 2568 et
1039 2513 1288 2583 humiles.
1320 2511 1560 2568 Scientia
1595 2528 1757 2578 verae,
1807 2513 2117 2583 obedientia

527 2609 710 2671 clarae,
736 2604 1125 2661 convenientes
1161 2604 1214 2657 in
1246 2603 1515 2667 doctrina,
1546 2603 1597 2656 in
1657 2602 2118 2664 increpationibus

526 2695 849 2760 immobiles,
878 2695 929 2749 in
953 2693 1216 2766 gravitate
1235 2693 1463 2755 decorai,
1490 2693 1542 2747 in
1568 2692 1818 2762 passione
1838 2691 2114 2763 piissimo»,

526 2789 581 2843 in
621 2787 937 2857 operatione
977 2795 1167 2850 cautae,
1206 2785 1258 2839 in
1311 2784 1714 2856 dispensatione
1757 2783 2025 2850 sollicitzn,
2061 2786 2114 2840 in

528 2867 878 2953 temptatione
908 2878 1092 2946 fortes,
1125 2880 1178 2933 in
1223 2878 1435 2947 injuriis
1476 2878 1768 2948 patientes,
1806 2878 1861 2933 in
1892 2894 2025 2948 pace
2056 2878 2118 2934 li-

525 2989 628 3045 xae,
660 2973 714 3028 iu
742 2956 1054 3047 elemosinis
1080 2980 1363 3042 promptae,
1397 2971 1448 3025 in
1476 2971 1815 3026 orationibus
1858 2970 2116 3040 frequen-

525 3076 625 3128 tes,
652 3064 1111 3121 inmisericordiai
1140 3060 1404 3125 efficaces,
1445 3076 1544 3117 nec
1591 3061 1700 3115 sint
1747 3060 2113 3126 immemores,

524 3158 667 3227 quod
704 3166 795 3213 tuo
814 3155 1342 3226 judiciojtnlieanda:
1365 3155 1491 3208 sint.
1522 3153 1726 3232 llarum
1760 3154 2117 3223 deprecamur

523 3249 751 3318 Domine
777 3258 835 3302 ut
866 3263 1090 3303 munera
1119 3246 1360 3316 placatus
1386 3227 1759 3317 suscipias,let
1780 3247 2037 3317 quicquid
2082 3263 2112 3301 a
2142 3224 2188 3288 ο

525 3349 578 3392 te
607 3338 883 3407 petierint,
913 3336 1209 3393 clementer
1235 3335 1529 3405 impertias.
1556 3334 1677 3390 Per.
1862 3408 1867 3411 _

593 3427 948 3499 Omnipotens
980 3436 1035 3482 et
1063 3426 1373 3482 misericors
1396 3427 1539 3483 Deus
1564 3429 1729 3482 totius
1750 3437 1952 3483 sancta:
1984 3429 2110 3485 reli-

523 3522 699 3593 gionis
740 3522 915 3592 origo,
938 3520 1082 3576 omni
1115 3518 1389 3591 profitenti
1441 3520 1533 3575 tibi
1562 3522 1684 3576 vitm
1732 3520 1985 3587 salvatio,
2019 3539 2110 3579 so-

523 3615 671 3687 seipe
694 3613 1083 3686 professionem
1108 3612 1429 3668 famularum
1458 3622 1694 3675 tuarum.
1721 3631 1841 3686 qua:
1863 3617 1928 3672 de
1953 3616 2113 3687 hujus
2140 3656 2147 3661 ς

523 3706 693 3761 seculi
722 3705 965 3761 vanitate
1005 3704 1073 3759 ad
1102 3712 1152 3758 te
1177 3703 1519 3776 confugiunt,
1560 3706 1670 3761 sint
1700 3722 2012 3777 ‘qucsumtts
2062 3719 2113 3765 te

521 3798 809 3868 adjuvante
832 3798 900 3852 ab
929 3796 1075 3852 omni
1127 3797 1473 3867 negotiorum
1512 3797 1836 3853 secularinm
1879 3803 2112 3872 strepitu

520 3898 720 3954 exutae,
761 3889 830 3944 ab
879 3888 1085 3959 antiqui
1137 3888 1311 3945 hostis
1344 3888 1573 3944 insidiis
1602 3901 1823 3962 ereptae,
1885 3905 2127 3963 ιιιιιιειιιιι)Δ

523 3980 651 4036 huic
675 3982 899 4044 mundo,
924 3981 1144 4034 remelte
1168 3980 1234 4061 ab
1261 3978 1513 4036 omnibus
1537 3996 1824 4050 pravorum
1842 3966 2125 4041 rctinacu-V

521 4072 610 4129 lis.
628 4072 770 4129 Doce
795 4087 890 4128 eas
912 4071 1345 4151 Domineomnia
1370 4071 1528 4140 hujus
1550 4073 1672 4128 vitae
1694 4090 1950 4145 prospera
1980 4092 2113 4134 con-

522 4172 820 4234 tempnere,
839 4177 942 4217 non
960 4163 1149 4217 timere
1163 4162 1408 4227 adversa,
1424 4179 1527 4219 non
1544 4164 1741 4221 inferre
1756 4165 2004 4236 injurias,
2019 4171 2115 4224 sed

523 4253 904 4325 :rquanimiter
934 4253 1186 4317 tolerare,
1217 4252 1466 4308 inimicos
1492 4254 1715 4326 diligere
1741 4297 1757 4320 ,
1797 4271 1896 4327 pro
1936 4274 2116 4329 perse-

522 4346 834 4416 quentibus,
880 4352 935 4398 et
974 4343 1423 4400 calumniantibus
1463 4347 1776 4418 suppliciter
1814 4350 2111 4420 deprecari,

475 4506 481 4512 ᾔ
525 4436 601 4491 nil
663 4435 1044 4506 concupiscere
1086 4434 1397 4503 carnaliter,
1422 4451 1527 4491 non
1552 4453 1642 4493 eas
1670 4441 1917 4511 superbia
1942 4442 2112 4510 inflet,

527 4545 633 4583 non
679 4529 842 4584 ardor
882 4528 1126 4582 avaritim
1163 4529 1475 4595 succcndat,
1504 4545 1608 4585 non
1644 4531 1912 4588 incentiva
1946 4535 2109 4590 luxu-

524 4623 620 4677 riae
655 4620 1011 4685 inflamment,
1066 4636 1169 4675 non
1221 4634 1359 4674 vana
1415 4619 1587 4689 gloria
1641 4623 1869 4693 turpiter
1913 4625 2104 4695 jactet,

538 4730 644 4768 non
676 4712 799 4784 gula
846 4722 933 4767 aut
987 4712 1225 4769 ebrietas
1266 4726 1360 4767 eas
1394 4712 1710 4782 pratpediat,
1742 4729 1847 4768 non
1883 4716 2110 4771 ambitio

525 4790 753 4860 ventosa
782 4805 1099 4879 praecipitet,
1134 4819 1239 4858 non
1271 4802 1718 4860 ardortanimosa:
1744 4810 2110 4866 contentionis

530 4895 787 4970 exagitet,
820 4913 928 4951 non
959 4896 1287 4952 desiderium
1333 4896 1581 4950 humanae
1609 4898 1883 4967 opinionis
1912 4900 2105 4965 elevet,

534 5007 642 5045 non
690 4987 936 5047 diabolus
969 4997 1160 5043 auctor
1194 4986 1514 5057 perditionis
1545 4986 1711 5054 ledal,
1755 4998 1850 5044 aut
1894 4991 2106 5060 perdat,

528 5082 623 5137 sed
662 5090 769 5137 tum
807 5078 1027 5151 pietatis
1053 5077 1275 5132 dextera
1311 5076 1732 5135 clementissime
1758 5081 1899 5135 Deus
1920 5097 1951 5135 a
1977 5074 2111 5137 cun-

527 5174 629 5210 ntia
664 5180 814 5210 ιιι-ηςιι
844 5170 1001 5210 muli:
1053 5177 1103 5210 pl
1133 5169 1183 5210 in
1216 5168 1397 5210 futuro
1424 5168 1607 5210 ερριιιη
1633 5179 1874 5210 ηι-ηιρσσιι
1934 5182 2079 5210 νοσηι

2152 1860 2201 1920 Β

2242 582 2374 647 pore
2427 577 2665 624 teneant.
2714 568 3037 625 Patientiam
3084 578 3139 626 et
3178 570 3622 641 longanimitatem
3652 579 3761 634 arri-

2240 660 2410 729 piant,
2457 670 2511 717 et
2558 663 2883 721 custodiant.
2921 662 3153 739 Jejunio,
3200 674 3255 720 et
3303 667 3631 723 abstinentia:
3665 680 3759 725 stu-

2240 753 2420 820 deant,
2450 764 2505 811 ct
2535 765 2751 820 ament,
2797 758 3057 827 gemitum
3085 767 3140 813 et
3168 759 3469 813 orationem
3507 761 3763 819 desiderent

2236 858 2301 898 ac
2326 844 2623 916 invigilent.
2677 846 2904 903 Peccata
2941 863 3036 901 sua
3069 847 3404 907 incessanter
3427 865 3543 904 cum
3571 850 3764 908 lacrimis

2235 944 2289 988 et
2317 936 2565 1006 suspiriis
2602 948 2882 1004 accusent,
2916 949 2972 995 et
3002 938 3230 1016 diluant.
3265 939 3339 997 Te
3366 941 3532 997 Deum
3555 944 3759 1015 omnipo-

2237 1035 2437 1082 tentem
2464 1029 2645 1095 corde,
2677 1045 2797 1097 ore,
2821 1046 2987 1106 opere
3011 1032 3422 1101 circumferant.

2306 1119 2534 1193 Suscipe
2568 1112 2872 1202 quesumns
2903 1133 3093 1181 sancte
3127 1125 3292 1182 Pater
3333 1128 3658 1198 omnipotens
3686 1128 3763 1185 has

2232 1213 2465 1291 fainulas
2496 1225 2641 1289 tuas,
2671 1233 2807 1288 quas
2836 1216 2904 1273 de
2933 1217 3094 1289 hujus
3122 1219 3287 1276 seeuli
3313 1219 3605 1290 naufragiis
3627 1230 3673 1276 et
3692 1237 3762 1292 pe-

2233 1307 2420 1362 rieulis
2451 1309 2660 1375 eruisti,
2708 1310 2774 1365 ad
2818 1311 3179 1368 monasticam
3225 1328 3424 1368 vocare
3460 1313 3685 1384 dignatus
3716 1329 3763 1369 es

2229 1406 2484 1467 gratiam.
2513 1400 2759 1459 Concede
2782 1403 3077 1473 propitius,
3103 1413 3161 1458 ut
3187 1413 3397 1459 arctam
3427 1411 3481 1458 et
3504 1411 3760 1472 angustam,

2230 1506 2390 1562 quam
2415 1491 2673 1561 professa:
2695 1502 2842 1559 sunt,
2867 1494 3007 1548 viam
3026 1494 3230 1565 jugiter
3250 1493 3496 1563 diligant.
3518 1504 3763 1559 sectentur,

2234 1592 2505 1651 quatenus
2555 1583 2621 1638 ad
2668 1593 2945 1650 aeternam,
2977 1601 3137 1655 quam
3172 1586 3224 1640 in
3259 1595 3309 1641 te
3341 1585 3762 1656 perseverantibus

2229 1672 2553 1741 promittere
2581 1674 2833 1745 dignatus
2874 1689 2953 1740 es,
2983 1673 3209 1746 gloriam
3240 1674 3527 1744 pervenire
3563 1690 3762 1730 merean-

2233 1770 2338 1813 tur.
2370 1762 2470 1816 l‘cr
2496 1762 2654 1816 Dnm.

2598 1852 2979 1912 PROFESSIO
3016 1855 3437 1912 REGULABIS.

2297 1947 2411 2018 Ego
2452 1964 2611 2003 soror
2647 1947 2713 2003 N.
2744 1949 2812 2004 ab
2847 1950 3107 2005 hodierna
3147 1951 3234 2006 die
3260 1960 3317 2005 et
3346 1950 3593 2020 deinceps
3616 1966 3763 2003 mom-

2224 2041 2324 2095 cha
2369 2042 2628 2112 promitto
2669 2042 3020 2099 stabilitatem
3047 2040 3205 2111 hujus
3229 2042 3378 2109 vitm,
3415 2051 3471 2097 et
3504 2042 3760 2097 conversio-

2222 2147 2346 2186 nem
2382 2148 2590 2186 morum
2624 2147 2891 2196 meorum,
2920 2142 2974 2187 et
2999 2133 3368 2189 obedientiam
3401 2131 3673 2189 secundum
3693 2147 3757 2186 rc-

2222 2222 2402 2293 gulam
2429 2224 2605 2279 sancti
2627 2224 2899 2279 Benedicti
2922 2223 3439 2294 dihatis,quantum
3466 2240 3547 2278 Ine
3571 2224 3759 2279 humana

2221 2314 2490 2386 fragilitas
2536 2316 2826 2387 permittit,
2871 2315 3055 2371 coram
3100 2316 3210 2372 Deo
3246 2326 3303 2371 et
3345 2315 3549 2371 sanctis
3585 2314 3699 2385 ejus,
3719 2322 3759 2367 et

2220 2418 2474 2479 presente
2500 2408 2714 2464 abbate.
2749 2408 2995 2464 EIBIKA.

2295 2501 2442 2557 Tum:
2487 2514 2895 2574 prosternamur
2940 2515 3062 2559 ante
3113 2504 3299 2573 altare,
3354 2515 3404 2560 et
3450 2506 3617 2559 dicant
3653 2504 3761 2556 Ιιιιιε

2222 2598 2331 2649 vers
2340 2612 2424 2648 um
2452 2612 2470 2649 :

2293 2684 2520 2756 Suscipe
2553 2701 2641 2741 me
2676 2685 2900 2742 Domine
2936 2672 3231 2743 secundum
3259 2702 3535 2758 e.oqu.um
3565 2695 3691 2740 tuum
3717 2696 3759 2737 et

2218 2776 2420 2846 vivam,
2470 2788 2526 2834 et
2570 2796 2675 2833 non
2722 2780 3022 2836 confundas
3048 2796 3138 2837 me
3162 2783 3230 2839 ab
3259 2782 3758 2852 expectationemea.

2217 2865 2286 2922 Et
2330 2871 2479 2924 tertio
2520 2881 2783 2941 repetatur
2820 2873 2885 2926 ab
2933 2874 3196 2932 omnibus.
3249 2874 3618 2944 subjungeutes
3658 2867 3756 2924 Gle-

2221 2959 2298 3013 ria
2358 2959 2547 3026 Patri,
2606 2973 2652 3016 ct
2712 2962 2820 3017 illis
2859 2963 3159 3034 jacentibits
3204 2975 3461 3036 sequatur
3511 2963 3681 3017 (eterna
3719 2970 3761 3031 et

2216 3064 2392 3118 preces
2416 3064 2435 3101 :
2522 3113 2526 3117 φ
2768 3112 2773 3117 ,

2247 3126 2251 3130 ’
2294 3138 2485 3197 Salvas
2512 3142 2600 3198 l'ac
2628 3142 2854 3199 ancillas
2883 3156 3004 3201 tuas
3038 3142 3265 3203 Domine
3299 3149 3444 3204 Deus
3478 3161 3638 3203 meus.

2298 3236 2557 3291 Dominus
2579 3238 2852 3293 custodiat
2878 3254 2971 3294 eas
3000 3239 3069 3293 ab
3090 3241 3234 3297 omni
3268 3241 3439 3296 male.

2293 3324 2444 3380 Mitte
2482 3326 2562 3382 eis
2595 3325 2819 3383 Domine
2851 3328 3110 3384 auxilium
3145 3332 3211 3385 de
3238 3343 3457 3387 sancto.

2293 3415 2437 3470 Nihil
2464 3417 2516 3471 in
2545 3417 2624 3473 eis
2653 3419 2903 3489 proficiat
2933 3420 3208 3476 inimiCuS.
3252 3421 3317 3475 Ει
3352 3422 3516 3479 titius.

2290 3507 2420 3561 Esto
2448 3509 2527 3564 eis
2566 3509 2790 3566 Domine
2821 3512 2985 3566 turris
3018 3510 3375 3569 fortitudinis.
3414 3516 3458 3569 A
3488 3513 3632 3568 facie.

2291 3600 2506 3673 Exurge
2536 3603 2761 3660 Domine
2783 3604 2928 3659 adin.
3266 3597 3272 3601 ’

2290 3692 2434 3748 'l'unc
2460 3706 2803 3767 aspergantur
2834 3714 2971 3768 aqua
2995 3698 3262 3753 benedicta
3304 3702 3618 3760 restimeuta,
3637 3705 3677 3751 et
3696 3710 3759 3750 κο

2215 3797 2411 3867 (piatur
2442 3787 2541 3841 ista
2570 3792 2779 3866 oratio:

2237 3936 2241 3939 _
2291 3875 2495 3932 Exaudi
2518 3893 2815 3949 quesumus
2835 3881 3176 3951 omnipotens
3198 3882 3340 3938 Deus
3360 3898 3547 3953 preces
3564 3888 3757 3937 nostras.

2217 3976 2270 4021 et
2307 3968 2406 4023 has
2435 3980 2631 4038 restes,
2672 3987 2808 4040 quas
2839 3970 3055 4031 famulae
3091 3983 3193 4031 tua:
3220 3972 3285 4029 ad
3318 3974 3657 4045 operiendam
3684 3985 3757 4023 ex-

2218 4070 2470 4130 poscunt,
2520 4062 2809 4119 uberrima:
2855 4063 3248 4123 benedictionis
3291 4067 3483 4136 ymbre
3518 4061 3757 4135 perfunde.

2217 4153 2357 4208 sicut
2400 4151 2685 4224 perfudisti
2730 4168 2829 4209 ora
2877 4155 3323 4210 vestimentorum
3354 4155 3534 4216 Aaron
3570 4149 3753 4207 benedi-

2216 4245 2397 4319 ctione
2421 4244 2706 4315 perflat-nti
2737 4260 2765 4299 a
2793 4245 2970 4315 rapite
3000 4246 3051 4300 in
3081 4247 3307 4301 barbam
3340 4246 3580 4318 ungenti,
3609 4242 3755 4298 etsic~

2215 4348 2274 4391 ut
2299 4336 2624 4392 benedixisti
2648 4346 2825 4393 vestes
2855 4337 3097 4392 omnium
3138 4339 3510 4408 religiosorum
3553 4336 3639 4390 tibi
3670 4346 3746 4402 per

2216 4429 2397 4483 etnuia
2446 4428 2800 4498 placentium,
2845 4429 2916 4483 ita
2962 4444 3055 4484 eas
3087 4429 3413 4484 benedicere
3448 4429 3673 4498 dignare,
3707 4435 3757 4474 ac

2216 4526 2409 4587 praesta
2442 4532 2735 4586 quesuums
2764 4518 3011 4583 Domine,
3045 4528 3105 4572 ut
3141 4518 3466 4587 supradictis
3492 4514 3758 4570 l'amnlahus

2218 4610 2323 4665 tuis
2358 4610 2472 4664 haec
2509 4610 2619 4664 sint
2669 4611 2988 4667 vestimenta
3045 4610 3284 4666 salubris
3334 4611 3614 4682 protectio,
3662 4606 3754 4659 hate

2214 4703 2455 4771 cognitio
2498 4702 2798 4774 religionis,
2860 4704 2976 4758 haec
3022 4703 3245 4759 inieium
3292 4701 3613 4761 sanctitatis.
3662 4698 3754 4751 lucc

2213 4806 2401 4851 contra
2429 4796 2612 4850 omnia
2642 4794 2745 4851 tela
2769 4795 2971 4853 inimici
3002 4797 3223 4851 robusta
3251 4793 3515 4849 defensio.
3548 4790 3658 4845 Per.

2286 4889 2428 4944 Deus
2472 4889 2565 4958 qui
2608 4888 2991 4943 vestimentum
3038 4887 3301 4952 salutare,
3338 4897 3395 4943 et
3420 4886 3752 4940 indumentum

2214 4996 2434 5040 ceterum
2486 4984 2844 5055 jocunditatis
2891 4983 2997 5039 tuis
3048 4982 3298 5040 ﬁdelibus
3349 4977 3670 5052 promisisti,
3712 4979 3754 5024 le

2220 5078 2535 5149 suppliciter
2568 5092 2880 5142 exoramus,
2929 5084 2988 5129 ut
3039 5077 3153 5131 haec
3205 5075 3515 5129 indumenta
3561 5061 3753 5123 lmtl‘lifl-

2220 5168 2448 5210 r‘mtinnie
2489 5168 2844 5210 Immilitntmn
2884 5168 3060 5210 oni-ilic
3123 5176 3178 5210 μί
3212 5174 3571 5210 ρηιιιιιιιιηιιιιῐι
3599 5151 3749 5210 mttntii
