3962 5386
182 245 340 302 “09

1017 238 1403 310 BENEDICT.,
1443 240 1871 298 CONSECRAT.
1917 238 2004 293 ΕΤ
2042 238 2367 295 ORDINA'I‘.
2412 236 2666 293 VABIA‘}.

3318 228 3477 286 mc.

172 357 583 413 conservandae
632 359 829 429 regulae
871 372 930 411 se
966 355 1035 411 ad
1081 340 1423 410 induendum
1451 361 1772 427 exposcunt,
1805 358 1850 415 Α
1878 354 2111 424 pedules.
2164 351 2293 408 Post
2342 352 2681 419 antiphonam
2727 350 2796 403 ad
2845 348 3148 410 Introitum,
3199 355 3248 402 et
3276 347 3480 401 datam.

173 448 521 505 benedicere
550 459 608 503 et
636 448 982 504 sanctincare
1010 445 1268 515 digneris.
1297 443 1361 497 P.

262 535 416 590 Atia.
454 537 659 593 Adesto
690 537 917 591 Domine
963 533 1450 605 supplicationibus
1488 531 1700 588 nostris
1726 541 1783 587 et

176 628 297 682 has
330 626 563 682 famulas
595 636 715 682 tuas
743 625 1065 681 benedicere
1095 624 1352 694 digneris,
1386 623 1584 693 quibus
1607 622 1662 677 in
1691 631 1791 679 tuo.

180 728 393 775 sancto
440 720 668 775 nomine
711 720 953 775 habitum
1002 725 1204 773 sancta:
1243 715 1518 788 religionis
1548 714 1780 787 imponi-

181 827 342 876 mus,
369 820 430 866 ut
458 818 511 867 te
532 810 794 881 largiente
818 810 1009 865 devote
1031 809 1083 863 in
1110 807 1440 863 monasterio
1464 806 1779 879 persistere,

175 914 241 957 et
274 904 447 958 vitam
476 904 755 974 percipere
782 909 1112 957 mereantur.
1155 899 1277 955 Per.

264 995 346 1051 Da
378 1011 687 1067 quaesumus
720 994 949 1051 Domine
996 994 1301 1050 famulabus
1338 993 1454 1049 tuis
1495 990 1781 1063 indulgen-

180 1085 326 1139 tiam
349 1086 667 1142 delictorum
693 1100 934 1150 suorum,
961 1094 1230 1155 quatenus
1259 1084 1326 1141 de
1357 1078 1631 1149 omnibus,
1662 1097 1783 1152 quae

181 1177 402 1231 carnali
434 1177 812 1242 delectatione,
844 1176 929 1232 vel
957 1175 1122 1230 animi
1145 1174 1492 1247 cogitatione,
1524 1182 1621 1229 aut
1643 1189 1780 1228 vana

184 1267 359 1336 hujus
393 1267 561 1323 seculi
597 1268 891 1323 ambitione
918 1275 1104 1322 contra
1145 1275 1360 1320 tuorum
1402 1264 1781 1321 rectitudinem

184 1358 579 1413 mandatorum
610 1358 974 1428 perfecerunt,
1012 1358 1066 1412 in
1106 1356 1345 1428 presenti
1383 1357 1491 1410 vita
1524 1370 1781 1425 perseve-

185 1458 380 1503 rantes
412 1449 466 1503 in
494 1448 725 1519 regulari
772 1448 1007 1516 actione,
1057 1448 1271 1502 veniam
1299 1455 1562 1502 aeternam
1603 1445 1795 1517 percit

182 1555 327 1609 pere
357 1547 689 1594 mereantur.
722 1538 847 1595 Per.

268 1628 419 1685 Tune
451 1639 716 1685 exuuntur
742 1628 1058 1685 vestimentis
1079 1629 1210 1695 suis,
1236 1640 1286 1684 et
1314 1627 1609 1683 induantur
1632 1627 1782 1683 rebus

196 1725 534 1789 monasterii,
566 1734 613 1778 et
648 1723 858 1778 dicatur
882 1739 897 1777 :

272 1816 457 1870 Exuat
503 1826 555 1871 te
596 1813 857 1870 Dominus
892 1823 1128 1871 veterem
1173 1814 1450 1871 hominem
1479 1828 1603 1868 cum
1643 1812 1779 1867 acti-

192 1906 304 1961 bus
349 1908 485 1971 suis,
538 1915 593 1962 et
640 1906 825 1962 induat
870 1914 925 1962 te
972 1921 1170 1961 novum
1221 1906 1516 1967 hominem,
1558 1905 1648 1974 qui
1689 1919 1783 1959 se-

188 1998 435 2051 cundum
483 1999 650 2053 Deum
682 2007 767 2055 est
802 2007 1018 2069 creatus
1069 1999 1123 2053 in
1154 1996 1358 2053 ‘ustitia
1398 2004 1453 2051 et
1491 1997 1781 2051 sanctitate

183 2090 368 2143 verita
378 2091 466 2145 tis.
886 2092 887 2095 ’
1081 2090 1119 2125 ⁸

267 2179 423 2235 Tunc
472 2181 812 2253 respondeant
855 2199 1032 2238 omnes
1067 2195 1085 2234 :
1121 2182 1318 2247 Amen,
1372 2190 1422 2235 et
1470 2182 1578 2251 ipse
1614 2180 1775 2235 oblat.

197 2272 453 2339 offerant.
791 2328 801 2341 ,
1200 2338 1203 2341 _

579 2380 729 2422 ιιεεΑ
768 2381 947 2422 EODEI
986 2381 1074 2420 DIE
1113 2380 1213 2420 Ριιο
1250 2380 1396 2421 IPSIS.

260 2457 624 2527 Omnipotens
670 2460 997 2528 sempiternc
1027 2458 1188 2523 Deus,
1217 2458 1310 2527 qui
1358 2465 1564 2513 arctam
1593 2464 1648 2511 et
1680 2471 1777 2510 an-

186 2561 416 2620 gustant
444 2567 583 2604 VIam
601 2532 811 2618 iussisti
836 2551 1101 2620 arripere,
1132 2550 1361 2605 famulas
1385 2561 1504 2603 tuas
1528 2548 1594 2602 de
1620 2546 1775 2615 huius

185 2644 363 2699 seculi
396 2644 646 2713 periculis
666 2645 734 2698 “ad
765 2651 817 2697 te
840 2642 1217 2713 confugientes
1246 2642 1517 2712 propicius
1537 2639 1774 2710 suscipe,

186 2742 242 2787 et
263 2734 593 2788 delictorum
619 2749 854 2804 poenam,
879 2748 983 2803 qua
1012 2748 1071 2788 se
1097 2733 1372 2788 districtas
1395 2731 1637 2787 sentiunt
1656 2744 1778 2785 esse

183 2826 273 2895 pie
295 2826 593 2895 disrumpe,
616 2825 1073 2896 perseverantiam
1106 2825 1230 2881 boui
1256 2823 1438 2896 aperis
1466 2832 1522 2879 et
1544 2823 1769 2894 praemia

190 2928 458 2991 perpetua
486 2919 702 2992 largire.
725 2919 848 2974 Per.

831 3010 1009 3082 Pra'fa
1037 3014 1108 3066 io.

261 3106 382 3159 Ἣ).
440 3122 601 3175 usque
638 3114 840 3161 atterite
892 3074 1033 3161 Delta
1085 3116 1232 3160 tuam
1275 3106 1632 3175 deprecamur
1665 3102 1775 3158 cle-
1800 3074 1850 3139 ο

190 3197 478 3261 incutiam,
512 3206 569 3251 ut
596 3197 824 3253 famulas
849 3207 987 3263 tuas,
1015 3214 1155 3268 quas
1178 3197 1436 3253 hodierna
1457 3197 1547 3252 die
1571 3213 1600 3251 a
1625 3212 1779 3251 mun-

192 3287 328 3341 diali
360 3289 686 3359 contagione
714 3289 1028 3344 abstrahere
1058 3298 1113 3342 et
1141 3290 1206 3341 ad
1232 3288 1543 3343 monasticae
1563 3287 1776 3357 religio-

192 3381 280 3435 nis
310 3378 703 3449 professionem
734 3396 930 3437 vocare
959 3381 1214 3450 dignatus
1241 3395 1320 3446 es,
1351 3388 1623 3449 protegas,
1664 3379 1779 3448 qui-

191 3472 296 3525 bus
321 3471 532 3527 donasti
554 3472 707 3526 bonae
730 3472 1022 3527 voluntatis
1047 3470 1353 3533 exordium,
1379 3470 1588 3523 tribuas
1617 3477 1799 3522 rectae-

190 3561 527 3629 operationis
568 3564 1051 3631 perseverantiam,
1083 3570 1136 3617 et
1166 3560 1512 3632 sempiternm
1546 3559 1778 3615 beatitu-

192 3650 340 3703 dinis
367 3650 669 3718 prmmium.
703 3651 825 3708 Per.

330 3808 339 3813 ᾗ
671 3768 675 3775 ε
786 3743 870 3796 At!
897 3742 1174 3798 Commun.

266 3830 392 3886 Haec
415 3845 514 3887 nos
537 3847 846 3902 quasmnus
870 3834 1095 3888 Domine
1118 3833 1284 3887 divini
1302 3833 1633 3888 sacramenti
1650 3844 1776 3902 'pcr-

188 3923 369 3992 ceptio
398 3937 430 3977 a
455 3924 657 3978 nostris
682 3922 938 3978 emundet
967 3922 1188 3979 oﬂ'ensis
1208 3965 1223 3986 ,
1255 3932 1309 3978 et
1341 3924 1568 3979 famulas
1595 3930 1715 3977 tuas
1744 3936 1774 3978 a

192 4012 487 4068 mundanis
514 4012 899 4083 pravitatibus,
928 4023 983 4069 et
1011 4014 1254 4069 omnium
1282 4014 1605 4067 tutnnltuuta
1650 4029 1776 4069 car-

191 4101 395 4159 nalium
425 4107 875 4162 delectationibus
903 4106 1199 4162 clementer
1231 4118 1408 4160 cruat.
1454 4107 1577 4161 Per.

262 4194 406 4247 Alia.
443 4194 698 4251 Famulas
730 4205 848 4250 tuas
895 4196 1118 4251 Domine
1170 4210 1478 4266 quaesumus
1529 4195 1776 4249 custodia

190 4294 299 4340 tua!
339 4287 556 4356 pietatis
588 4289 807 4344 mundet
840 4296 896 4343 et
932 4287 1160 4351 muniat,
1200 4296 1259 4340 ut
1293 4286 1619 4357 virginitatis
1648 4302 1774 4340 san-

189 4382 295 4429 cta:
328 4376 682 4443 propositum,
714 4377 857 4446 quod
887 4385 1065 4432 mente
1095 4385 1469 4445 susceperunt,
1504 4385 1555 4431 te
1589 4384 1774 4445 prote-

191 4475 352 4536 gente
381 4466 605 4522 illaesum
630 4468 937 4523 custodiant
966 4468 1020 4523 in
1047 4478 1331 4523 (eternium.
1364 4468 1464 4521 Per

230 4554 406 4610 “Alia.
433 4556 684 4615 Famulas
707 4567 825 4614 tuas
849 4573 1155 4628 quaesumus
1184 4558 1408 4613 Domine
1433 4568 1523 4612 tua
1550 4558 1772 4613 dextera

196 4644 504 4712 benedicat,
532 4655 587 4702 et
614 4646 971 4719 inculpabiles
998 4649 1065 4703 ad
1094 4649 1262 4703 vitam
1280 4656 1549 4703 aeternam
1577 4648 1773 4718 perdu-

196 4745 306 4790 cat.
340 4734 466 4791 Per.
748 4787 751 4791 ,
949 4755 952 4759 ’
1266 4776 1271 4782 ι

618 4824 993 4883 OBDlNATlO
1029 4825 1339 4881 ABBATIS.

663 4938 746 4993 Ea:
785 4936 999 4994 Canone
1031 4938 1307 4993 Theodori.

404 5029 516 5103 (Ea:
540 5033 657 5101 eod.
701 5031 861 5087 Vind.
893 5032 991 5085 ’l'h.
1020 5031 1147 5095 559,
1169 5048 1288 5085 sarc.
1320 5048 1351 5086 ι
1384 5028 1457 5083 uel
1489 5047 1566 5087 XI.

267 5122 331 5177 In
374 5124 705 5179 ordinatione
739 5122 949 5178 abbatis,
973 5122 1118 5177 debet
1147 5123 1661 5192 episcopusmissam
1688 5142 1773 5180 ce-

203 5214 415 5279 lebrare,
447 5222 495 5267 et
521 5230 636 5268 eum
668 5213 966 5269 benedicere
992 5213 1242 5268 inclinato
1268 5214 1435 5283 capite
1476 5230 1604 5271 cum
1641 5217 1779 5272 duo-

203 5303 290 5356 bus
316 5301 396 5356 vel
419 5301 579 5357 tribus
598 5302 666 5357 de
687 5301 942 5371 fratribus
966 5303 1097 5367 suis,
1137 5310 1183 5355 et
1240 5306 1327 5357 dat
1357 5300 1405 5355 ei
1432 5300 1685 5360 baculum
1722 5317 1770 5361 et

1863 454 2015 499 'orat.
2043 444 2324 498 annuntiat
2368 443 2640 513 episcopus
2670 440 2724 494 in
2747 438 3014 510 populum,
3052 438 3233 492 dicens
3260 437 3475 495 allatum,

1882 538 2097 591 tionem.
3336 580 3339 583 .
3472 592 3477 601 ι

1951 628 2205 685 Ecclesiae
2248 637 2448 685 nostra:
2493 628 2690 683 fratres
2726 626 2860 692 iuni,
2893 633 3057 696 pater
3072 624 3279 679 electus
3302 639 3462 678 suum

1881 719 2032 775 adest
2081 718 2329 774 ordinem
2381 719 2448 774 ad
2502 717 2922 789 suscipiendum.
2973 714 3127 771 Unde
3167 714 3462 785 apostolica

1880 814 2032 885 prius
2102 829 2226 869 cum
2287 828 2576 881 censemus
2630 814 2954 869 auctoritate
3005 808 3481 874 examinandum,-

1880 921 2036 963 suum
2087 906 2443 976 propositum,
2493 914 2552 961 et
2598 904 2772 961 sancti
2822 903 3098 959 Benedicti
3144 900 3386 972 regulam
3413 901 3461 954 si

1881 994 2010 1050 veiit
2054 996 2168 1066 ipse
2205 996 2521 1063 observare,
2552 996 2766 1068 sibique
2812 997 3105 1064 subjectos,
3143 1001 3203 1048 ut
3225 992 3463 1062 idipsum

1880 1085 2107 1151 faciant,
2150 1085 2439 1156 diligenter
2487 1087 2781 1153 instruere,
2826 1102 2915 1143 res
2959 1098 3177 1156 quoque
3216 1081 3464 1153 ecclesiae

1881 1176 2081 1247 ubique
2106 1176 2348 1233 locorum
2377 1177 2642 1234 hactenus
2662 1178 2934 1248 dispersas
2957 1176 3175 1246 injuste,
3202 1183 3463 1247 quantum

1880 1266 2138 1339 prteyalet
2184 1281 2541 1339 congregare,
2588 1283 2792 1339 easque
2840 1269 2895 1323 in
2948 1282 3078 1322 usus
3119 1266 3366 1321 ecclesiae
3408 1273 3471 1319 et

1882 1356 2110 1412 fratrum
2159 1373 2462 1429 pauperum
2510 1361 2701 1427 etiam,
2742 1370 2800 1416 et
2833 1362 3241 1431 peregrinorum
3271 1362 3464 1416 obser-

1880 1458 2031 1517 vare,
2062 1450 2251 1522 sicque
2297 1452 2521 1524 dignum
2567 1467 2707 1521 esse,
2760 1454 2828 1509 ad
2877 1453 3124 1509 ordinem
3180 1452 3461 1509 accedere.

1883 1543 1965 1601 Eo
2001 1556 2177 1601 autent
2203 1549 2482 1618 profitente
2509 1564 2606 1617 pro
2628 1547 2823 1602 viribus
2861 1548 2973 1602 ha'e
3006 1547 3314 1617 adimplere,
3340 1561 3477 1616 pro»

1882 1644 2080 1689 stcrnat
2105 1652 2158 1690 se
2182 1637 2455 1706 episcopus
2491 1648 2611 1692 ante
2646 1637 2836 1701 altare,
2875 1647 2924 1691 et
2945 1635 3105 1690 abbas
3127 1637 3293 1690 sacris
3317 1634 3478 1690 uestio!

1806 1730 1852 1789 Β
1881 1726 1973 1779 bus
1997 1726 2229 1779 indutus.
2256 1725 2415 1782 Fiant
2432 1729 2504 1783 ibi
2521 1727 2748 1783 (uenite.
2771 1726 3042 1798 Sequitur.
3070 1726 3233 1780 Pater
3255 1735 3459 1781 uoster.

1890 1815 2096 1869 Preces.
3070 1860 3073 1865 .

1883 1905 2104 1961 Salvum
2148 1905 2231 1961 fac
2272 1919 2490 1961 servum
2533 1921 2682 1961 .uurn
2711 1906 2957 1961 Domine.
2990 1912 3133 1960 Deus
3161 1918 3313 1960 meus
3338 1916 3480 1974 spe»

1952 2006 2161 2051 rantent
2196 1996 2249 2051 in
2274 2006 2348 2052 te.

1880 2086 2140 2143 Dominus
2169 2096 2456 2143 conservet
2481 2102 2605 2143 eum
2632 2095 2688 2143 et
2715 2088 2952 2143 vivitlcet
2978 2100 3121 2141 eum.
3150 2087 3213 2141 Et
3242 2094 3464 2144 beatum

1951 2176 2135 2232 faciat.

1876 2268 2138 2327 Dominus
2167 2269 2442 2326 custodiat
2481 2270 2761 2326 introitum
2794 2281 2941 2326 tuum
2971 2279 3026 2327 et
3053 2272 3258 2327 exitum
3291 2279 3459 2326 tuum.

1949 2362 2027 2416 Ex
2060 2361 2164 2417 hoc
2193 2377 2358 2419 nunc.

1880 2454 2141 2510 Dominus
2186 2455 2458 2510 custodiat
2506 2462 2560 2511 te
2604 2455 2671 2511 ab
2725 2455 2871 2510 omni
2923 2454 3086 2510 malo.

1954 2544 2217 2597 annnann

1877 2630 2055 2686 Mittat
2087 2633 2179 2687 tibi
2204 2632 2465 2687 auxilium
2496 2634 2560 2688 de
2598 2643 2809 2691 sancto.
2876 2634 2941 2689 Et
2967 2634 3034 2688 de
3064 2632 3193 2689 Sion
3224 2642 3458 2689 tueatur.
3512 2676 3520 2682 .

1876 2723 2019 2781 Nibil
2055 2724 2305 2795 proficiat
2337 2727 2590 2783 inimicus
2619 2729 2672 2783 in
2703 2743 2787 2784 eo.
2864 2729 2931 2784 Et
2962 2728 3106 2783 [ilius
3134 2727 3460 2796 iniquitatis,

1875 2814 2004 2870 Esto
2027 2815 2102 2869 illi
2132 2816 2354 2870 Domine
2382 2817 2550 2871 turris
2571 2817 2920 2872 fortitudinis.
2998 2817 3044 2872 A
3067 2816 3204 2871 facie
3232 2816 3456 2871 inimici.

3178 2455 3461 2510 Custodtat

1759 2940 1763 2944 ›
1796 2950 1799 2955 .
1876 2906 2092 2977 Exurge
2121 2907 2349 2962 Domine
2376 2908 2574 2979 adjuva
2601 2923 2749 2964 eum.
2824 2909 2892 2964 Et
2924 2909 3129 2964 redime
3154 2924 3298 2962 eum.
3388 2926 3389 2929 ‘

1878 2998 2103 3054 Domine
2134 3000 2331 3055 exaudi
2364 3001 2666 3057 orationem
2710 3018 2908 3058 meam.
2947 3002 3012 3056 Et
3043 3001 3250 3056 clamor
3279 3017 3450 3056 meus.

2437 3111 2690 3185 Sequitur
2718 3116 2904 3170 oratio.

1948 3202 2191 3258 Concede
2230 3219 2542 3274 qumsumus
2568 3207 2910 3275 omnipotens
2942 3206 3083 3261 Deus
3111 3206 3327 3262 aﬂ‘ectui
3359 3220 3479 3262 ηιμ·

1877 3300 1991 3347 stro
2017 3301 2123 3349 tum
2143 3296 2517 3351 miserationis
2541 3296 2817 3361 effectum,
2847 3307 2901 3352 et
2928 3297 3184 3352 famulum
3217 3308 3365 3352 tuum
3393 3299 3458 3352 Ν.

1875 3397 2036 3451 quem
2076 3384 2141 3437 ad
2189 3384 2429 3455 regimen
2472 3385 2772 3440 animarum
2822 3386 3087 3460 eligimus,
3128 3389 3314 3459 gratiae
3356 3399 3460 3443 tua:

1876 3474 2387 3543 detto_orosequere,
2416 3481 2474 3529 ut
2501 3483 2551 3530 te
2580 3476 2842 3548 largiente
2862 3494 2986 3533 cum
3012 3478 3122 3548 ipsa
3154 3478 3248 3535 tibi
3273 3482 3481 3534 nostra'

1875 3566 2138 3622 electione
2171 3566 2505 3637 placeamus.
2548 3566 2670 3624 Per.
3056 3550 3061 3553 ’

2254 3655 2297 3710 Τ
2300 3674 2401 3712 unc
2430 3657 2513 3712 det
2541 3659 2588 3712 ei
2620 3659 2851 3728 regulam
2877 3660 3074 3714 dicens.

1938 3750 2139 3821 Accipe
2164 3750 2406 3822 regulam
2430 3766 2459 3805 a
2487 3752 2698 3807 sanctis
2716 3751 2967 3808 Patribus
2990 3752 3150 3809 nobis
3178 3756 3450 3822 traditam,
3474 3762 3479 3769 '

1876 3841 1942 3896 ad
1979 3841 2294 3910 regendum,
2345 3841 2867 3913 custodiendamque
2904 3845 3120 3914 gregem
3159 3846 3253 3901 tibi
3284 3861 3312 3901 a
3345 3845 3458 3901 Deo

1876 3933 2164 3995 creditum,
2214 3942 2478 4001 quantum
2522 3934 2663 3989 Deus
2701 3935 2817 4004 ipse
2860 3944 2913 3990 te
2941 3934 3349 4004 confortarerit,
3392 3942 3477 3993 ac.‘

1879 4024 2141 4097 fragilitas
2168 4026 2399 4080 humana
2427 4027 2755 4096 permiserit.
2782 4027 2905 4084 Per.

2252 4139 2396 4196 Tunc
2424 4142 2507 4196 det
2535 4142 2582 4196 ei
2610 4144 2855 4199 baculum
2882 4146 3103 4204 dicens-

1944 4232 2143 4301 Accipe
2160 4231 2411 4287 baculum
2437 4235 2792 4303 pastoralem,
2817 4220 2976 4305 quem
3001 4236 3256 4307 prmferas
3278 4247 3455 4295 cater-

1878 4338 1957 4377 vat:
1991 4323 2085 4375 tibi
2119 4322 2423 4376 commissa:
2454 4323 2520 4379 ad
2550 4324 2858 4401 exemplum
2887 4325 3045 4401 iusta:
3070 4329 3377 4386 severitatis
3402 4337 3487 4384 et,

1804 4442 1852 4502 υ
1879 4410 2256 4481 correptionis,

2416 4522 2914 4581 CONSECltATlO.
2934 4577 2943 4581 -

1991 4656 2199 4707 QUANDO
2234 4656 2397 4697 ABBAS
2437 4654 2536 4694 νει,
2573 4654 2859 4696 ABBATISSA
2896 4656 3241 4702 οιιωδωτωι
3279 4661 3361 4700 [Ne

2489 4745 2831 4789 IONASTERIO

1981 4846 2311 4903 Cunctorum
2354 4847 2626 4901 bonorum
2657 4861 2887 4917 operum
2924 4847 3219 4911 institutor,
3252 4855 3358 4901 etc.

1881 4938 2025 4993 Tunc
2055 4943 2287 5010 imponat
2311 4939 2359 4990 ei
2389 4954 2606 4991 manum
2635 4924 2791 5004 super
2814 4949 2966 5008 caput
2992 4938 3172 4991 dicens
3192 4938 3325 4989 hanc
3344 4952 3470 4988 ora-

1875 5031 2067 5089 tionem
2120 5034 2176 5087 in
2220 5028 2432 5084 modum
2488 5024 2836 5099 Prwfationis
2879 5027 3052 5100 (228).
3104 5026 3468 5094 Omnipotens

1876 5128 2207 5194 sempiternc
2236 5121 2380 5176 Deus
2400 5118 2715 5177 afﬂuentem
2739 5120 3017 5190 spiritum,
3045 5124 3158 5172 etc.
3190 5120 3332 5173 Deus
3353 5129 3503 5175 orn-7

1876 5216 2029 5275 nium
2052 5218 2284 5275 ﬁdelium
2307 5222 2499 5283 pastor
2520 5220 2574 5266 et
2598 5226 2800 5275 rector,
2826 5209 3083 5265 famulum
3110 5216 3281 5269 tuum,
3309 5222 3476 5274 quem

1876 5310 2122 5370 ecclesia:
2154 5318 2259 5364 tum
2288 5319 2525 5379 praeesse
2565 5306 2786 5362 voluisti
2824 5300 3085 5373 propitius
3128 5301 3369 5371 respice;
3406 5298 3478 5352 da
