3962 5386
407 319 413 328 .
487 276 638 333 illi

1319 275 1609 331 APPEND.
1649 275 1737 330 Al)
1775 275 1946 330 SAEC.
1993 276 2057 330 Χ.
2095 306 2164 319 --
2199 277 2630 334 MONUMENTA
2669 277 2940 335 LITUBG.

3648 268 3767 324 illi

506 393 558 447 ei
579 403 908 462 q-ttresnrnus,
940 389 1104 443 verbo
1132 397 1186 442 et
1210 389 1474 458 exemplo.
1505 388 1697 457 quibus
1722 397 1937 457 praeest,
1959 403 2084 456 pro—
2111 395 2160 455 Α
2188 390 2332 445 mine
2379 391 2579 446 famulo
2620 391 2842 457 abbati,
2874 399 2932 446 ut
2973 385 3316 461 praedicando
3343 392 3400 440 et
3427 395 3765 449 exercendo,

509 485 693 546 licere,
729 489 788 536 ut
826 480 898 536 ad
944 480 1111 536 vitam
1154 494 1385 535 unacum
1429 495 1592 552 grege
1638 481 1740 538 sibi
1790 481 2084 536 commisso

507 558 790 645 perveniat
821 572 1225 642 sempiternam.
1258 571 1381 627 Per.

928 665 1112 720 Oratio
1152 666 1343 736 adepta
1383 665 1660 736 dignitate.

575 758 823 815 Omnium
879 757 999 814 fons
1046 759 1268 814 Domine
1313 757 1580 814 bonorum
1633 766 1744 813 etc.
1803 756 1949 812 Deus
1997 757 2086 812 cui

505 852 682 908 omnis
730 859 977 920 potestas
1013 858 1123 906 etc.
1176 848 1427 919 Sequitur
1467 849 1546 904 Te
1585 847 1754 902 Deum
1800 847 2088 902 laudamus

503 943 698 1016 populo
737 943 1065 998 acclamante
1109 940 1272 1018 Kyrie
1310 940 1536 996 eleison.
1572 938 1764 993 Postea
1804 938 1930 992 dicit
1961 953 2086 991 ora-

508 1040 704 1094 tionem
728 1053 744 1092 :
776 1037 918 1092 Deus
945 1043 1149 1091 aeterne
1188 1034 1325 1089 lucis
1348 1034 1622 1098 inventor,
1642 1029 2088 1100 omnipotentiam

507 1141 656 1182 suam
690 1128 916 1200 supplici
947 1141 1108 1198 prece
1135 1125 1478 1196 deposcimus
1502 1165 1517 1189 ,
1549 1133 1606 1178 ut
1636 1122 1892 1177 famulum
1939 1130 2086 1176 tuum

506 1219 575 1274 N.
622 1234 783 1288 quem
829 1220 896 1273 ad
939 1218 1180 1288 regimen
1230 1217 1535 1272 animarum
1580 1213 1861 1283 eligimus,
1904 1211 2090 1282 gratiae

514 1323 622 1368 tua:
650 1312 794 1366 dono
824 1311 1200 1381 prosequaris,
1231 1317 1290 1364 ut
1322 1317 1374 1365 te
1405 1307 1667 1378 largieate
1691 1319 1814 1360 cum
1845 1303 1960 1372 ipsa
1995 1302 2087 1357 tibi

505 1411 692 1457 nostra
735 1401 996 1456 electione
1037 1400 1363 1470 placeamus.
1414 1396 1520 1452 Per
1563 1393 1895 1466 unigenitum
1941 1401 2088 1446 tuum

505 1493 643 1548 Dum
689 1508 808 1546 nrm
857 1491 970 1546 Ihm
1016 1491 1188 1560 Xpm,
1235 1505 1358 1550 cum
1402 1503 1512 1558 quo
1553 1495 1609 1543 et
1651 1485 1854 1556 Spiritu
1899 1491 2089 1538 sancto

507 1598 649 1638 unus
696 1591 753 1636 et
800 1597 960 1637 verus
1002 1598 1060 1637 es
1110 1582 1284 1646 Deus,
1338 1580 1431 1650 qui
1478 1578 1612 1632 vivis
1655 1587 1711 1631 et
1755 1589 1947 1646 regnas
1990 1588 2086 1644 per

505 1674 688 1728 omnia
717 1672 934 1728 saecula.

1026 1777 1176 1818 IlSSA
1216 1777 1316 1817 PRO
1349 1775 1574 1816 ΛΒΒΑΤΕ.

576 1851 857 1908 Proteclor
886 1861 1070 1907 noster
1096 1852 1276 1921 aspice
1317 1854 1480 1907 Deus.
1527 1848 1621 1905 Ps.
1665 1847 1838 1916 Quom
1885 1847 2081 1902 dilecta

505 1944 870 2000 tabernacula.
917 1944 1080 2000 Missa
1123 1945 1288 2016 (229).
1333 1944 1580 2000 Concede
1623 1956 1930 2012 qutesumus
1976 1939 2082 1994 Do-

2189 498 2309 550 qua:
2353 492 2498 538 recta
2535 491 2661 538 sunt
2697 483 2944 552 exemplo
2982 483 3248 537 bonorum
3295 491 3526 548 operum
3569 475 3772 530 animos

2189 585 2411 624 suorum
2454 571 2688 625 instruat
2717 570 3054 625 subditorum
3078 608 3092 633 ,
3127 577 3344 622 :eternze
3383 564 3773 618 remuneratio-

2189 661 2275 716 nis
2305 662 2608 717 mercedem
2639 676 2668 714 a
2700 669 2753 716 te
2778 659 3025 730 piissimo
3053 665 3272 728 pastore
3319 654 3610 726 percipiat.
3659 651 3770 705 Per.

2259 750 2492 808 Secreta.
2542 751 2762 806 Munera
2810 764 3122 821 quaasumus
3168 755 3350 802 nostra
3396 745 3634 798 Donttne
3682 757 3767 795 su-

2189 843 2334 914 scipe
2364 843 2642 913 placatus,
2667 851 2721 897 et
2748 841 3005 897 famulum
3044 849 3193 895 tuum
3231 837 3295 892 N.
3334 849 3554 904 semper
3577 834 3775 902 ubique

2187 935 2616 991 misericorditer
2643 943 2884 1006 protege.
2914 931 3039 987 Per.

2262 1025 2676 1080 Benedictiones.
2710 1022 3003 1079 Benedicat
3035 1031 3088 1078 te
3115 1021 3254 1078 Deus
3283 1019 3405 1074 cteli
3429 1061 3441 1085 ,
3479 1016 3704 1085 adjuvet
3729 1024 3776 1069 te

2188 1115 2440 1171 Christus
2484 1113 2655 1171 Filius
2684 1113 2814 1179 Dei,
2859 1127 3059 1183 corpus
3103 1119 3252 1165 tuum
3301 1110 3354 1164 in
3404 1107 3638 1163 servitio
3683 1119 3777 1158 suo

2189 1209 2464 1264 custodire
2507 1216 2562 1262 et
2603 1219 2931 1261 conservare
2973 1204 3248 1274 dignetur.
3295 1202 3493 1256 Amen.
3541 1197 3776 1252 Mentem

2192 1309 2338 1354 tuam
2388 1298 2686 1364 illuminet,
2739 1313 2960 1354 sensum
3006 1307 3154 1352 tuum
3197 1293 3498 1357 custodiat,
3542 1290 3776 1360 gratiam

2191 1407 2344 1447 suam
2375 1391 2442 1446 ad
2471 1388 2774 1461 profectum
2803 1390 2997 1445 anima:
3031 1397 3136 1443 tua:
3164 1387 3256 1442 tibi
3284 1385 3551 1457 porrigat.
3580 1381 3774 1435 Amen.

2187 1481 2270 1536 Ab
2297 1480 2444 1536 omni
2472 1481 2615 1536 malo
2646 1490 2698 1536 te
2727 1480 2957 1546 liberet,
2987 1479 3209 1536 dextera
3251 1492 3349 1532 sua
3391 1473 3683 1537 defendat,
3727 1481 3780 1526 et

2192 1571 2284 1641 qui
2329 1571 2562 1626 Sanctos
2609 1585 2736 1626 suos
2761 1585 2975 1640 semper
3003 1568 3256 1639 adjuvat,
3289 1567 3402 1636 ipse
3438 1575 3490 1620 te
3521 1561 3768 1632 adjuvet,

2193 1671 2250 1718 et
2279 1661 2347 1716 ad
2376 1661 2621 1718 coalestia
2649 1675 2815 1732 regna
2842 1661 3124 1731 perducat.
3156 1658 3350 1712 Amen.

2723 1750 2804 1804 Ad
2844 1749 3240 1819 Complendum.

2261 1845 2386 1900 Haec
2419 1859 2518 1900 nos
2545 1843 2770 1900 Domine
2802 1841 3113 1898 communio
3140 1846 3334 1912 purget
3362 1851 3393 1890 a
3424 1834 3659 1890 crimine
3677 1871 3692 1896 ,
3719 1841 3774 1885 et

2199 1937 2460 1993 famulum
2495 1947 2643 1992 tuum
2676 1936 2910 2007 benigna
2936 1935 3136 2005 pietate
3161 1936 3469 1988 conservet.
3501 1925 3630 1980 Per.

518 2110 3774 2160 __________________________,___._______—

1101 2306 1434 2405 ORDO
1504 2307 1652 2396 AD
1730 2301 2127 2394 REGEM
2206 2298 3200 2390 BENEDICENDUM.

535 2715 543 2724 ·
576 2693 822 2752 INCIPIT
850 2692 1038 2752 ΟΒυο
1066 2693 1158 2750 AD
1183 2693 1420 2751 REGEM
1447 2691 2006 2755 BENEDICENDUM,
2107 2649 2152 2712 Ο
2185 2686 2494 2742 orationem.
2525 2683 2878 2752 Omnipotens
2905 2681 3234 2752 sempiterne
3285 2681 3430 2738 Deus
3465 2680 3771 2738 caelestium

800 2802 968 2843 Νοτυε
1023 2805 1052 2842 Α
1105 2802 1276 2842 ειεκο
1327 2803 1396 2842 ΕΤ
1451 2801 1651 2841 POPULO
1707 2798 2045 2841 SUBLIMATUR

1135 2874 1187 2912 IN
1217 2872 1452 2912 REGNUI.

567 2951 668 3010 (Ex
694 2953 815 3007 eod.
841 2951 1142 3006 Vindobon.
1167 2950 1330 3006 theol.
1353 2950 1480 3004 277.
1509 2963 1636 3004 saec.
1668 2963 1743 3002 ιιι
1766 2947 1849 3002 vel
1875 2945 2020 3015 stu.)

575 3039 759 3095 Primo
797 3051 1015 3095 exeunte
1058 3040 1148 3094 illo
1184 3042 1248 3094 de
1282 3039 1513 3093 thalamo
1553 3054 1690 3092 unus
1722 3037 2081 3105 episcoporum

509 3136 742 3203 imponat
777 3133 1101 3191 orationem.
1128 3131 1483 3200 Omnipotens
1531 3129 1859 3199 sempiterne
1904 3127 2080 3192 Deus,

507 3228 599 3295 qui
647 3224 905 3283 famulum
953 3233 1103 3280 tuttm
1146 3225 1294 3296 regni
1339 3222 1556 3294 fastigio
1601 3223 1852 3293 dignatus
1893 3236 1952 3276 es
1994 3237 2085 3277 su-

504 3317 774 3383 blimare;
824 3316 1002 3371 tribue
1044 3331 1356 3386 quaesumus
1397 3315 1484 3381 ei,
1528 3321 1587 3370 ut
1617 3315 1669 3369 in
1699 3313 1859 3383 hujus
1897 3313 2080 3368 saeculi

511 3421 674 3462 cursu
719 3415 1038 3461 cunctorum
1088 3406 1142 3462 in
1190 3403 1753 3462 communesalutem
1800 3403 2081 3473 disponat,

505 3503 776 3570 quatenus
801 3511 831 3548 a
861 3502 965 3550 tu:e
995 3494 1238 3552 veritatis
1267 3495 1485 3550 tramite
1516 3511 1624 3550 non
1653 3494 1888 3550 recedat.
1919 3493 2044 3550 Per.

581 3584 773 3639 Postea
799 3587 1086 3656 suscipiant
1112 3586 1259 3640 illum
1287 3586 1391 3641 duo
1416 3588 1641 3659 episwpi
1665 3589 1850 3642 dextra
1875 3586 2086 3656 levaque

509 3677 626 3745 ejus
664 3676 953 3745 honoriﬁce
990 3679 1164 3748 parati
1198 3678 1442 3733 habentes
1482 3677 1795 3734 Sanctorum
1833 3678 2080 3748 reliquias

507 3766 644 3824 collo
681 3769 960 3838 pendentes
988 3810 1003 3835 ,
1041 3771 1215 3825 creteri
1247 3781 1421 3830 autem
1455 3771 1753 3842 pltapltones
1790 3771 1940 3843 (πο)
1977 3773 2084 3827 sint

505 3858 702 3916 casulis
727 3861 974 3918 adornati
996 3863 1317 3932 pra’cedentc
1339 3871 1520 3918 sancto
1549 3864 1812 3934 evangelio
1836 3904 1852 3930 ,
1881 3875 1927 3918 et
1954 3867 2088 3920 dua-

506 3953 601 4010 bus
628 3952 866 4013 crucibus
893 3969 1011 4007 cum
1039 3952 1247 4006 incenso
1275 3955 1393 4008 boni
1421 3955 1597 4008 odoris
1618 3955 1813 4009 ducant
1841 3955 1992 4010 illum
2016 3957 2085 4010 ad

505 4042 782 4097 ecclesiam
807 4052 1049 4097 canentes
1075 4043 1414 4114 antiphonant
1441 4045 1597 4099 istaut
1621 4046 1742 4100 altis
1768 4045 2085 4100 clamoribus

511 4131 651 4186 Ecce
693 4133 849 4186 mitto
889 4131 1172 4202 Angelum.
1215 4130 1348 4189 Cum
1391 4151 1571 4198 versu,
1603 4134 1766 4191 Israel
1809 4131 1969 4190 sime
1995 4151 2088 4190 au-

506 4223 694 4278 dieris.
727 4223 808 4276 Ad
838 4225 1028 4278 ostium
1056 4224 1288 4279 ecclesia:
1325 4225 1495 4280 clerus
1522 4227 1800 4301 subsigat,
1831 4237 1879 4281 et
1921 4228 2090 4281 archi-

505 4313 782 4389 episcOptts
810 4315 1043 4384 imponat
1073 4315 1365 4370 orationem
1390 4315 1802 4387 subsequentem.
1829 4319 1970 4373 Deus
1994 4319 2086 4387 qui

508 4405 616 4460 scis
645 4420 813 4478 genus
841 4406 1135 4462 humanum
1169 4408 1312 4463 nulla
1339 4409 1537 4464 virtute
1567 4425 1726 4481 posse
1755 4411 2086 4478 subsistere,

512 4499 749 4554 concede
795 4500 1095 4570 propitius,
1143 4509 1202 4555 ut
1249 4500 1481 4556 famulus
1521 4510 1682 4568 tuus,
1708 4507 1868 4573 quem
1896 4503 2088 4573 pepqu

516 4600 608 4644 tuo
655 4590 873 4645 voluisti
921 4591 1184 4659 preferri,
1234 4592 1305 4647 ita
1337 4601 1428 4647 tuo
1489 4591 1746 4648 fulciatur
1811 4591 2088 4661 adjutorio

511 4687 782 4747 quatenus
826 4682 1020 4750 quibus
1060 4683 1237 4752 potuit
1276 4697 1544 4752 praeesse,
1585 4683 1764 4738 valeat
1805 4684 2083 4752 prodesse.

507 4769 840 4822 lntroeuntes
869 4780 1042 4824 autent
1068 4774 1416 4841 praecedentes
1443 4773 1651 4838 clerici,
1683 4774 1958 4827 decantent
1991 4790 2090 4827 an-

509 4858 779 4927 tiphonam
823 4857 1048 4932 Domine
1085 4860 1292 4914 salvum
1334 4861 1419 4918 fac
1457 4875 1658 4932 regem.
1707 4859 1879 4930 Usque
1919 4862 1975 4916 in
2001 4863 2086 4916 in-

509 4947 724 5000 troitum
769 4947 935 5007 chori.
983 4946 1127 5004 Tunc
1163 4949 1431 5019 episcopus
1477 4950 1903 5024 metropolitanus
1947 4951 2094 5014 dicat

537 2803 748 2854 quameo

582 5106 728 5177 (229)
761 5106 1046 5178 Singulare
1071 5117 1154 5163 est
1180 5107 1269 5162 hic
1301 5107 1478 5161 missa:
1507 5122 1702 5164 nomen
1730 5123 1829 5178 pro
1859 5107 2084 5164 collecta

511 5192 605 5230 seu
631 5179 896 5232 oratione.

586 5248 733 5319 {9.50)
781 5250 874 5303 Sic
916 5249 1183 5306 thectisce
1221 5246 1348 5302 olim
1375 5247 1692 5302 dicebantur
1718 5245 1996 5316 Phnplten.
2027 5249 2088 5304 In

515 5317 778 5372 chartae.
811 5334 860 5374 c.
894 5319 1184 5373 vernacula
1213 5317 1540 5373 fundationis
1567 5319 1880 5372 monasterii
1913 5318 2088 5372 Wein-

2189 2778 2638 2847 terrestriumque
2690 2775 3020 2840 moderator,
3070 2775 3160 2844 qui
3216 2772 3482 2828 famulum
3518 2784 3672 2828 tuum
3713 2775 3778 2826 ad

2184 2869 2336 2939 regni
2390 2866 2665 2938 fastigium
2718 2866 2975 2934 dignatus
3032 2878 3092 2919 es
3144 2864 3485 2934 provehere,
3539 2862 3780 2918 concede

2184 2971 2526 3026 quaesumus,
2573 2964 2631 3010 ut
2681 2953 2891 3010 cunctis
2939 2952 3353 3008 adversitatibus
3382 2952 3682 3016 libentes,
3726 2963 3776 3006 et

2183 3044 2569 3100 ecclesiastica:
2622 3041 2772 3112 pacis
2819 3043 2958 3097 dono
3003 3041 3294 3105 muniatur,
3328 3049 3385 3096 et
3431 3041 3500 3096 ad
3549 3050 3765 3096 aeterna

2182 3135 2334 3207 pacis
2365 3134 2558 3204 gaudia
2581 3173 2599 3198 ,
2633 3142 2685 3188 te
2707 3132 2970 3198 donante,
3001 3131 3288 3202 pervenire
3315 3139 3621 3187 mereatur.
3653 3131 3766 3186 Per.

2256 3226 2284 3279 Ι
2291 3226 2340 3280 bi
2367 3235 2542 3281 autem
2573 3233 2694 3278 ante
2719 3223 2938 3276 chorum
2964 3221 3271 3292 designatus
3296 3221 3540 3292 princeps
3563 3220 3773 3288 pallium

2183 3326 2230 3370 et
2259 3331 2411 3370 arma
2437 3315 2698 3384 deponat,
2722 3323 2880 3384 atque
2903 3313 3040 3367 inter
3061 3329 3248 3367 manus
3275 3312 3644 3382 episcoporum
3667 3329 3775 3381 per-

2184 3408 2370 3462 ductus
2408 3407 2463 3460 in
2500 3406 2717 3461 chorum
2754 3419 2916 3475 usque
2955 3404 3025 3457 ad
3071 3401 3262 3458 altaris
3291 3402 3494 3473 gradus
3532 3403 3774 3463 incedat;

2184 3510 2471 3570 cunctaque
2507 3497 2806 3569 pavimento
2843 3495 3104 3566 tapetibus
3141 3503 3192 3549 et
3230 3493 3466 3563 palliolis
3507 3504 3775 3556 contecto,

2185 3591 2256 3646 ibi
2281 3591 2711 3647 ltumilitertotus
2740 3590 2794 3642 in
2817 3604 2970 3642 cruce
2998 3597 3298 3660 prostratus
3317 3587 3501 3656 jaceat
3531 3603 3642 3640 una
3665 3603 3776 3640 cum

2187 3683 2440 3754 episcOpis
2467 3691 2516 3736 et
2541 3679 2856 3752 presbyteris
2885 3679 3008 3733 hinc
3055 3678 3179 3733 inde
3220 3679 3542 3748 prostratis,
3579 3678 3774 3732 caneris

2185 3774 2239 3829 in
2273 3777 2429 3829 choro
2465 3773 2712 3828 letaniam
2751 3771 2971 3826 breuiter
3008 3771 3384 3840 psallentibus,
3427 3770 3482 3822 id
3522 3779 3603 3823 est
3638 3771 3764 3822 duo-

2189 3867 2355 3922 decim
2395 3865 2690 3937 apostolos.
2735 3881 2797 3918 ac
2831 3863 3049 3918 totidem
3083 3872 3371 3933 martyres,
3409 3862 3771 3930 confessam,

2188 3969 2236 4014 et
2274 3958 2514 4030 virgines.
2560 3957 2626 4011 Et
2662 3957 2798 4011 inter
2821 3965 3012 4010 caetera
3037 3954 3310 4025 inferenda
3349 3963 3472 4007 sunt
3497 3955 3636 4016 ista,
3665 3969 3777 4024 qua:

2191 4060 2460 4105 secuntur.
2501 4049 2565 4104 Ut
2601 4047 2767 4104 istum
2797 4045 3060 4101 famulum
3095 4053 3245 4100 tuum
3277 4043 3340 4103 N.
3376 4045 3428 4098 in
3463 4059 3652 4114 regem
3683 4043 3776 4098 eli-

2189 4156 2317 4212 gere
2351 4139 2611 4211 digneris.
2647 4137 2718 4192 Te
2748 4153 2995 4208 rogamus
3030 4137 3161 4191 audi
3197 4153 3314 4190 nos.
3351 4135 3424 4192 Ut
3455 4149 3584 4190 eum
3621 4134 3780 4190 bene-

2191 4233 2372 4288 dicere
2420 4239 2476 4286 et
2524 4229 2820 4286 sublimare
2867 4227 3129 4300 digneris.
3171 4224 3241 4282 Te
3287 4243 3404 4296 rog.
3441 4225 3514 4281 Ut
3550 4241 3677 4280 eum
3713 4225 3775 4280 ad

2192 4321 2404 4393 imperii
2442 4320 2718 4392 fastigium
2758 4318 3056 4390 perducere
3093 4317 3355 4388 digneris.
3397 4314 3468 4370 Te
3506 4332 3776 4384 rogamus.

2197 4412 2450 4469 Sublatus
2496 4422 2669 4464 autem
2718 4410 2956 4480 princeps
2995 4409 3060 4462 ab
3097 4407 3338 4478 episcopo
3375 4406 3778 4474 metropolitano

2190 4503 2286 4556 Itoc
2332 4501 2486 4554 modo
2530 4499 2880 4568 interrogetur
2916 4495 3087 4567 (25f).
3133 4495 3224 4549 Vis
3262 4493 3422 4548 fidem
3459 4500 3711 4548 sanctam
3749 4506 3775 4544 a

2191 4593 2477 4648 catholicis
2527 4591 2660 4644 viris
2711 4589 2807 4644 tibi
2857 4588 3112 4643 traditam
3159 4597 3377 4650 tenere,
3418 4593 3476 4639 et
3521 4583 3775 4653 operibus

2184 4684 2346 4754 jnstis
2402 4682 2713 4737 observare.
2762 4679 2836 4747 ἢ.
2872 4678 3026 4735 Volo.
3088 4677 3178 4732 Vis
3226 4675 3434 4730 sanctis
3487 4674 3768 4737 ecclesiis,

2194 4776 2656 4843 ecclesiarumque
2711 4769 2978 4827 ministris
3032 4778 3178 4824 tutor
3224 4777 3279 4823 et
3325 4765 3587 4822 defensor
3634 4781 3770 4820 esse.

2206 4871 2244 4937 ἢ
2265 4907 2280 4923 .
2309 4867 2462 4924 Volo.
2488 4867 2583 4922 Vis
2615 4880 2841 4934 regnum
2873 4863 2966 4918 tibi
3005 4879 3033 4918 a
3074 4861 3184 4917 Deo
3218 4875 3539 4916 concessum
3581 4875 3768 4914 secun-

2193 4962 2318 5016 dum
2349 4957 2619 5030 justitiam
2654 4964 2866 5027 patrum
2903 4963 3115 5010 tuorum
3158 4966 3345 5023 regere
3369 4960 3429 5006 et
3456 4951 3761 5008 defendere.

2193 5113 2314 5166 dam
2361 5111 2522 5165 veluti
2550 5108 2724 5179 Κρινώ
2759 5109 2987 5181 dicimus
3025 5123 3090 5162 ex
3119 5105 3306 5181 Grgeco
3334 5106 3596 5181 wptauov,
3635 5105 3762 5181 prie-

2193 5195 2299 5258 ster
2334 5173 2729 5258 πρσσρύτῲὸς,
2776 5180 2942 5258 veluti
2984 5186 3109 5232 sunt
3146 5176 3248 5229 alia
3291 5173 3552 5258 voeabula
3593 5173 3758 5228 eccle-

2195 5250 2416 5308 siastica
2469 5250 2670 5306 Graeca:
2726 5250 2954 5318 originis
2981 5287 2996 5314 ,
3037 5262 3155 5318 qua;
3201 5253 3696 5318 argutnento_sunt
3732 5258 3758 5293 a

2195 5323 2392 5382 Crtrcis
2436 5322 2664 5386 primatu
2704 5313 2842 5386 apud
2883 5313 2989 5373 nos
3027 5313 3145 5370 ﬁdei
3189 5313 3489 5370 sementem
3532 5313 3755 5368 factam.
