3962 6326
86 372 229 430 “I3

1049 360 1263 440 I’ORDO
1301 374 1395 430 an
1452 371 1685 429 necem
1716 373 2267 440 BENEDICENDUM.

3214 395 3354 452 illi

100 490 140 556 ἢ
164 531 180 547 .
219 488 374 546 Volo.
414 486 581 553 Volo,
623 496 678 545 et
711 487 764 543 in
800 495 1061 558 quantum
1101 489 1284 544 divino
1316 489 1481 544 fultus
1510 489 1666 544 adin-
1694 496 1747 556 Α
1775 493 2016 549 riﬁcatus
2044 495 2113 549 ad
2142 504 2430 567 paternum
2458 496 2713 554 decenter
2754 498 2948 557 solium
2992 511 3085 558 tua
3124 504 3355 561 misera-

85 584 257 661 torio.
281 596 346 637 ac
394 580 586 637 solatio
634 581 873 636 omnium
914 596 1133 637 suorum
1175 580 1431 647 valuere,
1469 580 1543 636 ita
1581 598 1669 637 me

82 692 187 748 per
221 676 406 732 omnia
446 674 679 730 ﬁdeliter
711 684 959 729 acturum
997 688 1118 728 esse
1155 674 1432 744 promitto.
1473 673 1672 727 Deinde

82 774 199 843 ipse
219 770 447 825 domnus
480 766 922 839 metropolitanus
946 766 1146 837 a/j‘atur
1173 764 1422 837 populum
1451 766 1532 820 his
1564 782 1673 821 ver-

83 863 192 919 bis.
221 861 321 917 Vis
348 860 441 917 tali
473 859 704 932 principi
735 875 800 915 ac
829 858 1029 914 rectori
1060 866 1112 913 te
1141 856 1441 923 subiicere,
1474 857 1670 928 ipsius-

83 969 196 1024 que
247 966 475 1024 regnum
525 950 775 1017 ﬁrmare,
822 950 981 1004 ﬁrma
1030 949 1134 1005 ﬁde
1186 948 1463 1013 stabilire,
1512 958 1674 1019 atque

76 1042 424 1112 jussionibus
474 1041 619 1097 illius
670 1042 1056 1112 obtemperare
1103 1040 1261 1112 juxta
1320 1039 1669 1112 apostolum:

81 1142 270 1196 omnis
317 1140 497 1194 anima
545 1137 904 1211 potestatibus
932 1137 1336 1192 sublimioribus
1363 1134 1574 1192 subdita
1605 1135 1675 1190 sit

82 1232 203 1300 regi
245 1230 400 1301 quasi
443 1229 790 1302 prtecellenti.
838 1229 875 1298 ii
900 1269 912 1282 .
946 1226 1101 1284 Volo.
1147 1222 1294 1284 'I‘unc
1334 1244 1456 1299 ergo
1497 1245 1530 1282 a
1571 1228 1675 1281 cir-

81 1331 384 1377 cumstante
409 1321 547 1376 clero
573 1331 621 1376 et
650 1338 682 1375 a
706 1318 901 1393 populo
932 1320 1250 1375 unanimiter
1278 1319 1509 1373 dicatur.
1530 1317 1670 1373 Fiat.

77 1414 228 1470 Fiet.
257 1414 448 1470 Amen.

163 1504 359 1561 Postea
399 1524 541 1573 vero,
584 1524 645 1562 eo
682 1506 863 1561 devote
894 1506 1146 1561 inclinato
1178 1506 1346 1578 capite
1371 1505 1582 1560 dicatur
1610 1505 1673 1559 ab

77 1617 191 1653 uno
218 1599 478 1671 episcopo.
500 1599 735 1655 Benedic
760 1598 987 1654 Domine
1013 1600 1157 1654 hunc
1186 1613 1363 1669 regem
1395 1606 1638 1653 nostrum
1658 1637 1673 1662 ,

78 1690 179 1762 qui
208 1704 374 1761 regna
404 1689 589 1744 omnia
619 1688 924 1745 moderaris
965 1705 994 1743 a
1038 1688 1268 1751 saeculo,
1312 1698 1367 1744 et
1416 1688 1509 1743 tali
1550 1703 1675 1743 eum

78 1779 466 1835 benedictione
509 1778 782 1851 gloriﬁca,
815 1787 875 1834 ut
904 1778 1177 1835 Davidiea‘
1205 1789 1384 1835 teneat
1428 1777 1673 1835 sublimi-

1776 586 1921 642 tione
1950 589 2317 644 conscendere
2346 599 2639 645 mereatur.
2671 590 2801 648 Tuae
2827 608 2958 665 ergo
3002 597 3359 665 protectionis

1772 682 1924 756 galea
1954 684 2229 750 munitus,
2258 693 2314 740 et
2350 694 2507 740 scuto
2548 685 2899 757 insuperabili
2932 687 3134 760 jugiter
3173 701 3361 761 prote-

1773 786 1914 840 ctus,
1943 777 2218 846 armisque
2242 776 2557 833 caelestibus
2583 778 2979 846 circumdatus,
3000 782 3258 853 optabilis
3277 784 3360 838 vi-

1773 868 1961 925 ctoriae
1990 868 2322 938 triumphum
2350 867 2581 926 feliciter
2602 871 2814 941 capiat,
2844 882 3220 944 terroremque
3248 890 3362 931 suae

1772 959 2030 1032 potentiae
2053 958 2357 1017 infidelibus
2380 960 2577 1016 inferat
2595 972 2651 1017 et
2668 974 2861 1031 pacem
2885 962 2981 1019 tibi
3003 963 3363 1020 militantibus

1774 1054 2026 1110 laetanter
2056 1060 2302 1123 reportet
2328 1066 2424 1123 per
2451 1053 2586 1108 Dnm
2616 1070 2738 1108 nrm
2778 1055 2871 1125 qui
2915 1055 3117 1111 virtute
3159 1066 3365 1112 sanctae

1774 1145 1956 1201 crucis
1988 1153 2191 1201 tartara
2222 1144 2531 1209 destruxit,
2564 1160 2838 1217 regnoque
2865 1146 3069 1203 diaboli
3100 1157 3362 1218 superato

1774 1237 1842 1293 ad
1871 1235 2044 1291 carius
2075 1235 2250 1290 victor
2290 1233 2573 1301 ascendit,
2615 1234 2668 1290 iu
2710 1250 2818 1306 quo
2865 1236 3044 1293 omnis
3085 1244 3358 1306 potestas,

1776 1344 1964 1401 regum
1995 1327 2248 1384 consistit
2285 1326 2515 1382 victoria
2539 1367 2555 1393 ,
2602 1326 2695 1397 qui
2735 1335 2820 1381 est
2864 1326 3037 1398 gloria
3078 1325 3366 1382 humilium

1774 1433 1825 1479 et
1860 1424 1967 1478 vita
1994 1464 2009 1488 ,
2040 1421 2295 1492 salusque
2322 1420 2668 1491 populorum.
2700 1419 2800 1487 Qui
2835 1429 3031 1476 tecum.

1848 1514 2048 1570 Deinde
2099 1514 2165 1568 ab
2220 1513 2385 1568 altero
2438 1513 2682 1584 episcopo
2737 1517 2851 1568 Iure
2905 1513 3119 1567 dicatur
3171 1511 3366 1565 oratio.

1783 1608 1927 1663 Deus
1970 1604 2353 1665 inenarrabilis
2383 1614 2576 1660 auctor
2616 1603 2835 1669 mundi,
2876 1603 3125 1658 conditor
3153 1602 3369 1672 generis

1780 1698 2040 1765 humani,
2089 1697 2423 1771 gubernator
2467 1694 2714 1766 imperii,
2768 1694 3121 1750 conﬁrmatur
3174 1695 3366 1764 regni,

1778 1789 1868 1860 qui
1922 1804 1986 1843 ex
2040 1799 2198 1843 utero
2250 1787 2426 1843 ﬁdelis
2473 1788 2633 1842 amici
2688 1787 2763 1842 tui
2812 1786 3141 1857 patriarchae
3192 1786 3367 1841 nostri

80 1871 221 1926 tatis
250 1879 554 1941 sceptrum,
585 1878 640 1924 et
668 1868 1002 1941 gloriﬁcatus
1032 1869 1085 1924 in
1115 1869 1232 1941 ejus
1257 1868 1506 1941 protinus
1534 1867 1664 1923 rcci-

1784 1882 2007 1937 Abrahze
2053 1879 2377 1952 prmelegisti
2417 1894 2573 1951 reges
2620 1878 2834 1936 saeculis
2885 1876 3199 1947 profuturos
3251 1884 3368 1931 tum

84 1962 278 2032 piatur
319 1961 536 2018 merito.
585 1961 663 2016 Da
713 1960 766 2017 ei
808 1960 1036 2017 Domine
1080 1970 1173 2015 tuo
1212 1960 1508 2030 spiramine
1542 1974 1667 2015 cum

1784 1983 2099 2046 praesentem
2130 1988 2312 2044 regem
2358 1973 2503 2028 hunc
2546 1987 2670 2029 cum
2709 1970 2954 2029 exercitu
2996 1985 3098 2026 suo
3138 1984 3234 2040 per
3277 1969 3365 2023 in-

77 2055 508 2110 mansuetudine
537 2053 612 2110 ita
643 2067 836 2124 regere
862 2052 1120 2124 populum
1151 2052 1294 2108 sicut
1324 2050 1668 2108 Salomonem

80 2148 314 2216 regnum
364 2146 613 2201 obtinere
658 2143 965 2219 paciﬁcum.
1015 2142 1137 2199 Tibi
1182 2158 1396 2214 semper
1440 2158 1563 2199 cum
1606 2143 1672 2197 ti-

80 2256 243 2301 more
268 2239 342 2295 sit
379 2238 665 2302 subditus,
710 2237 917 2308 tibique
959 2236 1154 2292 militet
1193 2251 1317 2291 cum
1357 2235 1556 2306 quiete.
1590 2232 1674 2290 Sit

80 2343 185 2387 tuo
215 2331 407 2404 clypeo
429 2337 708 2402 protectus
737 2344 860 2384 cum
884 2327 1233 2400 proceribus,
1256 2336 1311 2384 et
1340 2327 1539 2397 ubique
1577 2334 1670 2380 tua

80 2423 263 2499 gratia
313 2424 487 2479 victor
521 2421 742 2478 existat.
787 2419 1099 2477 Honoriﬁca
1143 2434 1268 2476 eum
1310 2434 1421 2490 pra:
1461 2417 1675 2475 cunctis

85 2517 309 2588 regibus
336 2515 597 2587 gentium.
628 2511 783 2570 Felix
827 2511 1042 2584 populis
1082 2510 1413 2576 dominetur,
1457 2519 1512 2565 et
1550 2508 1671 2564 feli-

79 2607 227 2663 citer
263 2621 387 2662 eum
427 2606 676 2661 nationes
718 2603 1005 2660 adornent.
1054 2599 1213 2659 Vivat
1253 2600 1397 2657 inter
1428 2599 1672 2672 gentium

92 2706 348 2763 catervas
370 2695 779 2766 magnanimus,
807 2694 878 2750 sit
904 2694 956 2749 in
983 2692 1203 2765 judiciis
1244 2690 1519 2763 aequitatis
1560 2692 1675 2746 sin-

87 2786 332 2857 gularis,
374 2784 666 2857 locupletet
699 2798 824 2839 eum
868 2784 1131 2855 praedives
1158 2782 1383 2838 dextera
1405 2822 1420 2847 ,
1454 2780 1676 2851 frugifeo

86 2891 207 2931 ram
235 2874 476 2930 obtineat
505 2874 737 2945 patriam
759 2912 773 2938 ,
801 2880 857 2927 et
881 2870 999 2941 ejus
1024 2870 1213 2927 liberis
1243 2870 1458 2927 tribuas
1482 2869 1672 2945 profu-

86 2979 238 3022 tura.
270 2964 473 3022 Praesta
501 2964 551 3020 ci
592 2963 959 3035 prolixitatem
990 2963 1114 3018 vita:
1157 2977 1256 3034 per
1297 2972 1540 3033 tempora
1563 3003 1578 3030 ,
1622 2970 1678 3019 et

86 3059 145 3110 in
190 3056 381 3111 diebus
420 3054 535 3125 ejus
571 3053 782 3108 oriatur
816 3051 1025 3123 justitia
1047 3093 1062 3119 ,
1090 3067 1154 3107 ac
1185 3051 1463 3106 robustum
1497 3059 1679 3108 teneat

88 3145 373 3216 regiminis
424 3143 650 3207 solium,
697 3148 752 3196 et
802 3156 925 3196 cum
978 3139 1317 3196 iucunditate
1375 3148 1432 3196 et
1487 3139 1676 3196 lmtitia

86 3251 294 3296 aeterno
325 3237 582 3312 glorietur
609 3237 661 3291 in
696 3251 882 3307 regno.
914 3233 1038 3289 Per.

681 3321 866 3379 Oratio
904 3323 1075 3395 (232).

167 3419 520 3489 Omnipotens
570 3417 900 3487 sempiterno
947 3415 1088 3471 Deus
1133 3424 1347 3471 creator
1396 3416 1675 3484 omnium,

86 3512 393 3583 imperator
422 3507 768 3580 angelorum,
810 3523 926 3562 rex
949 3509 1287 3578 regnantium
1309 3547 1325 3573 ,
1372 3507 1663 3563 Dominus-

92 3618 202 3677 que
228 3588 656 3668 dominantium,
699 3601 791 3673 qui
841 3599 1117 3657 Abraham
1164 3599 1374 3655 ﬁdelem
1412 3598 1677 3655 famulum

93 3706 247 3751 tuum
304 3695 370 3751 de
422 3693 669 3750 hostibus
723 3691 1060 3762 triumphare
1112 3689 1332 3756 fecisti,
1390 3689 1561 3762 Moysi
1625 3697 1682 3745 et

93 3786 274 3842 Josua-
315 3784 515 3857 populo
560 3783 799 3856 praelatis
842 3780 1195 3853 multiplicem
1238 3779 1528 3835 victoriam
1581 3777 1681 3834 tri-

95 3878 259 3934 buisti
284 3918 300 3943 ,
331 3875 699 3946 humilemque
723 3873 893 3928 David
919 3886 1149 3943 puerum
1206 3878 1355 3925 tuum
1403 3869 1554 3941 regni
1600 3868 1680 3923 fa-

95 3971 260 4042 stigio
287 3967 586 4025 sublimasti
609 4008 623 4034 ,
652 3975 707 4022 et
733 3964 1080 4042 Salomonem
1114 3962 1394 4034 sapientiae
1421 3961 1681 4033 pacisque

97 4038 358 4115 ineﬁ‘abili
417 4072 646 4115 munere
697 4055 881 4112 ditasti
910 4038 941 4120 ς’
984 4054 1198 4125 respice
1250 4068 1563 4125 quaesumus
1613 4050 1681 4108 ad

97 4168 289 4226 preces
314 4151 644 4208 humilitatis
670 4158 901 4213 nostrze,
932 4157 988 4204 et
1015 4163 1187 4218 super
1229 4146 1374 4201 hunc
1415 4144 1680 4200 famulum

100 4258 256 4302 tuum
299 4244 366 4301 Ν.
405 4260 567 4316 quem
609 4240 836 4312 supplici
886 4238 1171 4294 devotione
1209 4235 1264 4292 iu
1307 4251 1489 4308 regem
1520 4235 1683 4308 elegi-

98 4354 247 4406 mus,
267 4335 707 4393 benedictionum
732 4340 946 4387 tuarum
967 4330 1104 4385 dona
1128 4327 1428 4397 multiplica
1453 4336 1685 4397 eumque

96 4431 324 4487 dextera
351 4439 456 4483 tum
486 4425 745 4498 potentia:
786 4436 1000 4493 semper
1038 4429 1093 4476 et
1130 4420 1329 4493 ubique
1367 4418 1679 4479 circumda,

1775 2067 2160 2124 tercessionem
2186 2065 2429 2122 omnium
2460 2075 2775 2122 sanctorum
2802 2064 2958 2120 uberi
2985 2062 3367 2120 benedictione

1777 2157 2137 2230 locupletata,
2194 2165 2251 2213 et
2301 2156 2355 2211 in
2403 2155 2597 2212 solium
2655 2155 2805 2227 regni
2858 2153 3016 2209 ﬁrma
3068 2152 3367 2209 stabilitate

1775 2259 2058 2306 connecte.
2092 2247 2261 2304 Visita
2289 2263 2412 2304 eum
2434 2249 2574 2304 sicut
2594 2246 2826 2303 visitasti
2853 2245 3071 2318 Moysen
3112 2244 3167 2299 in
3190 2242 3350 2308 rubo,

1773 2339 1901 2398 Jesu
1947 2339 2095 2395 Nave
2135 2340 2189 2395 in
2236 2338 2431 2410 proelio
2454 2379 2470 2405 ,
2501 2337 2722 2395 Gedeon
2754 2337 2808 2392 in
2838 2351 3004 2407 agro,
3050 2332 3365 2391 Samuelem

1776 2432 1833 2489 in
1881 2429 2115 2502 templo,
2163 2437 2220 2486 et
2269 2429 2357 2485 illa
2407 2444 2531 2485 eum
2576 2427 2956 2485 benedictione
3002 2424 3251 2488 siderea,
3299 2438 3365 2476 ae

1776 2536 1902 2578 rore
1936 2521 2218 2591 sapientize
2258 2528 2361 2575 tua:
2390 2519 2684 2591 perfunde,
2718 2533 2880 2589 quam
2912 2516 3080 2572 David
3124 2515 3176 2571 in
3217 2512 3367 2585 psal-

1779 2614 1950 2678 terio,
1983 2611 2239 2669 Salomon
2272 2611 2416 2667 ﬁlius
2443 2611 2592 2676 eius,
2624 2621 2676 2665 te
2706 2617 3092 2667 remunerante
3120 2604 3368 2677 percepit

1779 2721 1809 2761 e
1836 2704 1998 2762 cmlo.
2030 2704 2119 2762 Sis
2149 2705 2197 2759 ei
2230 2705 2378 2760 acies
2405 2712 2597 2760 contra
2629 2703 2916 2767 inimicos,
2958 2700 3127 2756 lorica
3172 2699 3227 2753 in
3271 2696 3370 2752 ad-

1778 2796 1976 2861 versis,
2008 2795 2161 2869 galea
2196 2794 2252 2850 in
2281 2794 2581 2866 prosperis,
2613 2793 2876 2866 patientia
2914 2791 2967 2848 in
2997 2790 3364 2862 protectione,
3462 2856 3473 2865 .

1780 2890 2003 2961 clypeos
2031 2888 2150 2944 eius
2181 2888 2577 2959 sempiternus.
2607 2895 2662 2943 et
2700 2894 2931 2957 praesta,
2964 2894 3026 2940 ut
3063 2891 3255 2955 gentes
3289 2882 3369 2937 illi

1782 2977 2010 3050 (illius)
2052 2984 2271 3032 teneant
2311 2976 2473 3032 ﬁdem
2500 3016 2515 3042 ,
2554 2989 2811 3047 proceres
2853 2973 2936 3030 sui
2984 2973 3225 3029 habeant
3266 2986 3368 3041 pa-

1781 3086 1935 3135 cem,
1976 3068 2207 3142 diligant
2246 3066 2605 3133 charitatetn,
2650 3066 2963 3123 abstineant
3000 3079 3059 3120 se
3095 3079 3128 3118 a
3162 3062 3372 3133 cupidi-

1784 3170 1931 3226 tate,
1963 3160 2255 3229 loquantur
2289 3157 2557 3227 justitiam
2578 3197 2594 3221 ,
2626 3156 2934 3212 custodiant
2960 3156 3266 3211 veritatem.
3301 3153 3372 3210 Et

1710 3249 1754 3312 C
1788 3253 1861 3309 ita
1906 3251 2135 3324 populus
2164 3254 2266 3306 iste
2309 3251 2410 3306 sub
2450 3249 2569 3305 eius
2611 3248 2839 3318 imperio
2877 3247 3102 3318 pullulet
3142 3247 3371 3302 coaluus

1781 3345 1892 3420 (an
1920 3342 2236 3413 coalitus?)
2266 3339 2649 3397 benedictione
2679 3338 3041 3404 aeternitatis,
3062 3345 3125 3392 ut
3152 3351 3368 3406 semper

1779 3444 2041 3493 maneant
2079 3433 2441 3504 tripudiantes
2481 3432 2537 3487 in
2579 3447 2713 3502 pace
2750 3432 3012 3488 victores.
3056 3430 3211 3499 Quod
3254 3432 3372 3501 ipse

1778 3537 2039 3601 prmstare
2066 3525 2341 3598 dignetur,
2368 3525 2462 3595 qui
2494 3534 2670 3580 tecum
2698 3524 2854 3580 vivit.

1851 3618 1997 3672 Tunc
2030 3617 2095 3670 ab
2133 3617 2372 3687 episcopo
2398 3615 2800 3686 metropolitano
2830 3625 3137 3686 unguantur
3162 3632 3353 3672 manus

1779 3711 1845 3767 de
1886 3709 1999 3766 oleo
2038 3706 2391 3775 sanctiﬁcata.
2434 3705 2758 3778 Unguentur
2785 3721 2981 3760 manus
3011 3706 3129 3760 ista:
3156 3706 3222 3759 de
3248 3706 3374 3760 oleo

1781 3800 2139 3865 sanctiﬁcato,
2184 3798 2328 3853 unde
2376 3794 2594 3853 fuerunt
2624 3797 2771 3852 uncti
2805 3810 2964 3866 reges
2988 3804 3046 3852 et
3070 3795 3372 3867 prophetae,

1781 3901 1837 3947 et
1862 3891 2003 3948 sicut
2033 3888 2190 3945 unxit
2219 3887 2441 3944 Samuel
2477 3887 2649 3943 David
2684 3886 2738 3942 in
2773 3901 2976 3958 regem,
3006 3895 3067 3942 ut
3099 3887 3175 3942 sis
3205 3886 3372 3941 bene-

1782 3983 1979 4049 dictus,
1994 3989 2049 4038 et
2067 3980 2399 4038 constitutus
2418 3994 2512 4034 rex
2543 3978 2596 4032 in
2620 3992 2785 4048 regno
2808 3976 2915 4033 isto
2935 3990 3099 4047 super
3116 3974 3375 4046 populum

1781 4074 1972 4139 istum,
2028 4086 2189 4142 quem
2234 4070 2496 4126 Dominus
2565 4069 2706 4124 Deus
2771 4076 2895 4122 tuus
2947 4067 3099 4122 dedit
3157 4065 3252 4120 tibi
3302 4064 3373 4119 ad

1783 4164 2081 4238 regendum
2128 4178 2194 4220 ac
2234 4161 2667 4234 gubernandum.
2725 4159 2877 4227 Quod
2924 4159 3039 4230 ipse
3085 4166 3370 4229 praestare.

1784 4256 2043 4328 Prospice
2065 4254 2414 4325 omnipotens
2456 4252 2601 4309 Deus
2651 4252 2795 4307 hunc
2837 4249 3129 4322 gloriosum
3160 4262 3381 4318 regem

1786 4349 1866 4407 ill.
1899 4349 2120 4407 serenis
2146 4347 2450 4411 obtutibus,
2476 4352 2534 4401 et
2547 4344 2688 4401 sicut
2710 4341 3036 4413 benedixisti
3063 4340 3371 4404 Abraham,

1785 4441 1937 4498 Isaac
1965 4449 2020 4496 et
2061 4439 2249 4505 Iacob,
2300 4439 2443 4495 sicut
2492 4437 2643 4492 illum
2692 4435 2859 4507 largis
2902 4432 3383 4489 benedictionibus.

95 4520 358 4592 quatinus
397 4517 637 4590 pnedicti
661 4515 893 4571 Abrahae
934 4512 1192 4602 ﬁdelitate
1220 4510 1487 4602 ﬁrmatus,
1515 4507 1684 4602 Moysi
1711 4595 1747 4602 _
1766 4529 2087 4602 .spimualis
2106 4528 2294 4597 “alia,
2314 4541 2438 4583 cum
2461 4525 2607 4582 omni
2630 4524 2963 4595 plenitudine
2986 4531 3090 4577 tum
3111 4522 3378 4592 polentia

96 4607 519 4666 mansuetudine
568 4606 771 4672 fretus,
824 4602 988 4660 Josue
1036 4601 1351 4691 fortitudine
1404 4599 1676 4691 munitus,
1710 4595 1758 4656 D
1783 4595 2032 4691 ξένίεπε,
2063 4595 2226 4688 διξιυθ
2270 4614 2599 4688 profundere
2637 4613 2878 4684 dignam
2928 4610 3131 4667 Ττίδυο
3170 4610 3223 4665 εί
3251 4610 3368 4665 θος

96 4700 276 4757 David
323 4698 628 4754 humilitate
683 4693 996 4761 exaltatus,
1050 4690 1358 4750 Salomonis
1418 4688 1683 4759 sapientia

96 4795 411 4858 decoratus,
448 4790 545 4845 tibi
577 4790 631 4844 in
661 4786 914 4843 omnibus
943 4784 1182 4856 placeat,
1206 4791 1261 4838 et
1283 4797 1383 4853 per
1412 4778 1683 4835 tramitem

90 4881 331 4956 justitiae
374 4880 426 4936 in
470 4878 676 4938 oll'enso
718 4893 911 4949 gressu
955 4891 1170 4947 semper
1209 4874 1455 4939 incedat,
1505 4870 1683 4929 eccle-

97 4952 355 5042 situmque
386 4980 531 5026 tuam
559 4970 814 5040 deinceps
858 4984 981 5024 eum
1023 4966 1273 5039 plebibus
1314 4964 1415 5020 sibi
1457 4952 1712 5019 annexis

98 5068 181 5121 ita
212 5063 476 5129 enutriat,
506 5077 571 5117 ac
597 5063 807 5126 doceat,
839 5060 1046 5115 muniat
1073 5073 1137 5115 ac
1164 5057 1414 5121 instruat,
1461 5063 1683 5110 contra-

94 5170 212 5227 que
267 5168 458 5210 omnes
488 5151 726 5208 visibiles
750 5160 805 5206 et
834 5149 1132 5205 invisibiles
1164 5148 1349 5203 hostes
1377 5146 1552 5201 cidem
1585 5160 1683 5215 po-

96 5256 310 5312 tenter,
359 5245 721 5317 regaliterque
777 5253 881 5298 tua:
924 5242 1138 5298 virtutis
1178 5240 1417 5312 regimen
1457 5236 1688 5293 admini-

95 5346 280 5401 stret,
314 5345 370 5393 et
401 5337 468 5391 ad
508 5351 650 5391 verte
684 5333 804 5389 ﬁdei
836 5333 1094 5407 pacisque
1121 5330 1466 5389 concordiam
1495 5344 1683 5385 eorum

94 5430 323 5491 animos
356 5438 408 5483 te
439 5427 737 5499 opitulante
779 5424 1069 5490 reformet,
1117 5433 1172 5478 ut
1224 5424 1415 5478 horum
1458 5419 1683 5494 populo-

101 5536 234 5579 rum
269 5522 445 5578 debita
475 5522 808 5578 subiectione
841 5518 1007 5575 fultus
1045 5518 1316 5589 condigne
1355 5529 1540 5571 amore
1573 5513 1685 5585 glo—

179 5673 337 5739 (252)
379 5674 435 5728 lu
482 5675 776 5744 pontiﬁcali
822 5673 979 5729 Rern.
1013 5674 1127 5729 hcec
1153 5672 1327 5728 oratio
1356 5671 1687 5744 contractior

104 5753 198 5808 est
249 5760 410 5814 quant
465 5741 584 5808 hic,
638 5746 690 5800 in
738 5746 960 5816 antiquo
1005 5745 1209 5800 Ordine
1254 5744 1496 5797 lintnauu
1523 5783 1536 5805 ,
1566 5741 1685 5795 cod.

108 5816 385 5884 autumi,
416 5823 517 5873 etc.
564 5817 701 5896 apud
748 5817 882 5895 llug.
924 5815 1234 5872 Meuardutu
1281 5816 1535 5893 inscripta
1568 5833 1689 5874 cou-

1788 4710 1941 4775 mine,
1969 4707 2039 4764 de
2074 4722 2201 4764 rore
2236 4706 2385 4768 coeli.
2415 4715 2473 4762 et
2497 4706 2565 4761 de
2592 4702 2921 4776 pinguedine
2960 4711 3117 4758 terra:
3160 4700 3373 4759 haben-

1784 4801 2026 4857 dantiam
2053 4798 2332 4863 frumenti,
2361 4797 2474 4852 vini
2512 4805 2570 4851 et
2608 4795 2732 4861 olei,
2770 4804 2829 4850 et
2856 4793 3101 4849 outnium
3140 4790 3369 4862 frugum

1786 4907 1886 4963 per
1916 4900 2177 4962 tempora,
2212 4897 2273 4946 ut
2299 4888 2392 4945 illo
2421 4895 2684 4958 regnante
2719 4885 2795 4943 sit
2824 4885 3036 4942 sanitas
3069 4898 3371 4956 corporum

1790 4981 1844 5036 in
1875 4991 1996 5052 pata
2034 4980 2275 5052 (patria),
2304 4994 2409 5050 pax
2436 4977 2694 5034 inviolata
2720 4977 2794 5032 sit
2820 4977 2874 5033 in
2907 4991 3097 5047 regno,
3118 4984 3172 5031 et
3192 4975 3378 5045 digni-.

1788 5080 1875 5127 tas
1901 5071 2134 5142 gloriosa
2167 5068 2361 5141 regalis
2386 5066 2572 5140 palatii
2604 5069 2844 5123 maximo
2878 5066 3169 5137 splendore
3207 5065 3381 5134 regite

1787 5154 2072 5234 potestatis
2117 5161 2289 5218 oculis
2340 5161 2583 5217 omnium
2635 5158 2861 5230 fulgeat,
2908 5158 3026 5213 luce
3069 5154 3379 5212 clarissima

1786 5255 2070 5319 clarescat,
2133 5262 2297 5324 atque
2366 5252 2655 5323 splendore
2713 5251 2870 5322 quasi
2926 5246 3368 5319 splendidissima

1788 5343 1997 5415 fulgore
2021 5342 2256 5399 maximo
2290 5342 2508 5414 perfusa
2533 5341 2737 5397 lumine
2766 5340 3034 5395 videatur.
3080 5332 3286 5396 'Eribue
3314 5334 3372 5393 ei

1788 5433 2136 5504 omnipotens
2164 5432 2327 5502 Deus,
2358 5440 2416 5489 ut
2461 5432 2533 5487 sit
2586 5428 2914 5486 fortissimus
2952 5433 3235 5497 protector
3273 5438 3369 5494 ρος

1798 5525 1937 5591 triac,
1961 5533 2018 5579 et
2054 5522 2363 5601 consolator
2400 5522 2780 5585 ecclesiarum,
2808 5529 2969 5589 atque
2994 5514 3380 5575 emnobiorum

1800 5685 2023 5731 secrntto
2054 5680 2190 5748 regis
2213 5718 2228 5741 ,
2263 5676 2405 5748 quod
2436 5675 2503 5731 ad
2546 5690 2666 5729 eam
2707 5680 3003 5748 tingeretttr
3050 5683 3164 5748 rex.
3211 5665 3379 5748 Plura

1802 5749 1854 5803 iu
1906 5739 2502 5875 ea‘nétliemmttrationetn
2564 5753 2711 5800 notat
2764 5739 3008 5799 laudatus
3053 5739 3377 5808 Meuardus.

1804 5835 1924 5875 nas.
2052 5857 2081 5875 -.
2114 5834 2142 5874 e
2205 5856 2224 5873 ι

1802 5835 1924 5894 pag.
1957 5834 2085 5889 cur,
2114 5834 2224 5875 etc.
