3962 5386
560 371 700 429 1115

1414 370 1703 428 APPEND.
1745 371 1855 426 AD.
1891 371 2062 428 SIEC.
2096 372 2165 429 Χ.
2196 404 2263 415 —-
2301 374 2729 433 MONUMEN'I'A
2764 378 3036 435 LlTUltG.

3696 383 3830 439 1115

552 486 866 546 sanctorum
896 493 1129 546 maxima
1180 508 1302 546 cum
1352 493 1554 561 pietate
1600 491 1793 564 regalis
1820 492 2137 547 mumiicen-
2168 494 2212 553 Α
2242 491 2441 559 cutus),
2494 493 2824 548 :eternaliter
2860 511 2983 550 cum
3026 512 3091 550 eo
3141 513 3366 567 regnare
3416 498 3833 568 πιᾶναι-ῖς,ῳί

553 584 642 637 tia:
675 601 688 638 :
719 593 885 654 atque
930 593 989 638 ut
1033 586 1103 639 sit
1151 583 1478 640 fortissimus
1525 600 1736 655 regum,
1777 587 2135 654 triumphator

555 675 790 742 hostium
837 675 904 730 ad
955 676 1339 746 opprimendas
1390 676 1621 731 rebelles
1660 687 1715 731 et
1754 691 1995 746 paganus
2034 692 2134 730 na-

556 766 751 821 tiones.
769 765 957 836 Sitque
976 767 1090 820 suis
1114 767 1349 825 inimicis
1365 769 1499 822 satis
1521 768 1776 823 terribilis
1800 768 2137 835 permaxima

554 857 867 914 fortitudine
894 859 1109 930 regalis.
1136 861 1498 931 Optimatihus
1520 878 1734 932 quoque
1756 878 1819 917 ac
1843 862 2135 933 praecelsis,

553 949 977 1020 proceribuéque
1022 967 1087 1007 ac
1118 952 1366 1008 fidelibus
1393 953 1475 1008 sui
1511 954 1659 1024 regni
1700 953 1771 1007 sit
1816 947 2139 1023 magnificus

554 1048 609 1094 et
638 1042 891 1097 amabilis
914 1053 970 1096 et
1010 1044 1151 1113 pius,
1186 1053 1243 1097 ut
1285 1046 1352 1098 ab
1399 1043 1650 1098 omnibus
1682 1044 1939 1098 timeatur
1973 1051 2138 1113 atque

556 1133 831 1203 diligatur.
867 1133 1043 1207 Reges
1074 1150 1288 1205 quoque
1314 1136 1606 1190 delumbis
1646 1135 1765 1189 eius
1797 1150 1893 1205 per
1922 1149 2140 1189 succes-

547 1225 737 1279 tiones
779 1233 1080 1297 temporum
1133 1226 1436 1281 futurorum
1486 1227 1856 1297 egrediantur,
1913 1241 2138 1296 regnum

558 1318 659 1371 hoc
706 1327 875 1372 totum
938 1332 1146 1387 regere,
1202 1326 1258 1373 et
1303 1327 1427 1388 post
1458 1318 1705 1388 gloriosa
1756 1327 1919 1386 atque
1956 1316 2135 1371 felicia

558 1410 721 1465 huius
751 1412 874 1465 vitae
906 1412 1190 1481 praesentis
1219 1412 1413 1482 gaudia
1443 1412 1771 1481 sempiterna
1802 1413 2139 1480 in'perpetua

558 1502 892 1558 beatitudine
920 1502 1119 1559 habere
1143 1512 1438 1559 mereatur.
1460 1504 1623 1571 Quod
1648 1503 1780 1573 ipse.

633 1592 825 1648 Postea
857 1610 972 1649 vero
1005 1612 1037 1648 a
1072 1596 1314 1666 pontiﬁce
1331 1595 1731 1665 metropolitano
1754 1604 2057 1665 unguautnr
2079 1595 2144 1648 de

560 1684 674 1741 oleo
705 1703 831 1739 sane
857 1687 1033 1755 iﬁcato
1055 1698 1232 1755 caput,
1258 1697 1455 1758 pectus,
1490 1698 1536 1742 et
1559 1687 1792 1757 scapulw
1814 1687 1982 1741 amba'
2004 1703 2144 1741 com-

558 1792 740 1847 pages.
790 1777 980 1848 Unguo
1009 1787 1063 1833 te
1092 1778 1143 1838 itt
1193 1794 1374 1850 regem
1424 1780 1488 1835 de
1532 1778 1652 1834 oleo
1697 1778 2038 1834 sanctificata
2090 1777 2153 1832 in

2243 584 2392 638 solus
2430 586 2547 639 sine
2586 594 2807 654 peccato
2853 601 2944 641 rex
2993 605 3180 659 regum
3230 591 3359 645 vivit
3388 601 3445 644 et
3484 591 3834 661 gloriﬁcatur

2240 690 2360 728 cum
2388 673 2496 728 Deo
2532 673 2689 728 Patre
2721 675 2770 729 in
2794 676 3000 733 unitate
3024 677 3258 748 Spiritus
3282 696 3379 750 per
3399 681 3610 735 omnia.

2315 764 2505 819 Postea
2554 765 2617 818 ab
2659 768 2912 836 episcopis
2948 786 3118 823 ensem
3164 773 3411 840 accipiat,
3451 781 3500 825 et
3544 789 3669 826 cum
3715 790 3833 828 ense

2240 866 2408 911 totum
2437 858 2537 912 sibi
2581 875 2793 929 regnum
2829 859 3058 928 ﬁdeliter
3097 863 3167 915 ad
3214 865 3497 932 regendum
3536 866 3832 920 secundum

2239 948 2546 1018 supradicta
2580 948 2730 1003 verba
2760 951 2890 1003 sciat
2920 968 3031 1005 esse
3066 952 3441 1009 demandatum
3478 956 3692 1009 dicente
3728 975 3833 1010 me-

2238 1039 2558 1111 tropolitano
2619 1043 2884 1112 pontiﬁce.
2938 1045 3139 1115 Accipe
3190 1047 3425 1116 gladium
3476 1063 3582 1118 per
3643 1064 3833 1105 manus

2240 1132 2616 1202 episcoporum
2638 1133 2765 1188 licet
2789 1134 3055 1204 indignas,
3083 1137 3196 1190 vice
3220 1147 3400 1191 tamen
3419 1148 3475 1192 et
3495 1141 3829 1194 auctoritate

2243 1235 2563 1280 sanctorum
2609 1226 2977 1296 apostolorum
3030 1237 3378 1283 consecratas
3420 1229 3517 1284 tibi
3571 1229 3831 1298 regaliter

2243 1317 2577 1387 impositum,
2625 1328 2929 1388 uoslrteque
2970 1320 3362 1375 benedictionis
3406 1320 3595 1375 ollicio
3642 1322 3699 1375 in
3748 1320 3836 1374 de-

2244 1408 2545 1463 fensionem
2596 1417 2800 1463 sanctae
2841 1409 2933 1465 Dei
2984 1411 3239 1466 Ecclesia!
3290 1411 3559 1466 divinitus
3617 1412 3836 1465 ordina-

2243 1507 2354 1552 tum
2384 1517 2396 1552 :
2431 1505 2486 1553 et
2510 1490 2631 1553 esto
2659 1516 2886 1565 meumr,
2918 1500 2984 1554 de
3011 1518 3117 1571 quo
3154 1501 3445 1557 I’salmista
3479 1504 3833 1573 pmphetavit

2243 1591 2428 1646 dicens
2481 1608 2492 1644 :
2540 1591 2835 1661 Accingere
2887 1592 3063 1662 gladio
3098 1602 3189 1646 tuo
3232 1608 3396 1663 super
3442 1592 3634 1648 femur
3691 1601 3833 1647 tuum

2246 1682 2634 1753 potentissime,
2670 1692 2727 1737 ttt
2760 1684 2810 1737 in
2856 1684 2958 1738 hoc
3000 1698 3099 1752 per
3125 1684 3355 1739 curulem
3398 1685 3511 1739 vim
3562 1685 3838 1754 :equitatis

2245 1788 2524 1837 exerceas,
2548 1782 2604 1828 et
2632 1773 2828 1827 molem
2860 1773 3164 1843 iniquitatis
3191 1784 3442 1844 potenter
3467 1774 3755 1841 destruas,
3786 1785 3837 1829 et

564 1870 784 1924 nomine
838 1870 1017 1926 Patris
1068 1880 1123 1926 et
1158 1871 1277 1926 Filii
1340 1880 1395 1927 et
1451 1860 1688 1942 Spiritus
1746 1872 1917 1926 sancti
1969 1869 2142 1941 (2'53).
2182 1856 2221 1912 Β
2251 1856 2493 1921 sanctam
2535 1866 2626 1920 Dei
2671 1865 2969 1921 Ecclesiam
3017 1866 3244 1938 eiusque
3286 1867 3473 1923 ﬁdeles
3505 1884 3834 1941 propagines,

564 1958 803 2030 Spiritus
850 1962 1022 2015 sancti
1067 1963 1241 2032 gratia
1285 1964 1606 2018 humilitatis
1643 1971 1845 2018 nostra:
1885 1962 2060 2018 ollicio
2092 1964 2145 2017 iu

570 2059 624 2105 te
650 2052 941 2108 descendat
968 2055 1206 2122 copiosa,
1253 2064 1312 2109 ut
1357 2056 1499 2109 sicut
1539 2056 1792 2111 manibus
1838 2056 2039 2110 nostris
2069 2056 2149 2109 in-

569 2142 746 2210 dignis
768 2142 890 2197 oleo
918 2143 1183 2199 materiali
1218 2146 1525 2217 pinguescis
1554 2146 1798 2200 exterius
1822 2145 2045 2209 oblitus,
2077 2145 2147 2199 ita

567 2233 685 2289 eius
703 2234 959 2289 invisibili
987 2238 1223 2308 unguine
1244 2238 1515 2293 delibutus
1538 2238 1859 2310 impinguari
1886 2238 2152 2292 merearis

568 2323 821 2392 interius,
879 2326 1105 2397 eiusque
1158 2324 1391 2399 spiritali
1446 2331 1704 2386 unctione
1756 2330 2152 2400 perfectissime

570 2428 790 2486 semper
811 2417 1072 2485 imbutus,
1105 2429 1162 2473 et
1194 2420 1374 2476 illicita
1405 2422 1681 2477 declinare
1720 2430 1829 2475 tota
1869 2432 2063 2483 mente.
2098 2431 2153 2475 et

571 2521 829 2575 spernere
880 2509 1062 2565 discas
1111 2526 1206 2566 seu
1260 2512 1467 2575 valeas,
1499 2521 1555 2567 et
1601 2512 1755 2566 utilia
1807 2512 2002 2566 anitme
2048 2521 2153 2565 tua:

571 2596 770 2665 iugiter
793 2599 1060 2667 cogitare,
1091 2613 1302 2672 aptare,
1333 2614 1500 2674 atque
1530 2603 1745 2674 operari
1773 2619 1964 2674 queas,
2000 2604 2155 2657 auxi-

570 2684 738 2745 liante
770 2690 884 2746 Duo
915 2707 1014 2747 nro
1040 2693 1130 2747 lhn
1160 2693 1295 2763 Xpo,
1330 2696 1419 2764 qui
1465 2708 1587 2750 cum
1617 2694 1799 2749 Patre.
1835 2694 2034 2747 Deinde
2066 2693 2165 2746 ιιι-η

573 2792 726 2835 catur
752 2784 943 2836 oratio.
978 2784 1119 2839 Deus
1158 2787 1249 2857 qui
1281 2802 1343 2842 es
1375 2788 1638 2843 iustorum
1673 2772 1869 2859 gloria,
1902 2794 1955 2840 et
1994 2786 2156 2840 mise—

575 2872 811 2927 ricordia
870 2886 1249 2944 peccatorum,
1315 2880 1406 2949 qui
1472 2879 1667 2934 misisti
1738 2878 1935 2934 Filium
2005 2887 2155 2931 tuum

573 2963 974 3033 preciosissimo
1020 2968 1282 3036 sanguine
1328 2982 1429 3023 suo
1479 2983 1649 3038 genus
1680 2969 1978 3023 humanum
2016 2966 2156 3021 redi-

578 3068 729 3107 mere
755 3071 767 3106 :
795 3054 889 3123 qui
915 3057 1155 3111 conteris
1177 3057 1336 3122 bella,
1356 3066 1411 3111 et
1435 3067 1806 3129 propugnator
1830 3073 1891 3113 es
1910 3058 2155 3113 omnimn

576 3143 727 3197 inte
779 3147 1220 3215 sperantium,et
1269 3148 1370 3202 sub
1418 3149 1573 3203 cuius
1632 3148 1862 3203 arbitrio
1912 3150 2155 3203 omnium

2253 1967 2417 2027 atque
2465 1966 2740 2028 protegas,
2775 1973 2875 2013 nec
2930 1959 3106 2013 minus
3153 1958 3253 2013 sub
3306 1960 3411 2014 fide
3460 1959 3637 2015 falsos
3687 1976 3837 2029 quam

2255 2049 2541 2104 christiani
2572 2049 2805 2104 nominis
2831 2051 3015 2105 hostes
3040 2050 3190 2119 (25.!)
3216 2066 3442 2105 execrcs
3471 2068 3541 2106 ac
3566 2053 3837 2117 destruas,

2253 2140 2444 2194 viduas
2471 2156 2535 2195 ac
2565 2140 2797 2211 pupillos
2827 2140 3125 2195 clementer
3163 2141 3388 2198 adiuves
3436 2159 3502 2198 ac
3558 2142 3838 2207 defendas,

2254 2232 2493 2287 desolata
2526 2241 2820 2298 restaures,
2859 2241 3161 2288 restaurata
3202 2250 3519 2288 conserves.
3561 2234 3838 2290 ulciscaris

2256 2322 2475 2389 iniusta,
2503 2324 2797 2378 confirmes
2833 2323 2971 2377 bene
3010 2323 3269 2395 disposita
3304 2342 3317 2378 :
3352 2326 3620 2395 quatinus
3649 2326 3765 2379 haec
3791 2325 3838 2378 in

2255 2413 2463 2483 agendo
2518 2415 2778 2469 virtutmn
2829 2414 3107 2485 triumpho
3163 2414 3457 2486 gloriosus,
3513 2416 3839 2487 iustitiqu

2256 2507 2431 2562 cultor
2455 2508 2726 2579 egregius,
2752 2523 2875 2561 cum
2909 2507 3093 2561 mundi
3123 2506 3428 2573 Salvatore,
3481 2509 3643 2563 cuius
3670 2519 3840 2581 typum

2259 2598 2406 2669 geris
2439 2599 2490 2650 in
2542 2597 2781 2662 nomine,
2830 2597 2948 2654 sine
2998 2597 3106 2654 tine
3146 2599 3408 2654 merearis
3452 2615 3711 2671 regnare.
3752 2596 3841 2666 Qui

2257 2706 2381 2745 cum
2421 2689 2549 2745 Deo.

2330 2780 2611 2834 Accinctus
2654 2793 2829 2834 autent
2859 2796 2981 2834 ense
3013 2778 3257 2834 similiter
3284 2780 3350 2834 ab
3385 2780 3494 2834 illis
3534 2779 3776 2834 annilius
3799 2788 3838 2832 et

2260 2872 2480 2943 pallium
2520 2886 2566 2925 et
2605 2871 2862 2925 annulum
2900 2870 3122 2941 accipiat
3152 2869 3257 2923 illis
3291 2870 3615 2923 dicentibus.
3656 2870 3840 2937 Accipe

2262 2961 2542 3032 dignitatis
2564 2960 2822 3015 annulum
2854 2971 2910 3016 et
2938 2976 3035 3031 per
3066 2960 3208 3015 hunc
3233 2960 3286 3014 in
3325 2968 3379 3014 te
3409 2960 3704 3014 catholica:
3732 2958 3839 3012 fidei

2263 3068 2530 3121 cognosce
2560 3050 2920 3119 signaculum,
2956 3052 3078 3122 quia
3106 3060 3166 3106 ut
3192 3048 3354 3105 hodie
3384 3051 3665 3104 ordinaris
3696 3056 3841 3119 caput

2263 3153 2318 3198 et
2340 3144 2590 3213 princeps
2609 3144 2763 3209 regni
2788 3157 2851 3197 ac
2874 3142 3077 3213 p0puli,
3100 3136 3169 3195 ita
3193 3142 3625 3214 pers’everabilis
3644 3148 3836 3205 auctor,

579 3250 872 3306 regnorum
901 3237 1208 3290 continetur
1232 3246 1496 3306 potestas,
1525 3246 1575 3292 te
1604 3238 1881 3292 lmmiliter
1902 3238 2162 3308 depreca-
2191 3233 2236 3294 C
2267 3252 2330 3289 ac
2358 3235 2630 3289 stabiliter
2670 3233 3089 3288 christiatnilulis
3139 3241 3196 3287 et
3240 3230 3567 3287 christiana!
3621 3232 3761 3297 ﬁdei,
3790 3239 3839 3282 υι

579 3342 722 3388 mur,
757 3334 813 3379 ut
839 3334 1159 3395 p'rteseutem
1194 3325 1455 3379 famulum
1489 3335 1641 3380 tuum
1670 3326 1734 3380 Ν.
1767 3324 1835 3381 ἰιι
1862 3336 1952 3381 tua
2001 3328 2163 3382 mise-

580 3415 813 3470 ricordia
845 3416 1196 3470 confitentem
1239 3416 1299 3471 in.
1338 3416 1593 3487 praesenti
1634 3417 1764 3472 sede
1795 3416 1963 3487 regali
1993 3418 2161 3472 bene-

582 3507 753 3569 dicas,
784 3506 941 3578 eique
990 3508 1256 3577 propitius
1291 3510 1483 3563 adesse
1518 3508 1781 3579 digneris,
1823 3517 1883 3562 ut
1933 3508 2026 3578 qui
2069 3517 2177 3563 tua,

583 3601 793 3670 expetit
827 3601 1166 3669 protectione
1217 3599 1454 3665 delendi,
1508 3601 1761 3655 omnibus
1808 3601 1880 3655 sit
1916 3600 2165 3657 hostibus

580 3691 794 3746 fortior.
823 3690 929 3746 Fac
958 3706 1082 3745 eum
1115 3690 1345 3746 Domine
1373 3692 1589 3745 beatum
1618 3705 1742 3745 esse
1789 3698 1846 3744 et
1894 3690 2154 3745 victorem

581 3782 648 3837 de
695 3783 928 3838 inimicis
977 3782 1109 3836 suis.
1160 3779 1374 3836 Cat-oua
1421 3796 1544 3836 eum
1579 3796 1797 3836 corona
1851 3781 2073 3835 iustitiae
2104 3793 2160 3835 et

584 3872 822 3939 pietatis,
850 3880 909 3925 ut
933 3886 1000 3926 ex
1033 3881 1144 3925 tota
1177 3880 1359 3925 meme
1395 3871 1447 3925 in
1485 3883 1536 3926 te
1562 3871 1814 3934 credens,
1843 3869 1939 3924 tibi
1966 3870 2159 3925 deser-

584 3962 719 4026 viat,
747 3970 991 4017 sanctam
1016 3972 1159 4016 tuam
1184 3963 1482 4017 Ecclesium
1504 3962 1776 4026 defendat,
1802 3970 1858 4016 et
1885 3960 2183 4026 sublimet,-

583 4052 950 4124 populumque
1006 4070 1034 4106 a
1102 4062 1154 4109 te
1212 4053 1316 4108 sibi
1369 4054 1724 4108 commissum
1785 4054 1928 4108 iuste
1990 4060 2181 4123 regat.»

584 4145 775 4202 Nullus
826 4145 1206 4199 insidiantibus
1265 4144 1422 4199 inalis
1477 4145 1530 4199 in
1587 4144 1912 4200 iniustitiam
1964 4152 2181 4198 vertat.~

582 4236 836 4293 Accende
879 4234 1106 4289 Domine
1135 4249 1230 4289 cor
1269 4235 1387 4289 eius
1420 4234 1488 4288 ad
1535 4249 1778 4290 amorem
1823 4234 2017 4305 gratiae
2063 4244 2167 4290 tum

587 4342 684 4397 per
708 4329 811 4381 hoc
840 4325 1113 4394 unctionis
1146 4324 1345 4388 oleum,
1375 4326 1518 4381 unde
1545 4325 1746 4380 tinxisti
1779 4340 1935 4397 reges
1957 4336 2011 4380 et
2035 4341 2166 4397 pro-

591 4416 1116 4486 phetaszquatinus
1166 4415 1424 4471 iustitiam
1473 4416 1704 4486 diligens
1748 4432 1845 4486 per
1891 4418 2166 4472 tramitem

587 4507 933 4564 familiariter
959 4507 1198 4573 iustitiae,
1227 4506 1483 4579 populum
1528 4509 1749 4569 ducens,
1796 4517 1919 4579 post
1948 4516 2164 4579 peracta

2265 3326 2391 3379 felix
2445 3327 2499 3380 iu
2550 3339 2734 3395 opere,
2767 3324 3005 3395 locuples
3058 3318 3111 3380 in
3162 3326 3283 3386 fide,
3316 3340 3442 3379 cum
3497 3342 3628 3396 rege
3672 3338 3836 3395 regum

2266 3417 2564 3489 glorieris,
2628 3433 2727 3488 per
2783 3433 2907 3473 eum
2969 3416 3058 3473 cui
3130 3427 3214 3473 est
3276 3418 3494 3482 honor,
3563 3417 3736 3487 gloria
3793 3416 3834 3467 in

2265 3509 2484 3564 smcula.

2338 3598 2531 3654 Postea
2571 3617 2688 3654 vero
2727 3610 2987 3671 sceptrum
3032 3610 3079 3652 et
3120 3597 3362 3651 baculum
3387 3597 3625 3665 ltCCi;:iftl
3657 3596 3838 3648 diceat:

2265 3691 2364 3746 sibi
2409 3690 2814 3761 metropolitano
2846 3703 2865 3742 :
2904 3689 3103 3759 Accipe
3145 3690 3349 3758 virgam
3409 3687 3640 3741 virtutis
3701 3696 3841 3754 atque

2265 3781 2562 3851 aequitatis,
2592 3797 2697 3852 qua
2751 3780 3024 3852 intelligas
3076 3777 3313 3835 mulcere
3355 3778 3501 3848 pios,
3556 3787 3613 3831 et
3657 3786 3841 3830 terrere

2266 3873 2549 3943 reprobos,
2579 3870 2887 3926 errantibus
2931 3870 3075 3924 viam
3122 3870 3387 3939 pandere,
3418 3866 3592 3935 lapsis
3644 3878 3840 3917 manum

2266 3964 2566 4034 porrigere,
2587 3961 2979 4032 disperdasque
3001 3974 3132 4029 supe
3142 3960 3288 4022 rbus,
3304 3966 3359 4011 et
3376 3956 3592 4011 releves
3607 3953 3841 4015 humiles,

2267 4061 2322 4113 et
2354 4059 2629 4126 aperiatur
2679 4054 2771 4108 tibi
2820 4054 3018 4108 ostium
3050 4052 3151 4107 'lhs
3201 4051 3317 4123 Xps
3368 4051 3480 4106 Dus
3526 4050 3747 4120 nr,-qui
3787 4048 3841 4103 de

2268 4148 2556 4216 semetipso
2589 4147 2665 4201 ait
2692 4165 2704 4201 :
2745 4146 2857 4217 Ego
2884 4162 3002 4199 sum
3032 4146 3229 4203 ostium
3255 4158 3269 4197 :
3301 4159 3397 4213 per
3433 4160 3523 4197 me
3553 4145 3597 4197 si
3627 4143 3748 4213 quis
3777 4142 3843 4195 in-

2270 4240 2510 4301 troierit,
2553 4238 2869 4313 salvabitur,
2901 4247 2956 4292 et
2986 4237 3122 4306 ipse,
3153 4235 3244 4304 qui
3271 4242 3354 4290 est
3396 4234 3569 4288 clavis
3602 4233 3768 4288 David
3803 4239 3844 4285 et

2268 4343 2537 4402 sceptrum
2565 4330 2758 4385 domus
2778 4327 2944 4384 lsrael
2980 4346 2993 4381 :
3027 4325 3118 4398 qui
3151 4326 3327 4396 aperit
3356 4334 3409 4379 et
3441 4339 3606 4379 nemo
3631 4323 3839 4384 claudit,

2268 4423 2358 4491 qui
2391 4421 2595 4476 claudit
2617 4428 2671 4475 ct
2694 4434 2852 4475 nemo
2873 4419 3066 4488 aperit.
3090 4416 3284 4486 Sitque
3309 4424 3525 4477 auctor,
3557 4414 3654 4485 qui
3682 4413 3843 4468 educit

2270 4512 2509 4566 vinctum
2545 4510 2613 4565 de
2640 4510 2799 4565 domo
2826 4508 3088 4574 carceris,
3110 4507 3497 4575 sedentemque
3530 4506 3584 4559 in
3623 4502 3842 4559 tenebris

592 4616 622 4656 a
655 4594 705 4656 te
734 4602 995 4672 disposita
1025 4601 1111 4656 .in.
1135 4602 1299 4672 regali
1333 4602 1657 4659 excellentia
1688 4619 1954 4659 annorum
1983 4603 2163 4658 curri-
2198 4584 2327 4658 l)‘et
2361 4604 2550 4657 utnbra
2580 4601 2791 4667 mortis,
2822 4600 2954 4655 etin
2976 4597 3228 4654 onmibus
3248 4598 3398 4666 sequi
3423 4597 3691 4652 merearis
3714 4610 3839 4655 cum,

588 4693 707 4749 cula
731 4695 1017 4764 pervenire
1045 4695 1111 4749 ad
1140 4704 1343 4750 aeterna
1370 4695 1564 4767 gaudia
1598 4689 1897 4751 mereatur.
1924 4695 2050 4750 Per.

634 4784 802 4840 .Alia.
838 4786 978 4841 Deus
1006 4788 1100 4842 Dei
1140 4787 1311 4843 Filius
1353 4788 1503 4844 Iesus
1525 4789 1776 4844 Christus
1808 4788 2044 4843 Dnusnr
2071 4788 2160 4856 qui

593 4895 622 4932 a
647 4875 809 4932 Patre
834 4876 954 4933 oleo
980 4879 1326 4935 exultationis
1348 4889 1541 4936 unctus
1564 4888 1649 4935 est
1672 4892 1784 4950 prie
1809 4878 2167 4948 participibus

591 4969 720 5031 suis.
747 4967 860 5038 ipse
880 4980 1324 5039 perpraaseutem
1352 4988 1520 5027 sacrae
1547 4972 1815 5025 unctionis
1837 4968 2163 5025 infusionem

592 5058 827 5106 Snirims
858 5061 1029 5106 sanati
1060 5060 1333 5106 Paraclvti
1354 5078 1519 5106 mmor
1536 5071 1697 5106 nam",
1727 5071 1883 5106 tmtm
1914 5061 2167 5106 infundat

2271 4694 2339 4749 de
2365 4708 2472 4760 quo
2516 4691 2775 4761 propheta
2806 4687 2972 4743 David
3009 4687 3227 4749 cecinit,
3278 4685 3449 4741 Sedes
3497 4694 3590 4739 tua
3634 4684 3773 4738 Deus
3800 4682 3840 4735 in

2273 4783 2526 4837 saeculum
2565 4780 2771 4842 sxecnli,
2801 4778 2950 4849 virga
2982 4777 3274 4846 mqnitatis,
3298 4776 3449 4845 virga
3482 4775 3638 4846 regni
3671 4774 3765 4827 tui.
3789 4771 3842 4825 Et

2275 4873 2537 4928 imitando
2570 4872 2744 4941 ipsum
2800 4869 2997 4939 diligas
3035 4867 3319 4938 justitiam,
3370 4873 3426 4919 et
3480 4865 3613 4919 odio
3666 4864 3841 4919 habeas

2276 4966 2640 5035 iniquitatem,
2673 4963 2763 5033 qui
2790 4971 3075 5031 prepterea
3106 4959 3259 5013 unxit
3282 4966 3334 5013 te
3361 4956 3526 5020 Deus,
3559 4955 3707 5010 Deus
3737 4964 3836 5007 tuus

2278 5061 2345 5106 ad
2374 5058 2677 5106 nvpmnltlm
2709 5058 2870 5106 illius.
2906 5069 3066 5106 ouem
3099 5060 3225 5106 ante
3253 5049 3447 5106 smcula
3478 5054 3716 5103 tinxerat
3740 5046 3838 5100 oleo
