3962 6326
80 380 224 437 ΗΠ

1362 371 1767 430 BENEDlCTIO

1828 370 2132 427 llEGlNAS.
3208 372 3346 429 i|l8

77 503 178 547 tuo
208 470 533 563 imponitur,
565 501 835 559 quamque
875 461 1177 541 sanctitatis
1203 487 1449 558 gloriam,
1480 496 1535 541 et
1567 488 1664 541 ho-
1699 500 1740 550 Α
1776 486 1868 541 Dei
1899 497 1952 539 et
1995 461 2274 541 hominum
2321 495 2373 541 te
2419 486 2772 541 mediatorem
2808 485 2959 548 cirri,
2992 495 3047 540 et
3073 485 3244 556 pit-bis
3272 486 3349 557 (in

75 599 313 650 norem,
365 593 420 638 et
492 598 630 653 Optls
691 576 1022 635 fortitudinis
1092 595 1376 649 expresse,
1445 581 1661 650 signare

76 675 377 744 intelligas,
410 685 465 729 et
492 691 587 745 per
636 674 775 727 hanc
814 671 1131 744 participem
1166 670 1449 724 ministerii
1490 671 1661 729 nostri

73 781 188 821 non
212 766 461 836 ignores;
492 766 584 829 ita,
612 773 669 818 ut
690 764 829 818 sicut
849 777 947 817 nos
972 762 1022 815 in
1046 761 1397 816 interioribus
1420 771 1663 832 pastores

74 862 435 922 rectoresque
482 853 787 907 animarum
825 851 1194 919 intelligimus,
1241 858 1297 904 tu
1348 864 1561 920 quoque
1607 850 1661 905 in

73 944 450 999 exterioribus
495 959 655 998 verus
699 943 791 996 Dei
840 942 1033 1006 cultor,
1064 951 1425 1011 strenuusqne
1471 950 1661 996 contra

80 1049 287 1090 omnes
362 1035 718 1090 adversitates
795 1034 1047 1089 Ecclesia:
1108 1034 1308 1089 Christi
1369 1033 1659 1100 defensor,

75 1125 346 1195 regnique
373 1125 516 1178 tibia
542 1126 648 1180 Deo
669 1124 802 1188 dati,
827 1135 880 1180 et
900 1141 997 1195 per
1016 1124 1249 1178 alliciunt
1280 1134 1477 1177 nostra:
1500 1125 1665 1179 bene-

71 1215 338 1270 dictionis
367 1215 419 1270 in
445 1215 560 1271 vice
588 1217 949 1287 apostolorum
974 1218 1323 1285 omnimuque
1350 1226 1661 1272 sanctorum

80 1313 180 1358 tuo
214 1303 463 1377 regimini
501 1304 788 1360 commisso
816 1305 960 1360 utilis
989 1316 1270 1370 executor,
1303 1315 1663 1376 regnatorque

72 1392 363 1463 proficuus
414 1408 628 1463 semper
694 1410 957 1464 apparcas
1013 1412 1025 1449 :
1089 1406 1146 1449 ut
1204 1395 1347 1450 inter
1400 1396 1663 1467 gloriosos

69 1484 316 1539 athletas
356 1485 614 1538 virtutum
669 1486 896 1556 gemmis
930 1494 1157 1541 ornatus
1190 1495 1243 1541 et
1271 1488 1493 1556 praemio
1520 1503 1660 1541 sem-

68 1575 310 1643 piterna:
364 1572 641 1627 felicitatis
697 1583 987 1628 coronatus
1044 1590 1168 1631 cum
1224 1576 1531 1631 redemtore
1596 1591 1661 1631 ac

78 1664 371 1718 Salvatore
392 1663 509 1719 lesn
528 1663 744 1719 Christo
762 1663 914 1733 cujus
936 1679 1128 1720 nomen
1142 1664 1423 1737 vicemque
1445 1675 1662 1737 gestare

69 1755 341 1817 crederis,
370 1754 486 1809 sine
536 1756 642 1810 line
695 1754 965 1826 glorieris,
1009 1755 1100 1826 qui
1150 1756 1283 1810 vivit
1320 1765 1376 1811 et
1428 1758 1660 1827 imperat

73 1850 226 1903 Dens
297 1863 418 1902 cum
485 1848 594 1902 Deo
669 1847 830 1903 Patre
906 1848 961 1903 in
1049 1848 1246 1904 saecula
1314 1849 1655 1905 saeculorum.
1691 1846 1734 1906 Β

66 1943 125 2012 ut.
162 1941 331 1996 Amen
361 1940 534 2012 (235).

157 2029 228 2084 Et
252 2032 316 2085 ab
344 2047 403 2086 eo
430 2032 609 2086 statim
639 2030 850 2085 dicatur
875 2031 1042 2085 oratio
1078 2028 1154 2085 vel
1183 2029 1467 2085 benedictio
1502 2047 1659 2101 super

69 2138 219 2184 eum,
254 2124 371 2192 ‘qute
414 2132 461 2174 et
507 2132 733 2192 tempore
766 2121 953 2193 synodi
981 2122 1203 2175 dicenda
1234 2132 1329 2176 est.
1362 2121 1657 2177 Benedicat

70 2212 171 2265 tibi
198 2211 476 2279 Dominus,
495 2213 870 2283 custodiatque
894 2223 967 2277 te,
991 2221 1044 2268 et
1072 2213 1214 2269 sicut
1236 2224 1286 2269 te
1307 2213 1474 2269 voluit
1494 2230 1658 2284 super

68 2305 333 2375 populum
382 2321 537 2360 suum
584 2321 705 2361 esse
752 2321 952 2375 regem,
981 2305 1053 2360 ita
1083 2306 1137 2361 in
1180 2307 1429 2379 praesenti
1458 2307 1656 2363 saeculo

70 2394 292 2449 felicem
334 2404 550 2449 aiterure
598 2394 875 2450 felicitatis
922 2395 1126 2450 tribuat
1164 2410 1282 2451 esse
1323 2406 1651 2452 consortem.

68 2487 123 2553 ιῆ.
159 2486 353 2540 Amen.
382 2485 599 2540 Clerum
627 2502 692 2541 ac
720 2486 999 2557 populum,
1026 2502 1129 2558 qua
1161 2502 1258 2542 sua
1281 2487 1452 2542 voluit
1477 2489 1654 2557 opitu-

71 2576 296 2638 latione,
330 2578 381 2630 in
434 2586 525 2631 tua
578 2574 856 2633 sanctione
902 2579 1243 2651 congregari,
1285 2593 1382 2634 sua
1434 2580 1653 2649 dispen-

69 2669 309 2733 satione,
336 2678 388 2722 et
419 2677 508 2722 tua
552 2669 1023 2726 administratione
1073 2687 1170 2742 per
1213 2671 1469 2727 diuturna
1512 2682 1652 2727 tem-

69 2774 206 2828 pora
237 2756 399 2812 faciat
436 2759 669 2815 feliciter
714 2762 1025 2830 gubernari.
1059 2762 1114 2833 ιῆ.
1159 2761 1348 2818 Amen.
1387 2764 1653 2831 Quatinus

71 2846 296 2902 divinis'
338 2848 554 2903 monitis
605 2858 858 2921 parentes
913 2852 1332 2908 adversitatibus
1381 2863 1651 2922 carentes,

68 2940 231 2994 bonis
252 2940 502 2995 omnibus
518 2943 897 3009 exnberantes,
917 2952 1007 2999 tuo
1030 2942 1255 3014 imperio
1277 2943 1418 2999 fideli
1466 2961 1653 3002 amore

68 3032 458 3100 obsequentes,
487 3039 539 3085 et
600 3031 655 3086 in
714 3033 967 3103 prcesenti
1018 3035 1213 3090 sceculo
1263 3036 1652 3106 tranquillitate

68 3120 344 3187 fruantur,
396 3132 448 3177 et
501 3131 677 3203 terum
729 3134 1056 3180 arternorum
1120 3126 1323 3181 civium
1375 3129 1651 3184 consortio

64 3212 234 3282 potiri
266 3223 555 3268 mereatur.
585 3214 774 3270 Amen.
799 3215 951 3284 Quod
992 3217 1105 3288 ipse
1128 3227 1404 3289 praestare.

146 3303 343 3357 Deinde
363 3316 642 3360 coronatus
669 3306 953 3377 honoriﬁce
977 3326 1070 3379 per
1091 3310 1302 3364 chorum
1332 3311 1560 3367 ducatur
1582 3315 1647 3369 de

67 3394 238 3448 altari
286 3395 349 3449 ab
388 3397 639 3466 episcopis
678 3414 838 3467 usque
878 3398 947 3452 ad
986 3399 1196 3464 solium,
1251 3413 1467 3457 canente
1505 3404 1645 3461 clero

71 3485 482 3555 Responsorium
527 3486 860 3544 Desiderinm
898 3490 1111 3545 animm.
1144 3490 1346 3546 Deinde
1386 3493 1525 3547 dicat
1548 3494 1647 3549 sibi

67 3575 528 3645 metropolita‘nus.
561 3576 657 3633 Sta
695 3589 750 3634 et
777 3580 948 3635 retine
973 3579 1148 3636 locum
1179 3584 1451 3649 ammodo,
1485 3600 1644 3656 quem

66 3668 351 3735 hucusque
398 3677 625 3736 paterna
651 3662 994 3726 successione
1038 3669 1255 3725 tenuisti
1298 3671 1649 3731 haereditario

59 3760 189 3827 jure
219 3757 363 3829 (936)
399 3759 700 3831 delegatum
733 3776 829 3831 per
852 3763 1230 3816 auctoritatem
1274 3764 1367 3819 Dei
1398 3765 1646 3836 omnipo-

68 3848 260 3911 tentis,
290 3856 343 3901 et
386 3860 705 3919 prmsentem
740 3851 1084 3909 traditionem
1120 3864 1363 3910 nostram
1400 3857 1638 3910 omnium

66 3938 284 3992 scilicet
320 3941 706 4009 apostolorum,
737 3952 1172 4015 cazterorumque
1211 3945 1304 4000 Dei
1337 3962 1642 4013 servorum,

64 4034 129 4078 et
156 4035 413 4095 quantum
456 4028 661 4085 clerum
704 4032 877 4085 sacris
906 4032 1168 4089 altaribus
1200 4036 1642 4107 propiuquiorem

64 4116 337 4186 prospicis
405 4129 554 4174 tanto
620 4120 670 4174 ei
738 4123 1003 4191 potiorem
1067 4125 1119 4180 in
1190 4125 1327 4181 locis
1384 4128 1643 4198 congruis

64 4205 330 4259 honorem
356 4205 664 4277 impendere
696 4212 1007 4267 memineris
1041 4230 1054 4266 :
1087 4214 1341 4284 quatinus
1381 4216 1645 4270 mediator

71 4369 467 4395 ο--ιημ--ο

1762 581 1858 634 Ιιοσ
1908 578 2021 631 loco
2079 579 2239 647 faciat
2278 596 2393 632 eum
2425 579 2602 632 sedere
2644 577 2865 630 domnus
2920 575 3347 646 melropolitauus

1761 670 1959 737 (licens)
1990 668 2042 720 in
2098 668 2200 722 hoc
2254 666 2404 738 regni
2453 665 2588 721 solio
2633 665 2939 728 confirmet,
2983 676 3037 720 et
3085 665 3137 719 in
3183 679 3347 736 regno

1761 767 1963 810 (l‘lCI'ttO
2013 772 2194 811 secum
2257 773 2483 828 regnare
2534 755 2698 808 faciat
2742 754 2825 808 llis
2868 753 2975 823 Xps
3021 755 3128 808 Dus
3160 770 3224 807 ur
3253 770 3347 809 rex

1765 864 1949 918 regum
2004 858 2059 902 et
2116 849 2374 903 Dominus
2431 848 2846 904 dominantium.
2902 846 3006 914 Qui
3062 862 3184 902 cum
3235 847 3347 902 Deo

1764 940 1835 993 Pa
1846 952 1953 994 tre.

1790 1016 1797 1023 “
1836 1028 1980 1081 Tunc
2016 1029 2093 1081 det
2130 1027 2234 1081 illis
2264 1026 2496 1081 osculum
2533 1027 2692 1097 pacis.
2728 1026 2958 1080 Cunctas
2992 1037 3165 1080 autem
3188 1025 3343 1079 cleri-

1762 1102 1941 1174 corum
1988 1131 2146 1173 caenis
2190 1119 2279 1173 illo
2311 1133 2504 1173 rectore
2530 1121 2762 1189 gaudens
2806 1117 3111 1172 sonantibus
3138 1117 3344 1187 hymnis

1702 1228 1716 1243 '
1761 1212 1868 1266 alta
1893 1229 2009 1267 voce
2038 1214 2275 1265 coucinal
2302 1214 2437 1266 [tunc
2460 1217 2708 1281 hymnum
2739 1210 2814 1265 Te
2836 1210 3004 1265 Deum
3034 1210 3340 1265 laudamus.

1765 1303 1909 1359 Tunc
1934 1305 2206 1374 episwpus
2239 1304 2669 1375 metrolioutanus
2697 1303 2907 1355 missam
2938 1300 3151 1354 celebret
3189 1300 3345 1369 plena

1760 1394 2107 1469 processione.
2145 1393 2284 1448 Deus
2304 1393 2392 1462 qui
2420 1392 2558 1447 miro
2580 1392 2770 1446 ordine
2798 1391 3051 1445 universa
3079 1389 3342 1459 disponis,

1760 1498 1817 1543 et
1846 1484 2195 1539 ineil‘abiliter
2223 1483 2512 1555 gubernas,
2560 1491 2754 1553 prtesta
2801 1496 3142 1551 quaesumus,
3175 1490 3235 1533 ιιι
3264 1478 3343 1532 fa-

1762 1582 1940 1636 mulus
1971 1591 2093 1639 tuus
2136 1578 2202 1633 N.
2237 1580 2352 1633 lucc
2379 1579 2431 1633 in
2464 1578 2624 1633 huius
2666 1575 2848 1632 saeculi
2882 1591 3041 1631 cursu
3069 1572 3343 1644 implenda

1760 1675 2040 1739 decernat,
2074 1672 2214 1727 unde
2238 1671 2332 1727 tibi
2363 1670 2415 1725 iu
2445 1679 2761 1745 perpetuum
2790 1669 3007 1743 placere
3027 1666 3339 1740 praevaleat.

1762 1764 1886 1820 Per.

2405 1854 2701 1907 becrctum.

1832 1943 2080 2001 Concede
2119 1956 2430 2013 quaesumus
2469 1940 2811 2008 omnipotens
2845 1936 2989 1992 Deus
3030 1937 3116 1991 his
3144 1936 3343 1990 saluta-

1760 2036 1911 2092 ribus
1938 2033 2220 2089 sacriliciis
2243 2031 2508 2102 placatus,
2536 2040 2593 2084 ut
2615 2030 2846 2084 faumlus
2878 2037 2999 2082 tuus
3028 2026 3094 2082 N.
3128 2028 3191 2081 ad
3217 2042 3341 2098 per-

1755 2127 2019 2199 agendum
2050 2125 2245 2195 regalis
2274 2122 2555 2194 dignitatis
2580 2120 2814 2177 olllcium
2857 2121 3162 2176 inveniatur
3192 2132 3337 2172 sem-

1757 2234 1856 2289 per
1884 2215 2170 2280 iudonens,
2201 2223 2255 2272 ct
2289 2214 2495 2271 coelesti
2529 2214 2717 2284 patriae
2760 2212 3016 2269 reddatur
3064 2217 3338 2279 acceptus.

1754 2312 1877 2370 Per.

2156 2386 2157 2389 η
2219 2399 2515 2455 Benedictio
2544 2397 2872 2469 episcopalis.

1828 2492 2183 2562 Omnipotens
2235 2490 2412 2554 Deus,
2447 2474 2536 2558 qui
2591 2498 2642 2543 te
2676 2486 2854 2558 populi
2906 2486 2991 2540 sui
3027 2483 3339 2539 voluitesse

1760 2596 2029 2642 rectorem
2063 2584 2178 2653 ipse
2220 2591 2271 2637 te
2314 2581 2518 2636 ccclesti
2569 2578 2943 2635 benedictione
2987 2574 3338 2633 sanctificans

1755 2675 1947 2732 aeterni
1988 2674 2135 2747 regni
2171 2671 2336 2728 faciat
2359 2687 2478 2727 esse
2505 2682 2849 2744 consortem._
2999 2736 3002 2741 ἢ

1825 2769 2031 2823 Oratio.
2092 2765 2471 2841 Cpttcedatque
2525 2766 2618 2820 tibi
2685 2772 2874 2819 contra
2942 2777 3133 2816 omnes
3210 2758 3333 2816 fidei

1755 2857 2067 2913 christiana:
2094 2856 2279 2909 hostes
2315 2840 2554 2908 visibiles
2598 2861 2654 2907 et
2703 2849 3003 2907 invisibiles
3050 2850 3339 2904 victorian

1754 2946 2157 3018 triumphalem,
2198 2953 2253 3001 et
2298 2944 2448 3016 pacis
2488 2956 2649 3013 atque
2702 2942 2899 3012 quietis
2954 2939 3340 2994 ecclesiastica:

1755 3038 2122 3095 felicissimum
2178 3045 2227 3090 te
2258 3035 2360 3090 sibi
2393 3034 2552 3103 longe
2599 3042 2817 3102 lateque
2864 3029 3227 3084 fundatorem.
3266 3028 3339 3080 A-

1754 3147 1899 3185 men.
1932 3129 2196 3196 Quatinus
2228 3136 2277 3182 te
2298 3125 2661 3198 gubernacula
2687 3123 2835 3195 regni
2864 3130 3077 3178 tenente
3102 3119 3335 3192 populus

1665 3221 1710 3282 C
1743 3225 1842 3279 sibi
1874 3223 2147 3279 subiectus
2195 3223 2504 3278 christiana:
2544 3221 2818 3291 religionis
2870 3219 2986 3272 iura
3016 3216 3331 3272 custodiens

1752 3316 1986 3384 undique
2018 3322 2161 3368 tutus
2196 3328 2326 3382 pace
2385 3310 2668 3382 tranquilla
2713 3308 3043 3380 perfruatur,
3092 3317 3148 3361 et
3180 3316 3233 3360 te
3266 3307 3320 3362 in

1753 3408 1987 3463 concilio
2014 3407 2300 3462 beatorum
2330 3405 2592 3460 collocato
2622 3414 2825 3459 acterna
2851 3400 3114 3457 felicitate
3140 3400 3345 3454 ibidem,

1754 3505 1928 3551 tecum
1957 3496 2162 3565 pariter
2191 3493 2427 3565 gaudere
2480 3502 2774 3550 mereatur.
2834 3490 2987 3560 Quod
3038 3492 3154 3560 ipse
3200 3505 3339 3558 prte-

1750 3595 1915 3659 stare.

1819 3676 1902 3729 Αιι
1933 3673 2330 3744 Complemlum.
2372 3672 2498 3728 lltee
2530 3658 2756 3727 Domine
2790 3670 3046 3726 salutaris
3081 3668 3339 3725 sacrificii

1748 3764 2026 3833 perceptio
2058 3763 2241 3817 famuli
2279 3762 2351 3816 tui
2375 3761 2439 3816 Ν.
2473 3769 2821 3832 peccatorum
2861 3758 3101 3813 maculas
3131 3758 3327 3821 diluat,

1748 3863 1806 3909 ut
1846 3854 1912 3907 ad
1943 3852 2234 3921 regendum
2263 3851 2559 3907 secundum
2601 3860 2750 3923 tuam
2778 3848 3108 3903 voluntatem
3150 3862 3323 3916 popu-

1747 3942 1858 3998 lum
1882 3940 2132 3996 idoueum
2165 3940 2315 3995 illurn
2344 3941 2564 4006 reddat;
2603 3947 2661 3994 ut
2692 3940 2796 3993 hoc
2819 3937 3043 3993 salutari
3069 3935 3330 4007 m3'sterio

1745 4041 1931 4088 contra
1954 4018 2193 4086 visibiles
2221 4039 2275 4086 et
2296 4030 2589 4086 invisibiles
2607 4032 2790 4086 hostes
2814 4029 3071 4083 reddatur
3093 4028 3325 4082 invictus

1744 4137 1844 4192 per
1912 4120 2055 4191 quod
2114 4120 2345 4176 mundus
2397 4119 2578 4176 divina
2630 4118 2984 4189 dispositione
3036 4117 3347 4201 tedetntus.‘

1749 4218 1874 4272 Per.

2072 4372 3324 4399 ——-———————————-———-—-——-‘

994 4550 1732 4644 BENEDICTIO
1806 4552 2329 4644 REGINIE.

137 4922 208 4979 In
267 4922 499 4992 ingressu
550 4921 777 4976 ecclesia:
829 4922 969 4977 dicat
1017 4925 1283 4995 episcopus
1332 4925 1641 4979 orationem.
1671 4907 1723 4968 Ῑ)
1749 4937 1976 4993 qumque
1998 4919 2327 4977 confundere
2350 4922 2602 4988 docuisti,
2631 4922 2720 4993 qui
2748 4922 2911 4977 etiam
2940 4921 3124 4992 gloria:
3152 4924 3335 4980 virtn~

63 5016 423 5086 Omnipotens
462 5015 788 5084 sempiterne
826 5014 1003 5079 Deus,
1054 5014 1175 5070 fons
1203 5025 1258 5070 et
1287 5016 1439 5086 origo
1482 5017 1646 5071 totius

62 5108 354 5170 bonitatis,
381 5107 471 5175 qui
499 5104 716 5161 feminei
744 5121 907 5163 sexus
933 5107 1274 5177 fragilitatem
1299 5122 1642 5177 nequaquam

65 5197 413 5268 reprobando
462 5199 764 5260 aversaris,
797 5200 889 5252 sed
928 5198 1214 5269 dignanter
1244 5200 1644 5268 comprobanda

62 5291 251 5360 potius
279 5288 431 5360 eligis
452 5328 467 5352 ,
497 5297 551 5343 et
578 5287 670 5358 qui
716 5286 928 5345 infirma
976 5289 1160 5344 mundi
1200 5289 1448 5359 eligendo
1478 5289 1642 5347 fortia

136 5421 293 5495 (235)
339 5421 628 5495 llucusque
661 5432 911 5495 congruit
951 5422 1155 5478 Pontif.
1201 5425 1383 5490 Rom.,
1430 5425 1484 5480 in
1533 5441 1641 5494 quo

64 5495 225 5548 deest
254 5494 557 5549 benedictio
586 5509 837 5563 sequens,
868 5510 932 5549 ex
955 5495 1129 5550 tribus
1151 5504 1403 5550 constans
1431 5499 1641 5552 oratio-

64 5566 251 5635 nibus,
272 5564 587 5635 utautiqute
610 5565 1012 5620 benedictiones
1033 5566 1367 5635 episcopales
1390 5567 1442 5620 in
1473 5566 1637 5621 missa

68 5632 203 5706 Igieri'
234 5633 429 5705 solita:
487 5632 887 5706 diversteﬂpro
940 5632 1256 5706 diversitate
1307 5636 1515 5691 dierum
1575 5652 1639 5691 ac

67 5704 370 5767 festorum,
424 5714 483 5758 ut
510 5705 617 5759 vol.
660 5705 676 5759 l
720 5704 953 5759 Monum.
992 5721 1045 5774 p.
1092 5704 1190 5758 551
1222 5706 1406 5761 videre
1433 5717 1536 5769 est,
1577 5722 1641 5761 ac

70 5790 193 5829 mox
232 5776 319 5829 hic
348 5775 449 5828 alia
468 5775 719 5845 sequitur
737 5792 834 5831 suo
860 5777 975 5831 loco
1002 5777 1054 5830 in
1076 5776 1438 5831 celebratione
1465 5778 1641 5832 missa‘

1748 5017 1922 5085 tisque
1967 5024 2070 5069 tuae
2114 5015 2441 5082 triumphum
2472 5015 2522 5068 in
2555 5031 2715 5069 manu
2744 5015 2929 5071 Iudith
2958 5015 3169 5072 femina:
3190 5016 3335 5087 olim.

1747 5103 1983 5159 Judaiete
2011 5103 2151 5174 plebi
2177 5103 2243 5159 de
2270 5106 2423 5160 hoste
2444 5106 2744 5161 swvissimo
2765 5108 3042 5176 resignare
3068 5108 3327 5172 voluisti;

1748 5198 1955 5268 respice
1980 5206 2291 5268 qutesnmus
2317 5213 2506 5267 preces
2549 5199 2867 5253 humilitatis
2890 5207 3088 5254 nostra:
3108 5238 3124 5263 ,
3155 5208 3210 5252 et
3236 5214 3327 5252 su-

1747 5305 1845 5360 per
1870 5291 2011 5345 hanc
2040 5289 2294 5345 famulam
2326 5300 2473 5346 tuam
2504 5290 2568 5346 N.
2594 5307 2757 5362 quam
2782 5290 3009 5362 supplici
3036 5290 3328 5345 devotione

1750 5430 1922 5499 posita
1950 5437 2078 5499 ante
2111 5425 2227 5483 Pax
2258 5428 2488 5493 Domini,
2512 5438 2618 5485 etc.

1819 5498 2168 5571 (236)‘Verba
2200 5515 2320 5571 qua:
2362 5501 2656 5571 pertinent_
2676 5499 3070 5571 adipaternam
3099 5512 3319 5571 spcces;

1743 5566 1956 5625 sionem
1970 5568 2167 5639 jusque
2196 5566 2599 5625 litereditarium
2627 5566 3005 5639 desiderantur
3027 5567 3080 5623 in
3117 5566 3323 5639 Pontif.

1750 5640 1943 5703 noun;
1975 5637 2258 5694 habentur
2300 5655 2431 5695 vero
2461 5642 2511 5694 in
2542 5638 2660 5694 cod.
2694 5637 2835 5693 Bibl.
2865 5639 3005 5709 regis
3030 5638 3168 5696 Call.
3198 5652 3359 5692 cnm'

1740 5710 1954 5833 iisrqua:
1984 5720 2286 5792 sequuntur
2344 5712 2408 5767 de
2436 5725 2560 5779 rege
2592 5709 2643 5764 in
2670 5709 2852 5765 sedem
2878 5709 3201 5777 constituto,
3218 5722 3333 5767 cent

1743 5795 1801 5833 SO
1827 5797 1934 5833 ιιιιιι
1966 5796 2121 5833 ream
3330 5832 3333 5833 ,

1743 5795 1934 5834 sonum
1966 5796 2121 5852 regat
