3962 5386
647 172 786 241 “'23

1391 191 1677 247 APPEND.
1718 193 1810 246 AD
1840 187 2013 249 S.EC.
2053 193 2119 248 Χ.
2146 223 2214 232 -
2253 191 3008 250 MONUMENTA'LITUBG.

3731 204 3835 260 liii

653 303 911 359 stolorum
941 304 993 358 in
1025 290 1240 359 nomine
1271 292 1448 359 Patris
1486 314 1540 358 et
1565 296 1704 367 Filii.
1736 314 1787 360 et
1816 305 2049 375 Spiritus
2100 321 2223 360 san-
2254 308 2293 363 Λ
2328 315 2378 359 te
2427 307 2756 363 adorandum
2792 308 2972 362 multis
3015 307 3273 378 prodigiis
3299 310 3480 365 venire
3529 310 3732 368 fecisti:
3767 318 3839 375 ια

646 391 742 456 eti,
766 401 820 445 et
844 406 940 460 per
960 392 1397 446 intercessionem
1423 391 1595 447 beatae
1618 393 1709 447 Dei
1733 394 2010 462 genitricis
2036 392 2215 449 Mariae

644 488 700 547 et
732 480 970 534 omnium
1002 480 1400 549 Apostolorum,
1430 491 1592 553 atque
1615 484 1854 537 omnium
1888 484 2209 538 Sanctorum

646 572 957 627 mereamini
987 573 1038 627 in
1064 574 1164 628 hoc
1186 574 1383 629 smculo
1423 576 1665 645 accipere
1694 577 2064 631 remissionem
2096 568 2214 631 om-

643 661 790 714 nium
822 671 1187 730 peccatorum.
1230 663 1355 717 etin
1385 663 1565 718 futuro
1614 666 1947 719 consortium
1974 668 2213 719 onmium

642 750 862 805 heaioru
872 767 941 803 ιιι.
975 751 1078 805 Per
1109 752 1261 805 Dmu.
1548 767 1554 773 '

621 840 627 847 '
700 840 851 895 'Alia.
892 839 1244 910 Omnipotens
1290 842 1615 911 sempiterno
1653 844 1815 907 Deus,
1856 842 2074 896 humani
2116 856 2209 910 ge-

640 930 788 985 neris
819 931 1138 986 reformator
1176 943 1228 987 et
1261 941 1470 998 auctor,
1511 934 1601 1003 qui
1631 932 1861 987 Abrahze
1908 949 2075 1003 puero
2120 943 2212 986 tuo

639 1032 701 1076 ut
727 1023 828 1078 iret
852 1025 1087 1079 de'terra
1118 1025 1411 1079 nativitatis
1440 1040 1569 1088 sum,
1594 1032 1648 1079 et
1679 1024 1889 1079 veniret
1927 1024 1978 1077 in
2011 1035 2209 1095 terram

641 1114 1096 1183 repromissionis,
1128 1130 1288 1185 quam
1330 1115 1378 1170 ei
1430 1115 1649 1168 daturus
1685 1116 2030 1183 promiseras,
2074 1131 2214 1185 pra:-

640 1205 866 1273 cepisti;
901 1221 997 1259 nec
1026 1220 1129 1259 non
1161 1214 1212 1258 et
1239 1204 1489 1275 populum
1516 1203 1868 1259 lsraeliticum
1900 1206 1954 1258 in
1999 1205 2214 1261 deserto

685 1362 1434 1388 W

2321 411 2628 464 quaesumus
2655 400 2720 452 ad
2751 401 3027 452 beatorum
3064 399 3208 453 Petri
3243 409 3293 455 et
3320 400 3469 455 Pauli
3494 402 3671 457 limina
3705 415 3750 461 te
3771 411 3825 465 ad

2321 500 2478 539 orare
2510 500 2794 558 pergentes
2821 504 2849 541 a
2878 487 3130 558 periculis
3154 490 3399 544 omnibus
3426 504 3607 553 eruas.
3636 503 3824 563 etapec

2321 588 2563 632 calorum
2596 580 2819 633 nexibus
2841 580 3133 634 solvas..Et
3176 590 3229 634 tu
3258 582 3345 649 qui
3372 596 3430 636 es
3462 596 3594 635 vera
3638 584 3716 637 via
3740 586 3783 639 in
3805 576 3841 644 te

2322 673 2713 729 conﬁdentibus
2742 689 2927 728 eorum
2957 674 3057 727 iter
3080 675 3216 727 bene
3241 675 3487 743 dispone,
3520 682 3581 728 ιιι
3607 675 3734 730 inter
3755 694 3822 732 om

2322 777 2417 815 nes
2468 761 2626 829 hujus
2685 764 2862 817 smculi
2925 765 3356 833 perturbationes
3402 774 3494 817 tuo
3547 776 3836 837 protegantur

2315 851 2532 904 auxilio.
2563 850 2710 905 Mitte
2744 853 2824 906 eis
2853 853 3075 908 Domine
3098 853 3342 923 angelum
3374 861 3548 916 tuum,
3579 869 3726 923 quem
3764 857 3823 911 το

2313 939 2414 992 bize
2445 938 2643 993 famulo
2669 950 2760 995 tuo
2784 941 3037 996 comitem
3067 942 3280 1007 dedisti,
3306 951 3365 995 ut
3389 944 3707 1014 ubicumque
3728 962 3822 1001 man

2315 1030 2502 1092 seriut,
2535 1030 2604 1084 sit
2631 1031 2734 1086 illis
2758 1032 3010 1101 defensor
3036 1040 3221 1086 contra
3251 1033 3478 1087 insidias
3508 1034 3735 1087 omnium
3760 1036 3837 1088 ini-

2315 1118 2577 1172 micorum
2615 1119 2905 1173 visibilium
2933 1129 2986 1175 et
3011 1121 3378 1186 invisibilium,
3408 1131 3674 1190 quatenus
3692 1121 3780 1177 latti
3801 1135 3839 1179 et

2312 1206 2605 1264 incolomes
2630 1208 2695 1264 ad
2720 1224 2817 1266 nos
2844 1210 3039 1266 iterum
3076 1212 3252 1266 redire
3281 1212 3631 1282 praevaleant.
3658 1212 3766 1269 Per.

1439 1360 3842 1389 __._.__.._______________________________

1378 1521 1716 1616 oaoo
1785 1474 3134 1623 EXCOMMUNlCATIONIS.

1985 1745 2524 1769 Μ

638 1907 643 1912 ’
707 1919 845 1961 οιιῃο
884 1914 1453 1963 εχςομῃυῃιρλτιοῃις,
1489 1912 1756 1962 anAn-nm
1793 1894 2148 1961 ὺῃηςρυιςρυε
2237 1879 2285 1939 Β
2313 1873 2561 1933 Christus
2621 1886 2722 1931 εει.
2771 1876 2980 1950 δίηειιῐί
3028 1887 3207 1935 autem
3249 1895 3436 1937 sumus
3489 1883 3630 1938 alter
3667 1884 3843 1938 alterius

829 1976 1234 2029 tuconntcmims
1272 1985 1744 2026 ANA'I‘IIEMATIZABI
1790 1984 2019 2024 unus”.

696 2047 795 2117 (Ex
820 2047 940 2100 cod.
968 2044 1069 2098 277
1098 2041 1261 2119 theol.
1295 2040 1591 2095 V'indobon.
1623 2054 1748 2094 szec.
1790 2055 1866 2093 xu
1901 2039 1983 2092 vel
2009 2036 2155 2107 xui.)

600 2214 607 2219 ,
705 2153 993 2224 Episcopus
1016 2169 1139 2206 cum
1168 2149 1615 2205 cxcommunicare
1659 2147 1735 2203 vel
1763 2148 2207 2203 analliemalizare

633 2240 856 2316 aliquem
885 2263 979 2317 pro
1007 2245 1158 2299 certis
1197 2254 1244 2298 et
1282 2242 1571 2311 ntanijestis
1594 2239 1872 2295 sceleribus
1900 2239 2207 2311 dispositum

633 2341 806 2403 habet,
845 2347 959 2408 post
997 2336 1267 2391 lectionem
1289 2331 1561 2403 Evangelii
1585 2331 1779 2388 clerum
1809 2342 1855 2386 el
1893 2331 2090 2403 plebem
2134 2332 2207 2385 ita

600 2429 775 2489 gdebet
835 2425 1051 2496 alloqui.
1111 2422 1330 2481 Noverit
1375 2422 1571 2477 caritas
1604 2430 1810 2489 vestra,
1832 2420 2031 2493 fratres
2076 2418 2204 2484 mei,

524 2573 535 2583 ,
632 2519 771 2589 quod
797 2518 1013 2588 quidam
1055 2516 1137 2570 vir
1162 2514 1382 2570 nomine
1408 2511 1473 2566 Ν.
1503 2510 1716 2568 diabolo
1756 2512 2019 2567 suadente
2057 2518 2204 2582 post-

633 2627 844 2683 ponens
884 2609 1236 2665 cbristianam
1265 2604 1676 2676 promissionem
1729 2617 1891 2673 quam
1928 2603 1986 2661 in
2028 2602 2205 2672 bapti-

630 2720 749 2760 smo
776 2701 1050 2774 professus
1068 2709 1150 2756 est
1170 2714 1267 2769 per
1291 2696 1619 2768 apostasiam
1639 2710 1929 2757 conversus
1966 2702 2087 2766 post
2112 2710 2206 2751 sa-

633 2804 815 2848 tanam
843 2792 929 2847 cui
957 2789 1386 2853 abrenunciavit,
1423 2796 1478 2843 et
1509 2786 1758 2842 omnibus
1782 2776 2035 2856 cperibus
2064 2784 2204 2854 ejus,

628 2884 841 2939 vineam
877 2881 1074 2939 Christi
1114 2880 1168 2937 id
1207 2888 1289 2959 est
1328 2878 1617 2936 ecclesiam
1662 2875 1782 2946 ejus
1828 2877 2112 2933 devastare
2151 2887 2205 2939 et

594 2976 923 3047 depraedari
964 2989 1070 3029 non
1112 2971 1463 3044 pertimescit,
1503 2985 1772 3041 pauperes
1810 2968 2033 3033 Christi,
2068 2984 2205 3039 quos

593 3103 599 3108 ι
629 3065 867 3136 pretioso
891 3063 1151 3132 sanguine
1182 3077 1279 3118 suo
1308 3060 1555 3126 redemit,
1576 3059 1838 3129 violenter
1871 3060 2202 3130 opprimens,

625 3164 685 3211 et
719 3154 1067 3217 interﬁciens,
1094 3162 1151 3208 et
1186 3154 1326 3208 bona
1362 3165 1549 3205 eorum
1574 3149 1851 3221 diripiens.
1884 3150 2037 3211 Unde
2076 3152 2203 3221 quia
2236 3178 2239 3183 ε

2306 1965 2663 2032 membra;et
2708 1964 2753 2020 si
2804 1967 3130 2037 compatitur
3158 1984 3323 2024 unum
3365 1971 3691 2037 membrum,
3732 1988 3845 2027 com-

2305 2056 2582 2126 patiuntur
2614 2056 2796 2112 omnia
2821 2058 3061 2115 membra
3088 2077 3101 2110 :
3133 2060 3319 2130 procul
3353 2061 3524 2118 dubio
3551 2064 3604 2117 in
3627 2079 3715 2118 nos
3749 2080 3844 2135 pec-

2298 2138 2412 2215 cat,
2440 2149 2531 2217 qui
2555 2151 2796 2205 membra
2829 2159 3013 2206 nostra
3042 2150 3204 2207 laedit.
3229 2152 3391 2209 Jubet
3418 2154 3592 2222 igitur
3616 2156 3842 2219 Dominis,

2305 2248 2363 2295 ut
2397 2242 2585 2306 frater,
2621 2240 2673 2296 id
2703 2250 2788 2298 est
2825 2242 3174 2309 christianos,
3207 2244 3259 2299 in
3295 2261 3395 2300 nos
3435 2261 3690 2316 peccans,
3710 2249 3845 2318 primo

2305 2340 2513 2386 secrete
2537 2332 2892 2402 corripiatur,
2938 2333 3130 2391 deinde
3175 2350 3295 2389 cum
3330 2336 3564 2391 testibus
3597 2337 3842 2407 redargua-

2294 2425 2414 2485 itur,
2431 2418 2720 2475 novissime
2745 2419 2798 2474 in
2818 2430 3079 2479 conventu
3108 2422 3348 2478 ecclesiae
3367 2423 3588 2493 publice
3608 2426 3845 2481 eouveuia-

2306 2515 2412 2562 tur.
2446 2508 2646 2576 Quodsi
2671 2510 2770 2565 bas
2792 2520 2901 2567 tres
2928 2514 3397 2581 commonitiones,
3439 2524 3499 2570 et
3558 2517 3670 2588 pias
3700 2532 3844 2571 curre-

2282 2602 2518 2673 ‘ptiones
2542 2606 2898 2676 contempnit,
2929 2616 2983 2662 et
3011 2607 3324 2663 satisfacere
3347 2609 3603 2679 despicit,
3638 2612 3843 2683 posthac

2305 2691 2376 2747 sit
2405 2691 2497 2747 tibi
2522 2692 2664 2749 sicut
2701 2695 2951 2751 ethnicus
2991 2707 3044 2753 et
3073 2697 3411 2768 publicanus,
3445 2700 3509 2756 id
3546 2711 3630 2756 est
3672 2702 3843 2772 gentilis

2294 2790 2357 2852 et
2381 2798 2654 2853 paganus;
2685 2795 2870 2841 utnon
2886 2788 2999 2858 jam
3033 2804 3132 2859 pro
3156 2791 3471 2857 christiano,
3512 2794 3609 2850 sed
3649 2810 3734 2865 pro
3774 2808 3843 2862 pa-

2304 2889 2444 2945 gano
2474 2875 2757 2933 habeatur.
2789 2878 2857 2933 Et
2903 2879 2956 2934 in
2986 2880 3090 2935 alio
3137 2881 3255 2936 loco
3286 2885 3596 2939 membrum
3617 2925 3633 2952 ,
3674 2883 3790 2954 quod
3821 2899 3844 2936 ει

2305 2981 2402 3022 sua
2431 2981 2689 3038 compage
2717 2969 3025 3038 resolvitur,
3056 2981 3109 3028 et
3132 2988 3161 3027 a
3184 2971 3438 3042 junctura
3488 2976 3727 3031 caritatis
3757 2975 3843 3028 dis-

2304 3056 2562 3123 sociatur,
2590 3066 2646 3114 et
2686 3073 2851 3114 omne
2891 3075 3089 3132 corpus
3117 3063 3483 3130 scandalizat,
3540 3065 3773 3121 Dominus
3803 3072 3843 3117 cl

2304 3148 2529 3216 abscidi,
2559 3158 2613 3205 et
2656 3150 2848 3220 projici
2893 3150 3051 3221 jubet
3079 3155 3302 3211 dicens:
3342 3156 3400 3211 Si
3440 3158 3652 3221 oculus,
3677 3170 3839 3214 manus.

598 3284 599 3287 η
627 3245 773 3302 ﬁlius
795 3243 953 3313 hujus
977 3251 1179 3299 nostra:
1207 3240 1466 3305 ecclesiae,
1498 3240 1587 3296 cui
1622 3239 1732 3297 Deo
1757 3249 1979 3298 auctore
2015 3243 2204 3314 prmsi-
2230 3240 2274 3303 C
2307 3239 2382 3295 vel
2407 3257 2497 3312 pes
2543 3250 2664 3296 tuus
2690 3243 3018 3299 scandalizat
3048 3255 3118 3309 te,
3149 3246 3356 3302 abscide
3401 3265 3549 3314 eam,
3600 3258 3646 3303 et
3686 3245 3840 3316 ιτολὶτι

628 3339 845 3417 demus,
869 3335 1130 3392 debuerat
1149 3348 1290 3398 esse,
1314 3331 1440 3402 quia
1464 3331 1517 3385 in
1546 3346 1610 3386 ea
1637 3347 1735 3403 per
1755 3348 1951 3402 aquam
1983 3342 2038 3389 et
2080 3334 2204 3403 Spi-

623 3431 790 3485 ritum
832 3435 1076 3484 sanctum
1122 3432 1340 3484 renatus
1366 3431 1471 3489 est,
1496 3433 1557 3489 et
1584 3424 1729 3478 inter
1755 3424 2037 3495 adoptivos
2068 3425 2205 3481 ﬁlios

624 3524 720 3579 Dei
748 3529 1154 3586 annumeratus,
1201 3518 1450 3588 quamvis
1497 3517 1659 3573 modo
1687 3516 1828 3573 ﬁlius
1869 3517 2066 3572 diaboli
2110 3518 2198 3583 sit,

2307 3332 2399 3388 abs
2447 3342 2516 3387 te.
2561 3333 2628 3389 Et
2666 3335 2976 3406 Apostolus,
3009 3336 3232 3408 auferte,
3269 3338 3464 3409 inquit,
3489 3355 3685 3393 malum
3721 3355 3748 3391 ιι
3776 3352 3840 3389 ro-

2307 3422 2404 3476 bis.
2446 3423 2512 3478 Et
2540 3424 2706 3480 item:
2741 3425 2802 3481 Si
2835 3427 2955 3499 quis
2979 3427 3147 3496 frater
3171 3428 3493 3493 nuntiantur,
3544 3441 3593 3484 et
3620 3440 3689 3484 est
3710 3426 3841 3498 {omi-

2306 3524 2453 3569 cator
2477 3524 2568 3568 aut
2590 3514 2816 3582 adulter,
2851 3526 2942 3571 aut
2978 3518 3274 3585 homicida;
3302 3528 3392 3573 aut
3432 3537 3625 3589 rapax,
3652 3536 3752 3573 rem
3768 3520 3841 3570 Ιιιιο

619 3613 885 3668 imitando
931 3609 1231 3674 diabolum,
1287 3606 1501 3663 solliciti
1553 3620 1621 3662 ne
1681 3622 1779 3677 per
1827 3607 2203 3679 negligentiam
2296 3604 2534 3674 jusmodi
2563 3622 2656 3659 nec
2684 3606 2852 3660 cibum
2878 3623 3080 3662 sumere
3110 3606 3247 3662 licet.
3279 3608 3342 3665 Et
3369 3605 3842 3663 Juliannesdileelus

618 3700 955 3773 pastoralem
978 3697 1152 3768 aliqua
1179 3696 1248 3751 de
1264 3697 1456 3752 ovibus
1479 3696 1633 3752 nobis
1657 3695 1878 3751 creditis
1906 3696 2201 3767 deperiret,

617 3807 723 3863 pro
760 3806 866 3861 qua
897 3790 949 3845 in
989 3787 1267 3845 tremendo
1287 3786 1491 3858 judicio
1529 3796 1653 3842 ante
1686 3786 1983 3857 principem
2023 3797 2205 3858 pasto-I

620 3897 743 3935 rum
767 3879 901 3954 Dum
928 3894 1047 3932 nrm
1074 3877 1185 3931 lbm
1218 3876 1356 3946 Xpm
1382 3877 1643 3931 rationem
1671 3876 1894 3931 reddere
1924 3877 2205 3947 compelle-

618 3988 766 4034 .mur,
787 3968 941 4038 juxta
965 3967 1106 4038 quod
1135 3968 1248 4037 ipse
1279 3966 1593 4024 terribiliter
1626 3967 1783 4022 nobis
1817 3968 2199 4034 comminatur,

615 4067 849 4121 (licens:
880 4063 940 4118 Si
996 4079 1101 4116 non
1156 4061 1587 4115 annuntiaoerilis
1637 4060 1818 4130 iniquo
1865 4060 2201 4131 iniquitatem

614 4172 797 4219 suam,
835 4154 1139 4220 sanguinem
1172 4151 1287 4219 ejus
1313 4151 1375 4204 de
1422 4166 1583 4204 manu
1612 4160 1703 4203 tua
1734 4152 2016 4220 requiram,
2053 4152 2202 4207 misi-

627 4260 749 4312 mus
773 4242 839 4295 ad
864 4257 985 4296 eum
1017 4240 1388 4311 presbyterum
1414 4248 1681 4304 nostrum,
1718 4247 1773 4294 et
1805 4240 2011 4295 litteras
2058 4256 2202 4296 com-

619 4334 942 4389 monitorias
963 4330 1128 4387 semel
1156 4339 1210 4385 et
1236 4329 1426 4385 iterum
1461 4344 1524 4384 ac
1547 4330 1705 4384 tertio
1741 4329 2028 4385 imitantes
2076 4345 2200 4385 eum

616 4424 881 4479 canonice
928 4421 994 4476 ad
1037 4421 1466 4476 emendationem
1516 4430 1569 4475 et
1617 4420 2043 4476 satisfactionem
2071 4461 2086 4485 ,
2144 4428 2200 4476 et

616 4515 1014 4587 pmnitentiam,
1047 4514 1399 4584 corripientes
1426 4530 1546 4581 eum
1583 4523 1808 4586 paterno
1835 4513 2050 4568 affectu.
2091 4514 2197 4568 Sed

2303 3709 2415 3764 pra:
2443 3694 2657 3750 caeteris
2684 3694 2887 3752 Christi
2918 3696 3192 3767 discipulis
3220 3697 3383 3753 talem
3413 3697 3677 3753 nefarium
3706 3695 3842 3751 homi-

2279 3802 2434 3842 nem
2468 3787 2705 3851 salutare
2740 3788 2987 3858 prohibet
3035 3789 3220 3844 di'cens
3270 3807 3283 3842 :
3325 3787 3408 3844 Ne
3439 3790 3622 3867 ciere
3662 3786 3840 3867 dixeris.

2307 3893 2468 3948 neque
2494 3894 2612 3931 eum
2650 3878 2705 3946 in
2734 3878 2946 3932 domum
2989 3879 3261 3949 receperis.
3295 3877 3397 3946 Qui
3426 3862 3569 3933 enim
3607 3880 3654 3933 ei
3672 3892 3755 3931 ore
3782 3862 3840 3927 di-

2302 3970 2395 4036 cit,
2442 3971 2789 4025 communicat
2836 3970 3075 4042 aperibus
3122 3962 3240 4041 ejus
3276 3971 3559 4041 malignus.
3608 3967 3838 4025 Dominica

2302 4061 2489 4132 itaque
2514 4070 2678 4133 atque
2704 4062 2994 4133 apostolica
3021 4071 3286 4133 praecepta
3315 4061 3686 4132 adimplentes,
3711 4072 3839 4113 ntem-

2302 4153 2459 4209 brum
2488 4153 2762 4223 putridum
2790 4162 2844 4209 et
2871 4154 3193 4218 insanabile,
3224 4152 3364 4223 quod
3408 4153 3724 4215 medicinam
3748 4162 3836 4202 non

2302 4242 2513 4312 recipit,
2552 4245 2697 4299 ferro
2721 4244 3297 4299 excommunicationis
3315 4259 3346 4298 a
3372 4257 3603 4314 corpore
3624 4240 3836 4298 Ecclesiae

2301 4333 2660 4397 abscidamus,
2697 4348 2762 4387 ne
2793 4342 2900 4387 tam
2930 4332 3188 4403 pestifero
3214 4333 3401 4389 morbo
3448 4335 3656 4403 reliqua
3697 4345 3835 4387 mein-

2298 4426 2397 4482 bra
2426 4425 2670 4494 corporis
2705 4424 2868 4477 veluti
2898 4412 3464 4479 venenoinliciantur.
3495 4423 3620 4478 Per.

2371 4516 2498 4588 Ipsa
2529 4515 3014 4569 anathematizatio.
3055 4514 3223 4585 Igitur
3260 4514 3386 4584 quia
3436 4515 3639 4567 monita
3682 4518 3831 4564 nostra

592 4608 737 4680 ipse
762 4608 898 4678 proh
925 4607 1076 4664 dolor
1101 4608 1114 4679 ξ
1147 4607 1360 4663 diabolo
1388 4623 1484 4663 cor
1504 4605 1619 4674 ejus
1649 4606 1961 4677 indurante,
1991 4608 2194 4662 monita
2225 4597 2274 4655 D
2298 4613 2355 4660 et
2403 4604 2624 4659 crebras
2670 4603 3078 4657 exhortationes
3122 4601 3456 4671 contempnit
3486 4620 3501 4655 :
3536 4601 3661 4671 quia
3706 4597 3832 4652 tertio

620 4701 879 4759 salutaria
910 4700 1132 4770 sprevit,
1156 4708 1211 4754 et
1239 4702 1295 4753 in
1321 4701 1530 4770 incep'a
1580 4699 1788 4755 nialicia
1811 4714 2191 4770 perseverans,

619 4792 878 4849 Ecclesiae
905 4792 1019 4857 Dei,
1047 4805 1209 4860 quam
1244 4789 1382 4845 laesit
1406 4791 1674 4860 superbiae
1707 4791 1929 4859 spiritus
1977 4790 2194 4846 inﬂatus

590 4884 930 4945 satisfacere
956 4882 1291 4952 dedignatur.
1326 4882 1402 4937 De
1442 4882 1637 4937 talibus
1677 4882 1857 4952 itaque
1895 4892 2196 4952 transgres-

612 4975 853 5038 soribus,
889 4981 945 5028 et
986 4980 1188 5027 sancta:
1241 4971 1515 5042 religionis
1562 4972 1841 5041 pacisque,
1885 4989 2049 5042 quam
2081 4973 2193 5027 suis

601 5063 901 5132 discipulis
928 5059 1177 5116 Christus
1198 5060 1345 5114 dedit
1373 5068 1533 5128 atque
1563 5060 1799 5129 reliquit,
1822 5060 2192 5126 violatoribus,

617 5162 885 5227 praecepta
928 5151 1193 5206 dominica
1242 5158 1296 5202 et
1327 5148 1621 5218 apostolica
1672 5150 1952 5213 habemus,
1992 5150 2194 5218 quibus

618 5243 994 5308 informantur,
1025 5241 1167 5310 quod
1191 5239 1256 5293 de
1288 5238 1656 5305 hujuscemodi
1687 5240 2195 5306 prmvaricatoribus

614 5347 779 5386 aaere
800 5347 899 5386 nos
918 5338 1186 5386 onorteat.
1217 5330 1309 5383 Ait
1332 5328 1477 5382 enim
1501 5328 1760 5382 Dominus
1783 5329 1836 5383 in
1866 5329 2153 5386 Evaumlio
2177 5348 2191 5382 :

2284 4694 2591 4751 secundum
2616 4692 2952 4746 Dominicum
2982 4700 3305 4761 prmceptum
3338 4699 3560 4746 vocatus
3590 4688 3656 4743 ad
3680 4698 3828 4742 curen-

2296 4787 2565 4841 dationem
2590 4794 2647 4838 et
2669 4783 3041 4854 ptenitentiam
3081 4782 3263 4836 venire
3292 4781 3534 4849 despexit
3556 4798 3574 4835 :
3600 4781 3715 4848 quia
3744 4773 3829 4830 cul-

2296 4892 2420 4948 pam
2454 4891 2607 4929 suam
2636 4876 2863 4929 necdum
2888 4874 3139 4945 cognorit
3173 4887 3272 4928 nec
3299 4872 3579 4928 confessus
3611 4880 3708 4933 εει,
3749 4879 3829 4920 nec

2296 4966 2460 5021 missa
2507 4964 2660 5018 nobis
2696 4964 2979 5034 legatione,
3024 4978 3183 5033 quam
3231 4977 3473 5028 causam,
3503 4976 3608 5032 qua
3645 4970 3827 5013 cauam

2296 5058 2468 5127 ipsius
2509 5055 2880 5124 exquirimus,
2922 5055 3049 5124 quia
3094 5066 3280 5110 noster
3331 5054 3710 5123 parrochianus
3742 5056 3826 5107 est.

2295 5149 2508 5203 veniam
2558 5162 2664 5203 non
2711 5146 3001 5214 postulavit
3040 5164 3053 5201 :
3087 5147 3211 5215 quia
3263 5147 3315 5199 in
3366 5146 3572 5213 incepta
3632 5138 3823 5195 malitia.

2297 5236 2513 5292 dial;qu
2554 5251 2649 5291 cur
2684 5236 2799 5305 ejus
2848 5236 3134 5291 indurante
3160 5275 3174 5299 ,
3209 5243 3552 5303 perseverat,
3602 5239 3658 5285 et
3699 5229 3825 5297 juxta

2297 5327 2441 5386 quod
2468 5325 2756 5386 Apostolus
2801 5325 2959 5386 dicit,
3015 5324 3297 5380 secundum
3322 5323 3575 5377 duriciam
3619 5332 3757 5372 suam
3787 5322 3823 5365 et
