3962 6326
143 353 288 409 1125

1168 390 1175 399 ,
1268 345 1453 404 OllDO
1496 346 2243 433 EXCOMMUNICATIOMS.

3252 353 3391 409 1126

138 463 381 536 potentis
411 460 609 522 Patris.
633 466 684 515 et
715 458 856 522 Filii,
899 466 954 513 et
994 457 1225 528 Spiritus
1256 458 1449 522 sancti,
1477 466 1533 513 et
1570 455 1715 512 beati
1748 461 1793 519 Α
1822 454 1909 509 ille
1956 466 2108 511 terra:
2145 466 2436 527 prostratus
2480 461 2677 515 veniam
2712 463 2960 530 postulat,
2993 464 3197 536 culpam
3227 470 3391 535 conﬁ;

135 556 292 613 Petri
335 552 595 624 principis
648 549 1046 620 apostolorum,
1102 558 1158 603 et
1200 548 1440 602 onmium
1492 545 1717 601 Sancto-

78 693 83 697 .
135 661 291 709 rum,
319 658 419 697 nec
450 657 556 697 non
587 648 637 696 et
660 648 857 694 nostra:
885 638 1275 693 mediocritatis
1294 637 1615 692 auctoritate
1662 644 1719 691 et

136 743 410 808 potestate
438 733 595 789 nobis
630 731 887 786 divinitus
912 729 1106 784 collata
1138 728 1334 799 ligandi
1372 736 1427 782 et
1476 727 1716 783 solvendi

135 830 199 883 in
234 827 374 883 cmlo
411 833 468 880 et
516 824 570 878 in
604 831 771 887 terra,
808 820 1142 875 exeludimus
1183 830 1240 874 et
1282 819 1720 873 excommunica-

136 934 288 981 mus,
326 924 382 971 et
409 911 926 969 anathematizatum
949 910 1310 973 decernimus,
1331 917 1386 965 et
1404 909 1715 964 damnatum

135 1025 269 1063 cum
307 1004 540 1068 diabolo,
567 1012 620 1059 et
660 1002 864 1072 angelis
908 1000 1056 1069 ejus,
1109 1010 1163 1055 ct
1191 1001 1440 1056 omnibus
1475 1001 1717 1069 reprobis

134 1100 197 1154 in
229 1102 352 1170 igne
378 1107 585 1153 artemo
613 1094 947 1164 iudicamus;
996 1093 1098 1148 nisi
1144 1091 1280 1148 forte
1320 1107 1350 1145 a
1396 1091 1593 1146 diaboli
1636 1090 1718 1144 la-

131 1189 297 1258 queis
346 1187 646 1256 resipiscat,
684 1193 738 1239 et.
781 1185 847 1239 ad
888 1183 1316 1238 emendationem
1360 1189 1413 1235 et
1452 1181 1719 1252 pumilea-

80 1330 83 1331 ν
130 1280 273 1331 tiam
304 1278 504 1339 redeat,
537 1284 591 1329 et
615 1274 872 1329 Ecclesia:
901 1274 992 1328 Dei
1039 1288 1199 1342 quam
1234 1273 1370 1328 lmsit
1396 1272 1712 1328 satisfaciat.

133 1369 209 1422 Et
266 1367 605 1433 respondeant
640 1380 817 1419 omnes
862 1365 1011 1418 tertio
1041 1364 1211 1418 Amen
1247 1374 1336 1417 aut
1376 1363 1522 1428 Fiat,
1572 1364 1713 1418 Fiat.

128 1468 231 1511 aut
293 1456 581 1510 anathema
644 1455 717 1508 sit
757 1452 925 1522 (245).
985 1452 1175 1504 Debent
1249 1454 1385 1505 enim
1443 1451 1716 1506 duodecim

72 1550 435 1604 -sacerdotes
518 1547 815 1615 episcopum
882 1545 1218 1597 circumstare
1250 1583 1264 1605 ,
1341 1551 1388 1597 et
1476 1543 1716 1597 lucernas

128 1641 380 1695 ardentes
433 1640 487 1691 in
543 1637 781 1690 manibus
831 1645 1004 1689 tenere
1034 1675 1050 1697 ,
1101 1650 1228 1703 quas
1282 1634 1335 1686 in
1386 1633 1717 1718 conclusione

128 1727 489 1783 anathematis
541 1725 619 1780 vel
656 1723 1207 1778 exconnnunicationis
1250 1722 1501 1792 projicere
1533 1724 1717 1778 debent

1816 551 1982 606 tetnr,
2023 545 2384 613 paenitentiam
2422 547 2664 616 implorat
2692 591 2706 612 ,
2758 551 2823 605 de
2878 554 3075 622 futuris
3124 556 3387 610 cautelam

1815 636 2063 702 spondet;
2100 647 2225 691 tunc
2268 639 2537 708 episcopus
2559 644 2879 709 apprehensa
2915 662 3073 699 manu
3111 649 3226 717 ejus
3265 649 3394 703 der-

1816 734 1931 780 tera
1961 744 2079 782 eum
2107 731 2159 782 in
2190 729 2457 785 ccvlesiam
2478 733 2794 800 introducat,
2824 746 2870 790 et
2896 737 2945 790 ei
2976 742 3389 794 communionem

1813 824 1861 868 et
1912 818 2210 872 societatem
2244 820 2584 875 christianum
2632 824 2834 891 reddat,
2869 835 2917 880 et
2949 817 3135 897 septem
3166 829 3391 898 psalmos

1813 905 2127 972 paenitentia:
2192 909 2425 987 decantet
2474 928 2588 965 cum
2658 914 2772 967 istis
2834 918 3112 985 precibus:
3151 919 3383 991 Kyriccl.

1816 991 2002 1063 Xpeel.
2030 997 2263 1068 Kyriecl.
2296 1000 2456 1056 Pater
2486 1011 2685 1058 uoster.
2726 1004 2791 1059 Et
2835 1022 2902 1061 nc
2948 1023 3045 1064 nos
3070 1009 3294 1067 inducas
3337 1016 3389 1067 in

1822 1085 2196 1140 tentationem.
2232 1086 2338 1143 Sed
2386 1089 2553 1145 libera
2586 1107 2685 1147 nos
2735 1110 2763 1149 a
2813 1097 2971 1152 malo.
3025 1098 3241 1155 Salvum
3305 1103 3391 1161 fac

1816 1184 2034 1226 servum
2069 1183 2218 1229 tuum
2258 1178 2501 1234 Domine.
2552 1181 2693 1237 Deus
2719 1200 2870 1241 meus
2897 1202 3204 1258 sperantem
3233 1193 3283 1247 in
3320 1204 3389 1251 te.

1818 1261 1966 1319 Mitte
1989 1265 2035 1319 ei
2063 1266 2173 1322 Dne
2195 1270 2452 1326 auxilium
2481 1273 2546 1328 de
2580 1286 2789 1332 sancto.
2836 1279 2900 1334 Et
2941 1282 3006 1337 de
3036 1282 3168 1339 Sion
3215 1296 3389 1342 tuere.

1816 1351 1960 1408 Nihil
1998 1356 2248 1424 proliciat
2304 1361 2556 1417 inimicus
2602 1366 2658 1446 in
2707 1382 2792 1424 eo.
2821 1369 2888 1425 Et
2918 1372 3391 1446 liliusiniquitatis

1817 1460 1945 1498 non.
1984 1447 2110 1501 Esto
2136 1449 2185 1502 ei
2216 1451 2442 1507 Domine
2483 1447 2646 1511 turris
2676 1456 3025 1519 fortitudinis.
3049 1466 3094 1518 A
3121 1466 3259 1522 facie
3289 1469 3393 1523 ini-

1817 1536 1964 1591 mici.
2014 1538 2241 1597 Domine
2270 1545 2463 1600 exaudi
2501 1548 2803 1605 orationem
2845 1568 3046 1609 meam.
3080 1556 3144 1611 Et
3188 1558 3393 1614 clamor

1817 1643 1986 1683 meus.
2018 1628 2215 1685 Prmsta
2235 1649 2544 1703 quaesumus
2574 1639 2794 1717 Domine
2822 1645 2950 1701 huic
2976 1647 3173 1705 famulo
3205 1659 3293 1706 tuo
3322 1652 3387 1707 Ν.

1820 1714 2040 1785 dignum
2090 1721 2422 1790 poenitentia:
2474 1714 2734 1794 fructum,
2765 1740 2824 1788 ut
2859 1733 3111 1793 Ecclesia:
3138 1747 3240 1794 tua:
3267 1754 3392 1795 san-

128 1822 192 1873 in
243 1829 456 1882 terram,
488 1825 537 1870 et
599 1813 906 1869 conculcare
934 1812 1167 1882 pedibus.
1206 1811 1333 1866 Post
1381 1813 1491 1866 hac
1519 1814 1716 1883 episco-
1750 1809 1791 1867 Β
1819 1814 1919 1858 CMB
1950 1821 1979 1859 α
2005 1806 2159 1874 01⁸1⁸⁸8
2191 1809 2288 1865 ίηιο
2320 1810 2462 1868 Deus
2490 1817 2816 1886 misericors.
2851 1823 2990 1881 Deus
3017 1827 3272 1894 clemens,
3297 1833 3389 1901 qui

126 1928 235 1982 pus
297 1908 433 1978 plebi
496 1906 1079 1961 excommunicaticnem
1139 1904 1497 1957 communibus
1550 1904 1716 1961 verbis

128 2002 282 2054 debet
322 1997 643 2069 explanare,
699 2005 752 2050 ut
798 2011 974 2051 omnes
1024 1994 1338 2065 intelligant,
1389 2006 1716 2064 quamJer-

128 2088 358 2142 ribiliter
404 2088 716 2156 dampnatus
776 2085 892 2138 sit:
920 2093 968 2137 et
1023 2093 1076 2138 ut
1128 2085 1398 2149 noverint,
1445 2085 1582 2155 quod
1649 2085 1714 2139 ab

128 2180 231 2235 illa
259 2181 387 2234 hora
420 2180 472 2231 in
512 2177 764 2247 reliquum
794 2194 897 2230 non
922 2192 1015 2245 pro
1043 2175 1350 2240 christiano,
1376 2176 1466 2230 sed
1496 2192 1589 2246 pro
1619 2194 1715 2247 pa-

132 2288 277 2342 gano
304 2270 572 2325 habendus
598 2270 686 2333 sit,
717 2279 762 2322 et
791 2271 880 2340 qui
906 2268 983 2323 illi
1007 2268 1158 2338 quasi
1181 2269 1464 2324 christiano
1489 2286 1716 2327 comnm-

129 2364 404 2429 nicaverit,
438 2344 770 2424 aut-biberit,
817 2372 907 2415 aut
950 2378 1065 2415 eum
1109 2360 1376 2416 osculatus
1407 2362 1585 2431 fuerit,
1635 2364 1715 2418 vel

130 2468 254 2505 cum
280 2468 338 2505 eo
375 2451 687 2522 colloquium
718 2450 983 2520 familiare
1020 2449 1278 2514 habuerit,
1318 2452 1417 2504 nisi
1465 2438 1600 2519 forte
1645 2453 1714 2507 ad

128 2542 542 2612 satisfactionem
566 2550 613 2595 et
638 2542 991 2611 paenitentiam
1030 2557 1145 2596 eum
1177 2557 1459 2612 provocare
1499 2542 1718 2599 studueo

130 2645 224 2698 rit,
260 2642 348 2686 aut
374 2649 426 2685 in
454 2633 607 2685 domo
630 2648 726 2684 sua
749 2633 1016 2700 receperit,
1042 2643 1131 2685 aut
1160 2632 1317 2686 simul
1354 2650 1470 2686 cum
1501 2650 1559 2687 eo
1592 2649 1716 2688 ora-

128 2728 304 2789 verit,
352 2720 532 2792 procul
584 2721 741 2775 dubio
790 2721 1029 2775 similiter
1089 2727 1173 2776 sit.
1208 2724 1709 2790 cacommunicatus.

129 2814 337 2869 Deinde
358 2810 588 2882 epistola
613 2812 922 2881 presbyteris
947 2827 1039 2880 per
1075 2814 1381 2882 parrochias
1413 2814 1713 2873 mittantur,

133 2905 449 2957 continentes
481 2902 691 2955 modum
724 2905 1295 2958 excommunicationis.
1322 2904 1388 2958 In
1418 2905 1602 2975 quibus
1618 2906 1715 2976 ju-

134 2996 335 3058 beatur,
376 3003 429 3046 ut
468 2993 740 3046 dominicis
780 2993 961 3046 diebus
1007 3003 1118 3062 post
1162 2992 1429 3048 lectionem
1462 2983 1713 3065 evangelii

130 3084 360 3154 plebibus
389 3083 486 3137 sibi
516 3082 802 3136 commissis
837 3083 1041 3152 publice
1079 3086 1387 3137 annuntient
1418 3086 1583 3153 ipsam
1615 3100 1709 3137 ea:-

1817 1896 2113 1951 secundum
2145 1900 2543 1958 multitudinem
2591 1909 2997 1969 miserationum
3031 1928 3236 1973 tuarum
3263 1896 3391 1990 pec-

1817 1993 1932 2039 cata
1960 1989 2337 2056 prenitentium
2366 1993 2530 2049 delos.
2562 1994 2785 2067 Requirc
2818 2004 2872 2057 in
2905 2004 3063 2062 Feria
3094 2008 3137 2061 V
3171 1989 3389 2080 majoris

1815 2076 2018 2132 cbdom.
2047 2080 2102 2132 id
2126 2091 2201 2133 est
2234 2082 2288 2136 in
2334 2081 2490 2138 Ctena
2520 2087 2730 2143 Domini
2762 2093 2815 2144 in
2862 2076 3276 2153 reconciliatione
3310 2102 3385 2154 lac

1782 2244 1787 2251 _
1814 2184 2046 2237 psorum.
2084 2172 2207 2226 I’ost
2237 2176 2346 2228 ha'c
2368 2179 2649 2263 secundum
2697 2183 2906 2237 modum
2945 2186 3110 2256 culpa:
3136 2194 3389 2258 pmniten-

1816 2263 1943 2315 tiam
1981 2264 2029 2317 ei
2062 2264 2324 2336 injnngat.
2389 2268 2463 2331 Et,
2496 2268 2672 2325 literas
2715 2292 2808 2343 per
2843 2280 3146 2344 parrochias
3173 2282 3389 2352 dirigat,

1816 2361 1872 2404 ut
1912 2369 2086 2407 omnes
2118 2358 2351 2410 noverint
2391 2374 2506 2412 eum
2535 2360 2587 2414 in
2633 2364 2878 2417 societate
2919 2368 3202 2423 christiana
3247 2388 3389 2427 recc-

1814 2452 1958 2510 ptum
1981 2457 2000 2494 :
2026 2445 2144 2497 aliis
2178 2446 2334 2499 etiam
2363 2449 2612 2519 episcopis
2641 2462 2819 2505 notam
2848 2454 3030 2523 faciat.
3076 2456 3271 2515 Nullus
3293 2479 3391 2516 au-

1815 2542 1917 2585 tem
1945 2534 2214 2603 episcopus
2236 2535 2455 2593 alterius
2498 2542 2903 2609 parrochianum
2940 2552 3389 2606 excommunicare

1815 2621 1891 2676 vel
1934 2624 2267 2678 reconciliare
2289 2640 2606 2695 prtvsumat,
2649 2633 2758 2686 sine
2797 2638 3109 2693 conscientia
3140 2642 3216 2694 vel
3259 2658 3386 2697 con-

1814 2728 1968 2768 sensu
1998 2718 2197 2787 proprii
2223 2719 2471 2790 episcopi.

1882 2802 1994 2859 Leo
2020 2807 2302 2879 episcopus
2320 2811 2474 2883 (2M)
2514 2828 2703 2872 servus
2729 2834 3002 2876 servorum
3021 2824 3125 2892 ,Dei
3154 2829 3390 2887 dilectis-

1814 2894 1968 2950 simis
1998 2898 2261 2956 fratribus
2288 2912 2343 2956 et
2374 2903 2497 2959 filiis
2537 2909 2975 2982 archiepiscopis,
3010 2927 3169 2986 atque
3197 2921 3390 2978 suffra-

1814 2987 2000 3056 ganeis
2041 3004 2227 3045 eorum
2259 2993 2566 3063 abbatibus,
2597 3007 2651 3053 et
2682 3006 3068 3062 monachorum
3099 3027 3392 3086 congrega-

1817 3079 2049 3136 tionibus
2079 3082 2132 3136 iu
2163 3082 2391 3140 Francia
2418 3095 2883 3150 commaueutibus
2926 3100 3152 3157 salutem
3201 3079 3391 3177 perpe-

132 3174 693 3237 communicationem;
730 3183 784 3225 ut
821 3189 883 3226 ne
910 3175 1026 3244 quis
1057 3190 1149 3244 per
1183 3174 1534 3244 ignorantiam
1566 3191 1708 3228 tom-
1736 3160 1779 3221 C
1815 3178 1977 3255 tuam.
2013 3172 2310 3229 ludicatum
2340 3188 2424 3231 est
2465 3180 2618 3236 nobis
2645 3182 2735 3238 lilii
2769 3184 2898 3253 kmi,
2932 3193 3073 3260 quod
3116 3195 3168 3249 iu
3197 3160 3389 3255 ves-iris

133 3267 356 3318 municet
406 3265 878 3318 excommunicato.
936 3264 1190 3334 Prtv'ccpit
1241 3266 1375 3319 enim
1407 3263 1712 3319 Toletanum

133 3355 434 3418 concilium,
463 3363 517 3406 ut
544 3353 758 3407 invicem
784 3369 906 3406 mox
933 3355 1125 3423 scripta
1160 3364 1462 3422 percurrunt
1488 3370 1581 3426 per
1601 3372 1711 3407 om-

134 3463 225 3500 nes
275 3445 552 3515 provinciar
586 3445 869 3514 episcopos,
920 3461 1146 3514 quosque
1177 3445 1322 3498 adire
1347 3445 1626 3514 potuerint,
1662 3454 1711 3498 et

131 3536 608 3589 excommunicatus
655 3535 926 3589 audiatur.
976 3533 1185 3590 Seniori
1233 3533 1390 3588 etiam
1438 3528 1551 3604 ejus
1595 3536 1711 3605 ipsa

130 3625 597 3679 excommunicatio
627 3624 772 3679 debet
799 3636 922 3679 nota
951 3624 1087 3693 fieri.

237 3750 264 3789 S
304 3749 583 3789 ἰεηρτιο
618 3750 688 3788 ΕΤ
729 3749 1037 3789 ΕΙΕΝΒΔΤΙΟ
1085 3751 1153 3789 ΕΤ
1193 3749 1602 3791 RECONCILIATIO

668 3820 1166 3861 ΔΝΔΤΙΙΕΙΔΤΙΖΛΤΙ.

203 3896 338 3951 Cum
362 3896 554 3968 aliquis
580 3896 1099 3968 (excommunicutus)
1132 3897 1207 3950 vel
1234 3898 1709 3969 anathematizatus

127 3992 424 4061 pauitentia
466 3991 657 4047 ductus
683 3992 884 4046 veniam
922 4000 1169 4062 postulat,
1211 4003 1257 4047 et
1299 3996 1709 4048 emendationem

130 4081 405 4146 oromittit,
453 4083 742 4150 episcovus,
775 4082 866 4152 qui
889 4098 1006 4137 eum
1053 4084 1538 4148 excommunicauit,
1591 4094 1710 4138 ante

122 4175 324 4244 ianuas
360 4174 587 4229 ecclesia:
617 4192 786 4229 ventre
830 4175 997 4240 debet,
1033 4186 1081 4230 et
1126 4176 1397 4231 duodecim
1426 4179 1709 4248 presbyteri

127 4282 250 4321 cum
278 4282 369 4331 co,
400 4264 489 4337 qui
520 4282 636 4319 eum
676 4265 797 4319 hinc
828 4265 948 4320 inde
975 4267 1312 4321 circumstare
1355 4268 1558 4322 debent.
1610 4267 1707 4322 Ubi

124 4358 290 4413 etiam
312 4358 492 4411 adesse
512 4357 695 4412 debent
721 4355 820 4423 illi,
850 4356 1035 4427 quibus
1058 4357 1256 4426 injuria
1304 4358 1383 4412 vel
1420 4360 1709 4428 dampnum

123 4448 338 4502 illatum
388 4456 484 4501 est.
530 4445 599 4500 Et
640 4446 711 4499 ibi
752 4446 1039 4500 secundum
1090 4447 1227 4518 leges
1274 4448 1476 4504 divinas
1507 4456 1708 4517 oportet

126 4539 417 4609 dampnum
455 4538 789 4592 commissum
818 4538 1119 4605 emendari;
1155 4548 1246 4593 aut
1293 4541 1339 4594 si
1374 4541 1701 4594 emendatum

124 4642 226 4696 est,
271 4646 449 4685 eorum
470 4630 762 4685 testimonio
814 4632 1159 4702 comprobari.
1194 4631 1393 4688 Deinde
1434 4633 1702 4703 cpiscOpus

121 4724 428 4792 interroget,
478 4721 523 4776 si
565 4723 918 4791 pmnitentiam
961 4722 1118 4793 juxta
1140 4725 1278 4795 quod
1321 4740 1545 4779 canones
1569 4741 1705 4794 prte-

122 4814 327 4883 cipiunt
350 4828 444 4883 pro
462 4813 767 4883 perpetratis
792 4812 1072 4868 sceleribus
1095 4816 1354 4885 suscipere
1388 4816 1528 4877 velit.
1563 4814 1629 4870 Et
1660 4818 1704 4870 si

198 4924 350 4997 (245)
391 4923 659 4997 Pleraque.
681 4924 795 4997 hth
819 4925 888 4980 ad
912 4923 1133 4982 verbum
1155 4926 1208 4982 iu
1234 4925 1496 4985 hodierno
1526 4931 1702 4988 adhuc

124 4994 427 5053 Pontiﬁcali
475 4994 637 5048 Βοιιι.
687 4995 969 5065 leguntur;
1013 4998 1353 5055 desideratur
1400 5016 1533 5056 vero
1564 5002 1699 5059 ritus

124 5081 364 5138 sequens
400 5066 787 5138 exstinguendi.
824 5068 1249 5138 projiciendique
1285 5072 1559 5127 candelas.
1626 5074 1699 5130 De

124 5152 237 5206 quo
267 5136 507 5217 primum
543 5136 849 5218 exemplum
876 5136 933 5192 in
964 5136 1172 5208 synodo
1193 5138 1561 5198 Lemovicensi
1600 5145 1699 5200 sub

124 5206 445 5267 pontiﬁcatu
472 5205 749 5261 Benedicti
778 5206 845 5261 lx
878 5208 936 5261 Ρ.
978 5209 1209 5262 habetur
1244 5212 1381 5267 apud
1414 5211 1605 5267 Labb..
1655 5224 1694 5267 t.

201 5221 445 5261 nuncatu
472 5221 749 5261 υθηθωςιι
778 5221 845 5261 ΙᾹ
879 5221 936 5261 l’.
978 5221 1209 5262 naDClIIl‘
1244 5221 1381 5275 apud
1414 5221 1605 5275 Labl).,
1655 5224 1694 5268 1.

151 5226 445 5261 tonuucatu
472 5226 749 5261 nesteutcu
778 5226 845 5261 ιλ
879 5226 936 5261 r.
978 5226 1209 5262 naucutr
1244 5226 1381 5280 apuu
1414 5226 1605 5275 haDl).,
1655 5226 1694 5268 l.

151 5276 195 5331 Χ
227 5276 392 5348 Cone.
423 5291 482 5348 [ιἐ
507 5276 631 5348 831,
670 5285 706 5330 t.
732 5276 782 5348 Χ
813 5293 934 5347 pag.
963 5277 1068 5331 406
1108 5278 1160 5348 in
1190 5295 1342 5335 conc.
1377 5281 1699 5348 Quintiliae-

123 5291 195 5332 ιλ
227 5291 392 5331 ωηο.
463 5314 477 5328 .
507 5291 631 5340 δυι,
670 5291 706 5330 ι.
737 5291 782 5330 λ
813 5293 934 5347 pag.
963 5291 1068 5331 suo
1108 5294 1160 5331 tn
1190 5295 1342 5335 conc.
1377 5291 1696 5348 Quintiliae-

122 5340 309 5416 burgg
334 5362 384 5401 c.
414 5291 505 5419 Δ15.
558 5345 683 5401 llaec
709 5346 975 5419 leguntur
1012 5347 1150 5419 apud
1180 5349 1524 5406 Bertboldum
1555 5355 1696 5407 Con-

120 5427 312 5482 stant.,
336 5417 425 5493 _ad
456 5433 655 5493 annum
700 5417 834 5493 1985
863 5459 878 5483 ,
925 5434 988 5473 ea
1037 5417 1101 5493 de
1141 5437 1198 5476 re
1224 5439 1236 5474 :
1263 5421 1330 5474 In
1366 5423 1469 5491 ﬁne
1506 5424 1695 5493 synodi

121 5488 381 5564 sententia
416 5488 760 5564 auat/tentoria
807 5505 925 5542 cum
952 5489 1254 5564 ardentibus
1291 5488 1692 5564 candelis'pro-

121 5556 464 5632 mulgataest
504 5560 558 5610 in
596 5557 900 5632 Guibertum
947 5561 1347 5632 htvrcsiarcham
1394 5566 1532 5617 sedis
1569 5556 1695 5632 apo-

121 5628 327 5681 stolica:
364 5628 676 5681 invasorem.
711 5627 969 5684 Memorat
1024 5631 1082 5685 ὃ.
1123 5630 1315 5687 Petrus
1345 5627 1612 5689 Damiani'
1642 5636 1693 5688 in

123 5696 369 5769 synodali
398 5698 784 5769 disceptatione
821 5715 942 5754 cum
996 5702 1145 5769 regio
1171 5704 1432 5759 advocato
1460 5725 1474 5757 :
1504 5705 1697 5759 (ἐσται--

103 5766 229 5822 ιάκε
253 5765 468 5823 Galeria
501 5765 669 5824 centes
690 5787 721 5822 a
749 5770 983 5840 pleuaria
1028 5765 1238 5828 ΝίσοΙαί
1260 5772 1322 5829 11
1365 5779 1562 5847 synodo
1601 5793 1695 5832 ex~

1812 3248 2119 3332 regionibus
2146 3266 2503 3337 malignorum
2545 3271 2818 3330 hominum
2850 3285 3175 3348 perversitas
3207 3304 3393 3346 creve-

1811 3353 1911 3418 rit;
1951 3355 2020 3409 ita
2058 3367 2115 3411 ut
2146 3373 2232 3413 res
2262 3370 2472 3417 vestras
2504 3364 2557 3418 in
2588 3367 2699 3422 suis
2724 3372 2903 3438 pravis
2931 3376 3114 3432 usibus
3145 3381 3389 3451 redigere

1811 3444 2045 3513 cupiant.
2081 3447 2418 3520 QuaprOpter
2442 3470 2507 3508 ex
2535 3459 2853 3515 auctoritate
2890 3464 2979 3518 Dei
3013 3466 3188 3523 Patris
3217 3444 3391 3527 omni-

1794 3538 2068 3631 potentis,
2114 3549 2168 3594 ct
2212 3540 2333 3595 Filii
2376 3542 2491 3613 ejus
2522 3546 2619 3602 Dui
2659 3550 2739 3605 uri
2770 3550 2871 3606 Jbu
2914 3554 3013 3624 Xpi
3059 3568 3112 3612 et
3154 3562 3388 3631 Spiritus

1810 3627 1984 3681 sancti
2031 3632 2300 3699 paracliti,
2344 3644 2504 3703 atque
2532 3652 2600 3692 ex
2630 3640 2747 3694 vice
2790 3643 2930 3697 beati
2963 3645 3104 3701 Petri
3137 3627 3384 3720 apostoli,

1811 3732 1909 3771 nec
1942 3733 2044 3771 non
2078 3728 2132 3773 et
2163 3721 2333 3777 beata:
2360 3724 2542 3782 Marica
2579 3732 2765 3786 matris
2798 3732 3022 3800 Domini,
3054 3751 3107 3793 et
3135 3757 3231 3809 per
3261 3745 3387 3799 Lea-

1811 3816 1894 3863 t05
1935 3813 2273 3881 angelos,“
2301 3817 2594 3884 apostolos,
2628 3830 2910 3893 martyres,
2941 3828 3292 3898 (Oufessorcs,
3325 3851 3388 3891 ac

1807 3901 2046 3972 virgines
2084 3908 2617 3963 excommunicamus
2658 3925 2751 3966 eos
2794 3923 2953 3984 atque
2996 3920 3386 3992 maledicimus,

1810 3996 1899 4063 qui
1933 3996 2298 4062 possessiones
2333 4012 2612 4054 servorum
2650 4005 2820 4059 sancti
2850 4005 3083 4075 Martini,
3135 4022 3188 4067 et
3231 4018 3388 4085 quid-

1809 4086 1937 4154 quid
1968 4087 2034 4141 ad
2067 4088 2185 4143 illus
2210 4092 2459 4158 pertinet,
2487 4094 2701 4162 tollunt,
2725 4106 2778 4151 et
2803 4114 3082 4169 perperam
3108 4107 3384 4164 invadunt.

1810 4175 1895 4230 Sit
1920 4193 2045 4247 pars
2070 4178 2282 4235 illorum
2314 4174 2443 4236 cum
2469 4184 2675 4241 Dathan
2707 4198 2761 4243 et
2800 4190 3042 4263 Abyrou,
3070 4212 3202 4265 quos
3239 4209 3382 4256 terra

1808 4286 1905 4341 pro
1932 4288 2028 4326 sua
2056 4274 2308 4344 superbia
2337 4276 2486 4333 vivos
2518 4278 2816 4349 absorbuit,
2857 4294 2906 4340 et
2939 4302 3058 4341 cum
3090 4288 3224 4345 Juda
3259 4310 3383 4362 pro-

1808 4363 2005 4430 ditore,
2062 4368 2152 4434 qui
2209 4368 2497 4424 Dominum
2553 4373 2606 4426 in
2660 4376 2835 4445 pretio
2883 4381 3138 4435 vendidit.
3191 4384 3381 4442 Amen.

1815 4474 1834 4507 ‹
1872 4456 2028 4511 Fiant
2056 4457 2146 4512 lilii
2173 4474 2359 4514 eorum
2390 4463 2637 4532 orphani,
2669 4475 2723 4520 et
2751 4483 2942 4525 uxores
2971 4487 3156 4527 eorum
3190 4475 3382 4532 \iduzc.

1745 4547 1782 4607 ζ’
1816 4567 1833 4600 ι
1874 4547 2135 4604 Nutantes
2167 4551 2562 4608 transferantur
2584 4557 2680 4611 lilii
2709 4573 2927 4625 eorum,
2975 4573 3030 4617 et
3058 4565 3380 4623 tuendiccnt.

1792 4636 1833 4692 ἰ
1872 4642 2168 4697 Eiiciantur
2197 4645 2262 4698 de
2297 4646 2718 4702 babitationilms
2750 4651 2880 4705 suis.
2926 4652 3208 4713 Scrutetur
3234 4659 3371 4716 fene

1815 4749 1835 4782 ι
1877 4742 2026 4786 rator
2066 4747 2280 4788 omnem
2329 4739 2700 4793 substantiam‘
2740 4754 2946 4798 eorum.
2984 4763 3002 4795 ι
3039 4744 3103 4801 Ει
3134 4748 3328 4806 iterum
3364 4771 3379 4808 :

1814 4840 1834 4873 ι
1872 4823 2071 4878 Omnes
2099 4823 2190 4893 qui
2225 4825 2476 4882 dixerunt
2505 4828 2817 4886 hmredttale
2856 4834 3225 4904 pOSsidcamus
3253 4857 3381 4897 san-

1809 4937 2272 5023 comntmiinicatus
2297 4949 2394 5000 est.
2413 4949 2459 5023 et
2478 4944 3120 5023 exstinct‘s__!umin{rribus
3149 4954 3243 5006 sub
3262 4972 3379 5023 pcr~

1798 5015 1951 5078 petuo
1969 5007 2298 5078 anathemate
2321 5011 2712 5068 condemnatus.
2738 5015 3063 5073 Rnntualdus
3088 5007 3380 5078 Sulci-uitta-

1800 5092 1901 5130 nus
1924 5077 1976 5129 in
2009 5077 2209 5132 Chron.
2243 5081 2308 5134 ad
2335 5096 2422 5135 an.
2466 5083 2598 5137 Hi7
2630 5086 2785 5139 affert
2826 5086 3106 5143 formulam
3159 5077 3371 5147 adhibi-

1802 5155 1910 5222 tam
1944 5147 2005 5222 in
2043 5149 2329 5222 coniciliata
2359 5168 2491 5222 pace
2523 5154 2591 5207 ab
2613 5154 2921 5211 Alexandro
2948 5158 3010 5210 Ill
3037 5176 3156 5214 cum
3187 5160 3376 5217 Fride-

1799 5218 1913 5292 rico
1943 5217 1960 5271 l
2000 5219 2098 5292 sub
2126 5217 2486 5278 anathematis
2530 5239 2690 5292 pinna
2739 5228 2790 5280 in
2827 5228 3143 5283 violatorem
3175 5249 3188 5284 :
3224 5232 3375 5287 Sicut

1798 5288 1879 5366 ha:
1910 5288 2587 5366 candelccexstinguuntur,
2621 5297 2694 5349 sic
2723 5312 2920 5360 eorum,
2950 5300 3039 5365 qui
3066 5316 3244 5366 pacem
3273 5306 3372 5356 vio-

1797 5355 2017 5412 laverim
2072 5361 2265 5413 animm
2309 5355 2506 5417 lumine
2553 5355 2761 5419 (eterna:
2802 5355 3013 5420 visionis
3043 5355 3088 5420 et
3134 5371 3373 5426 claritate

1795 5427 2080 5503 priventur.
2104 5428 2234 5498 Ejus
2265 5436 2399 5488 ritus
2421 5437 2620 5503 passim
2648 5437 2705 5490 lit
2734 5435 2935 5489 mentio
2967 5438 3017 5488 in
3048 5439 3233 5494 diariis
3255 5443 3372 5496 Ca:-

1797 5511 2005 5551 tetuon.
2051 5500 2207 5555 llom.

1871 5568 2017 5638 (2M)
2063 5571 2280 5625 innexa
2323 5573 2628 5648 immediate
2673 5575 2724 5627 in
2770 5589 2868 5648 ms.
2911 5575 3005 5629 cit.
3047 5579 3217 5648 reperi
3258 5595 3377 5648 qua:

1799 5638 1889 5693 hic
1914 5654 2220 5715 sequuntur
2261 5645 2359 5697 sub
2391 5645 2656 5715 ien.e.;iito
2684 5646 2897 5698 neruiue
2939 5638 3120 5702 vit-azii
3150 5638 3377 5715 Christi,

1799 5712 2026 5764 conficta
2076 5729 2105 5765 a
2152 5714 2492 5771 nunncmine.
2538 5719 2626 5775 qui
2677 5715 2844 5781 legem
2890 5716 3088 5772 Christi
3138 5712 3374 5777 cxcussii

1799 5782 2003 5850 auitno,
2032 5783 2155 5837 dum
2185 5787 2297 5838 ba-c
2326 5785 2719 5837 ςοηεδηιτρὶιιεικὶι
2747 5784 3051 5843 maledicta.
