3962 6326
580 334 715 390 1-327

1348 328 1646 385 APPEND.
1684 329 1778 385 AD
1813 327 1985 385 διες.
2029 328 2096 383 X.
2138 359 2205 367 —
2239 324 2675 382 MONUMENTA
2716 326 2994 386 LITURG.

3711 327 3824 387 ηε

582 472 602 503 ι
644 450 910 506 etuarinm
950 448 1085 523 Dei,
1126 447 1266 502 Deus
1311 461 1465 501 meus
1508 461 1648 516 pone
1696 446 1815 501 illos
1847 455 1907 501 ut
1950 454 2157 510 rotam,
2191 460 2235 516 Α
2266 455 2391 511 pare
2419 440 2565 495 solus
2594 438 2769 511 (solet)
2795 456 2969 496 eiectis
2994 440 3047 495 in
3077 440 3335 496 tenebris.
3365 440 3569 498 Amen.
3617 440 3685 496 Et
3710 444 3826 501 siut

584 565 601 594 ι
643 555 699 598 et
726 545 865 599 sicut
894 542 1142 615 stipulari:
1184 549 1309 595 ante
1351 538 1545 594 fa’cicm
1577 540 1744 595 venti.
1778 542 1969 595 Amen.
2005 538 2159 595 Sicut

581 654 600 685 ι
642 635 800 706 ignis,
826 633 915 704 qui
943 630 1213 688 comburit
1253 629 1464 694 silvam,
1496 637 1553 685 et
1591 629 1733 684 sicut
1760 627 1975 683 ﬂamma
2003 645 2156 685 com-

583 748 599 780 ι
639 729 836 782 lmreus
860 736 1106 790 montes;
1137 725 1211 779 ita
1236 722 1581 795 persequeris
1607 722 1727 778 illos
1757 722 1808 777 in
1837 728 2158 793 tempestate

580 837 599 871 ι
644 827 761 881 tua,
812 825 867 871 et
912 814 1138 887 impleas
1187 814 1353 870 facies
1393 830 1581 870 eorum
1614 812 1940 885 ignominia,
1983 813 2056 867 ita
2101 820 2159 867 ut

579 927 598 959 ι
638 908 981 973 erubescant,
1011 915 1068 961 et
1091 905 1491 962 confundantur
1514 914 1569 960 et
1594 912 1837 976 pereant.
1873 923 1892 956 ι
1929 904 2158 973 Sintque

574 997 985 1053 maledictiones
1015 994 1139 1059 illae,
1183 1011 1319 1065 quas
1346 994 1606 1051 Dominus
1633 1010 1795 1065 super
1825 994 1965 1049 ﬁlios
1992 994 2154 1050 lsrael

573 1104 672 1158 per
699 1088 915 1160 Moysen
948 1087 1304 1159 promulgavit
1327 1102 1490 1157 super
1513 1087 1653 1155 illos,
1682 1089 1773 1159 qui
1808 1088 1952 1144 bona
1976 1097 2032 1143 et
2061 1088 2159 1143 vil-

574 1180 652 1235 las
677 1182 851 1238 sancti
884 1179 1097 1237 Martini
1132 1179 1530 1252 deprzedantur.
1561 1181 1788 1253 Sintque
1807 1182 2075 1238 maledicti
2101 1184 2155 1239 in

571 1272 812 1337 civitate,
855 1270 1124 1327 maledicti
1155 1272 1207 1326 in
1235 1286 1388 1343 agro,
1413 1280 1469 1327 et
1494 1271 1549 1326 in
1588 1273 1734 1327 omni
1777 1272 1915 1329 loco.
1961 1273 2153 1328 Amen.

570 1363 1095 1419 Maledicta‘eellaria
1125 1380 1335 1433 eorum,
1371 1364 1688 1423 maledictus
1716 1364 1924 1423 fructus
1951 1366 2156 1423 ventris

569 1470 780 1518 eorum,
821 1464 876 1510 et
919 1454 1126 1511 fructus
1169 1467 1326 1511 terra:
1369 1470 1579 1511 eorum.
1626 1458 1822 1513 Amen.
1869 1456 2154 1512 Maledicta

569 1544 774 1609 omnia,
805 1560 923 1614 qua:
955 1544 1166 1599 illorum
1195 1553 1342 1611 sunt,
1381 1553 1437 1600 et
1480 1545 1750 1602 maledicti
1794 1547 2154 1619 egredientes,

568 1647 621 1691 et
654 1622 1037 1708 regredientes.
1088 1638 1283 1693 Amen.
1332 1637 1617 1708 Disperdat
1661 1652 1756 1693 eos
1785 1636 2044 1695 Dominus
2088 1637 2155 1694 de

569 1737 713 1783 terra
755 1730 1033 1785 velociter.
1083 1728 1278 1784 Amen.
1329 1728 1607 1785 Percutiat
1647 1744 1743 1786 eos
1784 1728 2045 1785 Dominus
2090 1730 2155 1786 de

2260 532 2518 586 Dominus
2552 531 2714 586 beato
2759 530 2916 585 Petro
2958 529 3217 599 apostolo,
3251 531 3483 602 eiusque
3511 537 3825 589 successori—

2256 624 2377 689 bus,
2408 625 2564 679 cuius
2591 621 2763 678 vicem
2795 633 3039 679 tenemus
3064 625 3312 695 quamvis
3346 625 3580 696 indigni,
3608 636 3828 698 potest»

2258 724 2365 771 tem
2417 716 2583 781 dedit,
2632 725 2690 771 ut
2736 715 3093 787 quodcunque
3134 715 3366 789 ligarent
3412 733 3584 789 super
3624 729 3831 782 terram,

2254 806 2478 876 ligatum
2509 816 2653 861 esset
2693 816 2746 862 et
2775 807 2827 861 in
2870 806 3051 872 ctelis;
3083 806 3158 861 ita
3200 807 3306 863 illis
3348 808 3395 863 si
3424 809 3726 863 emendare
3753 825 3834 863 no-

2256 894 2476 960 luerint,
2502 894 2697 951 'cualum
2725 896 3045 963 claudimus,
3071 906 3124 952 et
3153 906 3353 952 terram
3380 896 3451 952 ad
3474 897 3835 967 sepeliendum

2256 1000 2541 1055 negamus,
2575 994 2630 1042 et
2658 986 3042 1056 demergantur
3083 987 3139 1041 in
3182 986 3399 1043 inferno
3441 987 3716 1052 inferiori,
3744 990 3836 1043 sol-

2254 1086 2493 1148 vantque
2542 1077 2685 1147 quod
2718 1085 3002 1147 gesserunt
3031 1077 3148 1134 sine
3173 1077 3303 1133 ﬁne.
3332 1077 3529 1133 Amen.
3580 1078 3640 1135 Si
3671 1088 3837 1135 autem

2256 1168 2323 1222 ad
2364 1168 2761 1237 paenitentiam,
2806 1175 2863 1224 et
2904 1156 3337 1227 emendationem
3366 1171 3647 1235 venerint,
3680 1180 3735 1224 et
3766 1187 3842 1226 se-

2256 1260 2488 1314 cundum
2519 1274 2713 1315 nomen
2748 1260 2919 1333 culpa:
2946 1259 3155 1316 fructus
3178 1262 3367 1333 dignos
3404 1262 3749 1333 paenitentia
3774 1264 3839 1319 fe-

2255 1350 2450 1414 cerint,
2487 1351 2667 1404 omnia
2701 1350 2841 1404 mala
2876 1350 2978 1405 ista
3004 1360 3215 1406 avertat
3238 1351 3381 1407 Deus
3411 1352 3479 1406 ab
3509 1351 3642 1417 illis,
3672 1362 3731 1406 et
3756 1370 3840 1407 nos

2254 1440 2429 1509 parati
2476 1454 2666 1495 sumus
2691 1440 2758 1494 ad
2790 1440 3157 1510 recipiendum
3187 1448 3242 1495 et
3267 1440 3537 1495 orandum
3584 1455 3691 1511 pro
3726 1441 3838 1495 illis.

2255 1530 2314 1587 Si
2344 1539 2524 1587 autem
2566 1532 2633 1587 ad
2674 1531 3107 1587 emendationem
3152 1532 3426 1587 noluerint
3460 1534 3696 1598 venire,
3735 1548 3845 1601 per.

2253 1630 2414 1693 petuo
2442 1622 2790 1677 anathemate
2816 1621 3083 1678 feriantur
3110 1640 3124 1676 :
3157 1622 3231 1676 ita
3258 1622 3555 1678 ecclesiam
3603 1623 3706 1679 Dei
3751 1640 3845 1678 non

2255 1710 2476 1777 intrent,
2505 1727 2693 1783 pacem
2741 1727 2863 1768 cum
2906 1713 3228 1768 Christianis
3275 1728 3382 1768 non
3428 1714 3702 1777 habeant,
3752 1729 3844 1769 nec

569 1825 714 1874 terra
743 1820 1016 1875 velociter.
1046 1820 1238 1876 Amen.
1283 1820 1563 1877 Percutiat
1603 1836 1698 1879 eos
1722 1821 1981 1878 Dominus
2008 1821 2151 1878 fame

2259 1803 2418 1857 ullam
2444 1803 2920 1875 participationem
2951 1803 3169 1858 faciant.
3201 1804 3409 1874 Corpus
3437 1812 3494 1860 et
3527 1807 3843 1876 sanguinea

568 1921 626 1967 et
668 1912 778 1978 siti,
825 1921 1085 1985 egestate,
1131 1912 1353 1985 frigore,
1399 1922 1454 1969 et
1493 1912 1655 1980 febri,
1700 1914 1872 1970 donec
1908 1922 2152 1986 pereant.

569 2003 774 2060 Tradat
802 2005 918 2061 illos
945 2006 1203 2062 Dominus
1231 2012 1547 2061 corruentes
1574 2014 1701 2061 ante
1730 2007 1915 2063 hostes
1938 2023 2151 2073 eorum,

568 2097 786 2165 sintque
810 2096 1070 2151 cadavera
1099 2110 1286 2150 eorum
1319 2096 1372 2150 in
1399 2110 1580 2151 eseam
1611 2097 1822 2153 cunctis
1848 2096 2154 2153 volatilibus

569 2183 715 2249 coeli,
746 2193 802 2239 et
849 2183 1039 2240 bestiis
1073 2186 1209 2256 agri.
1247 2185 1520 2242 Percutiat
1547 2201 1642 2243 eos
1684 2186 1946 2243 Dominus
1976 2187 2155 2244 ulcere

569 2275 826 2345 pessimo,
877 2276 1059 2332 scabie
1105 2290 1321 2346 quoque
1363 2284 1419 2331 et
1462 2276 1763 2348 prurigine,
1813 2278 2049 2333 amentia
2098 2286 2156 2333 et

565 2363 833 2420 excitate.
878 2363 1072 2420 Amen.
1114 2363 1441 2436 Palpcntquc
1473 2366 1528 2421 in
1561 2366 1809 2434 meridie,
1851 2368 1993 2423 sicut
2030 2366 2149 2438 pal-

2255 1890 2469 1945 Domini
2508 1907 2607 1947 nec
2648 1892 2702 1946 in
2743 1892 2831 1948 die
2872 1892 3061 1948 mortis
3102 1893 3436 1964 percipiant;
3485 1896 3587 1949 sed
3631 1904 3844 1950 aeterna

2254 1981 2508 2038 oblivioni
2549 1983 2755 2051 traditi,
2807 1994 3063 2055 tanquam
3107 1984 3283 2056 pulvis
3323 1995 3451 2040 ante
3472 1984 3680 2041 faciem
3722 1987 3846 2041 ﬁant

2254 2073 2422 2140 venti,
2452 2083 2505 2131 et
2534 2090 2656 2131 cum
2687 2077 2903 2133 diabolo
2927 2085 2981 2132 et
3006 2078 3210 2149 angelis
3238 2077 3358 2132 eius
3398 2078 3685 2149 perpetuis
3719 2080 3845 2149 igni.

2255 2166 2359 2223 bus
2385 2169 2688 2235 tradantur,
2732 2178 2788 2225 et
2824 2171 2964 2233 sicut
2993 2169 3214 2225 lucerna
3242 2170 3348 2227 ista
3377 2172 3748 2244 extinguitur,
3774 2173 3848 2226 sie

2255 2267 2312 2314 et
2358 2260 2752 2332 extinguantur
2810 2261 3002 2317 anima:
3051 2277 3240 2318 eorum
3295 2262 3351 2317 in
3402 2261 3579 2319 fetore
3628 2264 3846 2321 inferni.

2255 2353 2452 2421 Amen.

577 2551 3833 2583 F—'————-'—_—'——_——I—————_————___

572 2724 1408 2858 PBOBATIONES
1476 2727 1703 2817 PER
1786 2727 2240 2854 AQUAM,
2311 2730 2801 2824 IGNITOS
2868 2731 3474 2858 VOMERES,
3538 2736 3810 2827 ETC.

2022 2948 2422 2962 ἡ

832 3113 1147 3154 BENEMCTIO
1187 3115 1341 3155 rnatu
1379 3115 1672 3158 JUDICIALIS
1712 3102 1885 3175 (245).

566 3193 667 3263 (Ex
692 3193 811 3247 cod.
842 3193 1067 3248 Viudob.
1090 3193 1278 3249 'l‘heol.
1310 3195 1432 3260 M9,
1458 3195 1585 3250 olim
1611 3196 1871 3267 Augiensi
1898 3206 2022 3253 stec‘.
2049 3198 2151 3268 Ix.)

641 3284 873 3339 Benedic
904 3283 1127 3339 Domine
1153 3300 1246 3353 per
1274 3285 1673 3342 invocationem
1703 3288 2032 3343 sanctissimi
2064 3306 2155 3351 no-

565 3374 730 3427 minis
761 3373 837 3427 tui
872 3374 939 3427 ad
976 3372 1427 3429 mauifestandum
1449 3375 1714 3446 judicium
1754 3387 1903 3434 tuum
1937 3380 2039 3437 hoc
2067 3396 2153 3452 ge-

566 3480 668 3518 nus
698 3463 897 3519 mctalli
917 3506 930 3529 ,
962 3472 1022 3519 ut
1059 3465 1204 3518 omni
1243 3464 1544 3521 (humanum
1574 3467 1809 3524 falsitate
1839 3472 2027 3541 procul
2071 3488 2150 3530 re-
2177 3490 2223 3553 ο

565 3566 712 3610 mota
741 3555 941 3609 veritas
966 3555 1080 3637 veri
1119 3555 1306 3627 judicii
1336 3556 1410 3611 tui
1439 3557 1684 3633 fidelibus
1717 3560 1824 3617 tuis
1862 3561 2148 3617 manifesta

570 3648 681 3702 ﬁat.
712 3644 816 3704 Per
842 3647 975 3702 Dum

638 3780 794 3861 (245i
829 3777 1070 3834 Pertinet
1094 3778 1195 3834 hoc
1214 3784 1282 3860 ad
1305 3777 1988 3861 purgationemuutvoﬁeari
2014 3780 2152 3861 sole-

566 3849 679 3917 bat,
708 3849 1001 3920 vulgarem.
1034 3850 1376 3920 cauouicam,
1405 3849 1669 3920 judicium
1705 3852 1820 3906 Dei.
1852 3851 1967 3919 Qua
1998 3853 2064 3906 de
2093 3867 2153 3908 re

566 3867 679 3917 hat,
708 3867 797 3906 vui
835 3867 1001 3910 arcm.
1034 3867 1376 3914 canonicam,
1405 3867 1669 3920 ludicrum
1705 3867 1820 3906 uel.
1852 3867 1967 3919 uua
1998 3867 2064 3906 ae
2093 3867 2153 3908 re

565 3923 776 3994 egimus
800 3867 1049 4003 Elisquis.
1088 3917 1226 4004 6-,.c.
1258 3918 1317 4004 ἒ⁵5ι
1343 3933 1412 4004 ρ..
1438 3934 1501 3983 ιι,
1535 3936 1590 3991 p.
1621 3919 1906 4004 553'seqq.
1941 3923 2031 3975 ubi
2062 3936 2153 3993 ge-

568 3988 696 4048 néra
723 3991 869 4044 varia
899 3988 1161 4061 ejusmodi
1204 3988 1583 4061 probationum
1624 3988 2029 4061 explicavimus,
2060 3988 2151 4047 éoc

567 4076 794 4131 rumque
816 4058 972 4115 usum
1001 4075 1065 4114 ac
1090 4059 1201 4131 fata
1229 4059 1284 4113 in
1316 4058 1578 4131 Ecciesia,
1611 4058 1785 4114 donec
1814 4063 2029 4130 penitus
2056 4063 2153 4117 ab-

566 4129 912 4204 rogarentur,
952 4145 1075 4204 eunt
1116 4130 1169 4183 in
1209 4129 1671 4204 superstitionem,
1708 4129 1989 4204 quonihil
2026 4147 2152 4201 pro-

565 4197 758 4258 clivius
800 4200 921 4266 fuit,
964 4197 1331 4270 deﬂecterent,
1373 4212 1471 4270 per
1509 4199 1673 4270 nimis
1711 4197 2047 4270 frequentem
2087 4217 2152 4258 ac

567 4270 958 4343 promiscuum_
979 4284 1134 4343 usum
1152 4339 1163 4343 _
1184 4269 1409 4343 absque_
1432 4268 1670 4343 iegitima
1725 4268 2049 4326 auctoritate
2097 4281 2153 4327 et

569 4338 913 4412 discretione.
942 4338 1069 4392 lude
1093 4339 1259 4412 etiam
1298 4338 1514 4412 accidit,
1546 4347 1628 4404 ut,
1661 4354 1912 4412 successu
1938 4350 2149 4412 tempo-

570 4412 646 4492 ris
677 4410 1162 4492 multiplicarentur
1193 4408 1567 4492 eiusspecies:
1607 4410 1881 4492 prioribus
1909 4408 2146 4492 abolitis.

569 4480 792 4535 Factum
834 4478 902 4535 'id
953 4479 1169 4549 quidem
1220 4478 1374 4534 initio
1423 4478 1672 4549 prudenti
1723 4480 1979 4538 Ecclesia:
2019 4499 2146 4539 cau-

570 4553 693 4617 tela,
723 4568 793 4606 ne
819 4550 1039 4607 incertis
1065 4550 1238 4621 magis
1263 4549 1613 4605 eluderentur
1638 4551 1853 4606 indiciis
1880 4554 2149 4618 homines,
2168 4562 2190 4580 ⁸

568 4621 799 4694 exempli
827 4636 989 4694 causa
1026 4621 1080 4694 in
1126 4620 1350 4676 surtium
1379 4620 1547 4694 variis
1577 4624 1886 4694 generibus,
1919 4640 2149 4694 quaram

569 4690 945 4764 antiquissima
978 4692 1243 4764 habentur
1267 4690 1543 4761 exempla;
1574 4690 1958 4764 consultusque
1992 4710 2019 4746 a
2054 4693 2150 4749 Ja-

569 4762 759 4844 nuario
790 4761 1079 4844 respopdet
1212 4762 1750 4844 {\llguslilllls,.epiSi.
1775 4761 1953 4828 55,11.
1984 4765 2052 4844 δῖ
2083 4766 2150 4821 de

2326 3103 2638 3162 Benedictio
2676 3104 2771 3162 Dei
2817 3103 2989 3161 Patris
3028 3112 3083 3160 et
3124 3104 3245 3161 Filii
3286 3116 3343 3163 et
3387 3105 3625 3178 Spiritus
3671 3115 3843 3168 sancti

2255 3194 2548 3250 descendat
2587 3210 2750 3266 super
2779 3196 2883 3251 hoc
2913 3195 3114 3252 ferrum
3153 3196 3223 3252 ad
3260 3198 3685 3257 discernendum
3706 3204 3844 3271 judi-

2256 3284 2400 3341 cium
2430 3285 2545 3339 Dei.
2575 3285 2769 3342 Amen.

2366 3391 2691 3434 uasnlcno
2725 3392 2866 3434 IGNIS
2902 3392 2972 3433 er
3011 3392 3168 3434 FEBII
3206 3394 3324 3434 sive
3361 3394 3516 3443 seu
3555 3381 3735 3452 (246).

2469 3467 2571 3539 (Ex
2595 3467 2715 3522 cod.
2743 3465 2845 3521 Th.
2874 3466 3035 3523 Vind.
3061 3466 3167 3524 685
3192 3484 3319 3524 δαὶς.
3350 3485 3383 3522 x
3411 3470 3494 3527 vel
3524 3472 3629 3542 si.)

2330 3555 2853 3625 Deusjudesjustus,
2879 3556 3035 3614 fortis
3056 3567 3109 3613 et
3126 3560 3364 3628 patiens,
3377 3559 3465 3629 qui
3481 3568 3681 3617 auctor
3700 3563 3841 3631 pacis

2253 3662 2337 3715 es,
2366 3657 2422 3704 et
2456 3647 2670 3717 iudicas
2694 3644 3029 3720 aequitatem,
3076 3649 3285 3721 respice
3312 3651 3378 3706 ad
3404 3652 3837 3722 deprecationem

2251 3778 2584 3851 Condebaldi
2611 3780 2758 3851 regis
2782 3778 3225 3851 Burgundionum
3247 3781 3433 3836 Ariani
3458 3782 3528 3837 ad
3552 3781 3720 3839 ﬁnem
3747 3802 3841 3841 sa:-

2251 3852 2359 3924 euli
2388 3866 2455 3916 v;
2497 3850 2584 3924 lex
2613 3849 2976 3924 Gundebada,
2998 3851 3085 3924 lex
3119 3852 3562 3924 Burgundionum
3591 3869 3845 3924 perseve-

2252 3923 2409 3978 rabat
2454 3921 2630 3976 adhuc
2674 3917 2777 3990 sub
2824 3918 2895 3990 S.
2922 3917 3270 3990 Sigismundo
3316 3922 3426 3978 filio
3471 3917 3841 3990 Gondebaldi;

2257 3992 2477 4061 scripsit
2498 4004 2627 4045 vero
2644 3989 2968 4063 AAgohardus
2994 3989 3240 4045 adversus
3263 3991 3426 4063 legem
3458 3992 3777 4057 Gundebadi
3799 3989 3844 4050 et

2249 4063 2412 4137 impia
2438 4061 2748 4137 certamina,
2787 4075 2924 4137 quee_
2943 4076 3037 4137 pe_r
3070 4076 3196 4137 eant
3215 4061 3485 4137 geruntur.
3507 4064 3652 4137 Add.
3682 4069 3842 4137 capit.

2250 4130 2524 4200 Ansegisi,
2556 4131 2659 4201 lib.
2680 4145 2833 4201 ηις.
2860 4130 2951 4184 15.
2982 4131 3061 4186 De
3072 4132 3280 4201 judicio
3301 4134 3474 4188 crucis
3500 4150 3533 4187 a
3555 4130 3840 4190 Carolo].

2250 4199 2537 4273 permisso,
2578 4200 2689 4255 vid.
2732 4199 2958 4273 Grets.,_
2984 4202 3051 4257 de
3074 4199 3291 4273 ‘Cruee.
3336 4202 3456 4269 Quo
3498 4207 3845 4262 sanctissimo

2252 4269 2417 4343 signo,
2437 4271 2660 4343 ipsoque
2687 4269 3055 4343 sacratissimo
3078 4269 3281 4343 Christi
3314 4274 3536 4343 nomine
3572 4285 3633 4329 ut
3659 4277 3842 4331 bodie-

2252 4340 2377 4411 qne,
2410 4340 2486 4411 ita,
2517 4341 2627 4408 jam
2663 4341 2790 4411 olim
2819 4340 2884 4393 ad
2913 4340 3325 4410 superstitiones
3350 4341 3551 4398 abusus
3575 4358 3703 4402 esse
3736 4362 3845 4400 ms-

2252 4413 2448 4537 ligré’o‘s4
2471 4410 2528 4466 S.
2560 4410 2892 4483 Augustinus
2921 4412 3120 4476 doluit,
3152 4421 3223 4466 tr.
3254 4412 3364 4478 Vll,
3398 4413 3455 4468 in
3488 4412 3682 4483 luam,
3721 4432 3771 4471 c.
3806 4432 3841 4477 ι.

2327 4553 2474 4625 (alii)
2512 4552 2669 4625 Initio
2695 4567 2819 4625 saec,
2849 4567 2881 4605 ν
2910 4550 3573 4625 S.BriciusATur0nensis
3595 4554 3771 4610 fertur
3790 4570 3845 4609 se

2291 4622 2748 4696 uirgasse__jutlicio
2792 4622 3146 4696 ferri__igniti,
3188 4622 3255 4696 de
3294 4623 3501 4696 quo__S.
3549 4624 3841 4696 Gregorius

2302 4710 2482 4757 uron.,
2516 4693 2652 4747 Hist.
2685 4692 2879 4766 Franc.
2911 4692 3003 4766 lib.
3034 4708 3094 4756 ιι,
3125 4708 3175 4747 c.
3204 4693 3268 4766 _l,
3299 4708 3352 4762 p.
3376 4693 3473 4766 43,
3499 4692 3840 4766 primqune

2253 4765 2622 4837 authenticmn
2666 4764 3037 4837 testimonium
3078 4762 3221 4837 apiid
3260 4762 3517 4837 eumdem
3550 4764 3613 4837 S.
3640 4762 3840 4837 Grego-

570 4832 749 4912 Sortei
770 4846 866 4912 per
912 4832 1102 4912 libros“
1121 4832 1330 4912 divinos
1348 4871 1362 4895 ,
1400 4832 1797 4912 propriumque
1821 4834 2147 4912 exemplum
2181 4853 2227 4912 ο
2255 4837 2415 4912 rium,
2443 4832 2722 4912 de_Glorio.
2739 4832 2962 4901 confess.
2991 4832 3119 4904 cap.
3139 4834 3225 4912 πῇ,
3256 4834 3323 4912 de
3350 4832 3411 4912 8-ζ
3445 4835 3735 4912 Simplicio

570 4911 759 4958 narrat
782 4902 874 4957 lib.
907 4917 1003 4956 vui
1063 4900 1281 4957 Confes.
1309 4915 1360 4955 c.
1395 4900 1492 4967 l2;
1523 4903 1635 4971 ipse
1660 4917 1789 4956 vero
1821 4904 1873 4957 in
1900 4921 1957 4958 re
1983 4900 2144 4960 dubia

570 4972 798 5029 remittit
821 4972 1263 5043 approbationem
1286 4986 1472 5043 coram
1500 4971 1705 5027 tumulo
1729 4973 1787 5027 S.
1816 4974 2010 5029 Felicis
2038 4973 2145 5029 No-

570 4989 798 5029 renuuu
821 4989 850 5026 a
891 4989 1263 5043 procationem
1286 4989 1472 5027 coram
1500 4989 1705 5027 tumulo
1729 4989 1787 5027 ξ.
1817 4989 2010 5029 reuels
2038 4989 2145 5029 1V0-

568 5044 675 5099 lani
702 5058 787 5114 ep.
813 4989 903 5099 7g.
929 5040 1033 5097 Sed
1058 5058 1161 5096 uon
1192 5042 1265 5095 ita
1292 5042 1459 5096 multo
1483 5050 1605 5112 post
1630 5043 1797 5098 variis
1825 5044 1878 5098 in
1902 5044 2146 5101 conciliis

569 5114 753 5169 vetitae
801 5124 930 5168 sunt
967 5127 1302 5182 quaecunque
1321 5121 1495 5168 sortes
1534 5120 1847 5169 sanctorum
1881 5114 2044 5170 veluti
2089 5117 2145 5170 in

570 5183 880 5245 Venetensi.
904 5185 1094 5237 eodem
1122 5184 1295 5253 adhuc
1316 5198 1440 5253 saec.
1468 5198 1534 5248 v;
1561 5183 1874 5252 Agathensi,
1904 5201 1993 5239 an.
2016 5185 2141 5253 506,

568 5269 618 5309 ε.
641 5254 739 5317 42;
768 5252 1161 5321 Aurelianensi,
1185 5252 1225 5316 Ι,
1249 5268 1337 5307 an.
1357 5252 1481 5316 5H,
1504 5270 1553 5308 e.
1578 5255 1680 5316 20;
1705 5256 2137 5321 Altisiodorensi,

566 5339 659 5378 an.
686 5323 811 5391 578,
840 5340 890 5379 c.
922 5323 991 5385 ις
1022 5324 1075 5378 in
1096 5320 1390 5392 Capitulari
1419 5324 1581 5377 etiam
1603 5324 1779 5379 Caroli
1810 5325 1879 5379 Μ.
1904 5342 1992 5380 an.
2017 5320 2140 5390 789,

570 5403 607 5448 ι,
625 5394 668 5468 l,
682 5394 878 5463 p.25.
898 5394 1041 5468 Atili.
1065 5394 1124 5468 S.
1148 5393 1445 5468 Qregorius
1466 5393 1559 5458 Μ..
1587 5395 1731 5468 hom.
1755 5396 1824 5450 52
1845 5397 2140 5468 itrEvang.,

569 5472 608 5517 t.
652 5462 701 5526 l,
733 5479 852 5534 pag.
890 5464 1018 5519 1591
1060 5463 1127 5517 de
1166 5462 1489 5534 Purgatione
1526 5479 1619 5533 per
1647 5466 2043 5534 juramentum;
2066 5462 2142 5522 ad

567 5534 873 5606 sepulcrum
917 5535 975 5589 S.
1009 5534 1153 5606 Petri
1191 5534 1532 5606 nominatim,
1561 5544 1600 5587 t.
1642 5534 1704 5598 ll,
1732 5551 1857 5606 opp.
1898 5552 1951 5606 p.
1982 5538 2139 5592 1219.

566 5602 721 5675 Apud
742 5604 1059 5675 Gregorium
1083 5605 1453 5659 'l‘uronensem
1474 5602 1728 5675 frequens
1755 5602 1987 5660 habetur
2005 5607 2146 5675 ejus-

569 5671 711 5742 modi
742 5671 1117 5742 probationum
1147 5675 1428 5739 memoria,
1453 5673 1519 5728 de
1539 5671 1849 5742 iuramento
1874 5671 2058 5741 etiam,
2081 5694 2144 5731 ac.

570 5741 752 5799 duello
775 5743 982 5817 legibus
1009 5745 1247 5816 antiquis
1275 5754 1329 5801 et
1355 5741 1615 5814 exemplis
1644 5755 1947 5816 auctorata,
1982 5750 2144 5805 veluti

2252 4901 2724 4973 Augustoduneani
2766 4911 2984 4957 exstare
3033 4901 3228 4973 asserit
3270 4901 3331 4956 P.
3370 4901 3585 4958 Petrus
3612 4901 3841 4960 Brunius

2253 4972 2537 5048 preShyter
2563 4972 2793 5027 Oratorii
2829 4975 2880 5048 in
2901 4988 3072 5048 opere
3095 4972 3298 5048 Gallico
3321 4972 3612 5048 affictor‘re
3629 4978 3842 5048 critique

2252 5043 2343 5099 des
2362 5043 2625 5115 proliqnes
2646 5044 3160 5115 superstitieusesqui
3174 5054 3261 5115 out
3274 5044 3448 5115 sedsit
3469 5043 3548 5115 les
3567 5043 3783 5115 perplexi
3798 5056 3841 5099 et

2251 5113 2521 5186 emanasse
2547 5113 2619 5166 les
2638 5124 2874 5186 sanantsu,
2906 5131 3025 5169 avec
3047 5113 3100 5167 lo
3122 5114 3359 5186 mellitula
3394 5125 3443 5167 et
3470 5113 3550 5169 les
3569 5113 3843 5186 principes

2250 5201 2385 5254 paur
2409 5184 2676 5257 discerner
2696 5183 2768 5236 les
2793 5183 2938 5252 (ᾔεις
2961 5183 3193 5257 naturels
3220 5184 3393 5257 d'cvec
3415 5200 3552 5239 certa:
3711 5183 3775 5240 ne
3802 5187 3845 5239 le

2251 5262 2366 5308 sont
2408 5270 2524 5324 pas.
2566 5254 2648 5308 Ac
2687 5268 2843 5306 usum
2882 5254 3098 5322 quidem
3126 5256 3495 5324 promiscuum
3530 5254 3845 5324 hujnsmodi

2251 5324 2630 5396 probationmn
2662 5324 3264 5396 superstitiosumfacit
3300 5333 3340 5378 t.
3373 5324 3447 5388 ll,
3477 5340 3535 5395 p.
3561 5328 3669 5381 2‘2!
3704 5341 3844 5395 seq.,

2254 5395 2440 5467 utpote
2462 5409 2527 5467 es
2556 5395 2871 5467 paganismo
2899 5395 3530 5467 provenientem,gneque
3557 5411 3589 5451 a
3630 5398 3842 5467 pontiﬁf

2253 5463 2406 5520 cibus
2450 5465 2532 5536 vei
2570 5464 2816 5536 conciliis
2849 5473 3188 5536 auctoraium
3231 5478 3285 5535 ι).
3322 5463 3453 5536 236.
3495 5463 3841 5536 sequicnti

2252 5536 2459 5607 legibus
2495 5533 2693 5599 Salica,
2740 5534 3021 5607 Ripuaria,
3062 5533 3479 5607 Longo'bardica,
3515 5533 3842 5607 Capitulari-

2249 5606 2353 5661 bus
2395 5607 2524 5660 iteu
2567 5621 2754 5674 regum
2796 5606 2837 5658 Ρ
2843 5618 3128 5660 raucorum
3158 5606 3282 5660 sine.
3327 5620 3426 5659 vui
3473 5620 3541 5659 ac
3584 5606 3839 5674 demet-pa

2252 5692 2377 5731 επις.
2418 5691 2485 5742 x,
2519 5673 2756 5731 maxime
2783 5673 3178 5744 frequentatum
3215 5683 3459 5737 constat,
3503 5677 3633 5731 inde
3676 5692 3707 5731 a
3738 5675 3836 5729 ﬁne

2251 5762 2377 5804 saec.
2413 5763 2488 5816 vr,
2520 5756 2579 5803 ut
2619 5764 2687 5802 ex
2733 5746 2939 5804 Baluzii
2984 5757 3212 5818 utroque
3249 5746 3649 5817 Capitularium
3700 5756 3834 5801 tanto
