3962 6326
82 407 250 464 «ιηυ

798 446 801 451 .
884 393 1207 453 .PROBAT.
1242 391 1375 449 PER
1411 389 1674 459 AQUAM,
1714 388 1986 447 IGNITOS
2029 386 2374 458 V'OMERES,
2417 388 2571 447 ETC.

3235 380 3378 453 ilbi)

84 528 375 583 nostram,
399 522 458 570 ct
483 511 653 581 dirige
674 508 935 581 judicium
961 516 1228 570 nostrum,
1256 504 1381 575 quia
1402 503 1581 573 justus
1606 517 1686 568 es,
1719 504 1766 566 Α
1794 504 1934 557 tione
1957 504 2078 570 ista,
2111 504 2292 558 dicens
2317 520 2336 558 :
2376 503 2583 573 Adjuro
2610 518 2706 559 vos
2730 503 2978 563 homines
3004 518 3104 579 per
3140 478 3378 572 Patrem,

84 623 165 669 et
218 618 427 667 rectum
466 606 728 679 judicium
764 612 941 667 tuum,
983 601 1076 670 qui
1124 597 1353 668 respicis
1395 605 1597 651 terram
1641 600 1698 650 et

86 698 250 755 facis
272 711 397 753 eam
435 704 687 756 tremere,
730 700 786 746 et
826 690 918 761 qui
959 699 1058 760 per
1095 688 1385 743 adventum
1425 682 1697 754 Uuigeniti

76 791 186 844 sui
221 789 319 845 Dni
344 787 427 841 nri
454 784 560 841 Jhu
584 783 690 853 Xpi
720 798 814 838 seu
836 780 1150 851 passionem
1175 775 1431 831 mundum
1454 773 1696 837 salvasti,

88 892 395 951 genusque
435 877 731 931 humanum
772 869 1075 933 redemisti,
1115 876 1172 921 tu
1216 867 1358 922 hanc
1387 874 1583 935 aquam
1613 862 1700 918 vel

84 964 319 1023 ferrum
349 963 459 1035 igni
487 963 789 1019 ferventem
823 958 1127 1022 sanetitica,
1156 964 1213 1010 et
1238 955 1397 1012 sicuti
1430 963 1542 1008 tres
1573 968 1700 1023 pue-

93 1071 207 1111 ros
236 1055 475 1126 Sydrac,
506 1050 672 1107 Misac
700 1059 756 1105 et
791 1050 1085 1117 Abdenaga
1120 1046 1277 1117 jussu
1318 1046 1462 1113 regis
1489 1041 1701 1097 Babilo-

92 1146 219 1200 nias
242 1143 480 1200 civitatis
508 1142 706 1196 missos
734 1138 789 1194 in
818 1137 1097 1193 fornacem
1142 1149 1462 1191 succensam
1509 1133 1703 1187 illmsos

90 1234 359 1297 salvasti,
388 1230 744 1302 angelumque
774 1236 927 1282 tuum
965 1227 1188 1281 mittens
1225 1224 1422 1279 exinde
1446 1221 1700 1288 eduxisti,

92 1338 161 1383 et
191 1325 501 1382 Susannam
543 1322 609 1376 de
644 1320 782 1375 falso
818 1316 1134 1374 testimonio
1174 1315 1445 1386 eripuisti,
1492 1315 1567 1368 ita
1596 1313 1704 1368 cle-

97 1416 455 1471 mentissime
488 1411 801 1468 dominator
826 1424 1069 1475 oramus,
1099 1417 1155 1464 et
1182 1407 1436 1479 petimus,
1470 1415 1529 1460 ut
1560 1406 1706 1473 quis-

90 1507 237 1576 quis
263 1507 521 1560 innocens
546 1503 613 1558 de
641 1502 743 1556 hoc
783 1499 1013 1555 crimine
1052 1498 1444 1569 prtenominato
1487 1497 1541 1550 in
1565 1496 1705 1550 hanc

99 1611 311 1666 aquam
341 1608 563 1649 manum
592 1590 824 1655 miserit,
852 1589 939 1644 vel
967 1588 1170 1643 ferrum
1194 1586 1491 1658 portaverit
1517 1601 1704 1641 sanam

95 1697 163 1740 et
197 1685 404 1739 illesam
429 1699 553 1741 eam
578 1682 792 1745 educat,
829 1695 928 1749 per
963 1687 1017 1735 te
1056 1678 1383 1733 salvatorem
1412 1686 1468 1731 et
1497 1678 1705 1732 redem-

98 1785 289 1831 torem
324 1774 497 1830 tocius
520 1773 693 1828 orbis.
724 1771 830 1839 Qui
859 1778 1121 1827 venturus
1148 1776 1232 1824 est
1255 1766 1371 1836 jud.

1793 603 1855 651 et
1876 595 2094 663 Filium,
2121 604 2177 652 et
2204 595 2464 668 Spiritum
2492 605 2762 662 sanctum,
2788 609 2845 655 et
2870 614 2969 670 per
2990 609 3231 657 sanctam
3263 596 3385 658 Tri-

1798 688 2047 752 nitatem,
2079 697 2133 744 et
2165 702 2263 758 per
2288 688 2685 745 invocatiOnem
2715 692 2979 764 unigeniti
3016 694 3162 761 Filii,
3193 705 3248 751 et
3284 703 3385 767 per

1801 787 2040 832 vestram
2089 777 2583 845 christianitatem,
2624 794 2789 849 quam
2823 784 3141 855 suscepistis
3188 795 3245 843 et
3287 802 3385 859 per

1799 876 2047 922 sanctum
2079 866 2455 939 Evangelium,
2486 878 2542 923 et
2565 883 2663 938 per
2692 871 2826 927 istas
2862 871 3147 944 reliquias,
3176 890 3297 946 quae
3328 878 3384 932 in

1797 957 1903 1012 ista
1925 957 2152 1013 ecclesia
2183 968 2328 1024 sunt,
2352 968 2413 1014 ut
2432 972 2539 1015 non
2561 965 2905 1030 praesumatis
2926 965 3035 1021 ullo
3060 968 3220 1023 modo
3238 956 3390 1024 com-

1800 1050 2100 1115 municare,
2133 1058 2309 1119 ne‘gue
2338 1051 2598 1107 accedere
2643 1055 2709 1108 ad
2757 1054 2951 1120 altare,
2981 1057 3027 1111 si
3053 1059 3158 1114 hoc
3183 1059 3388 1116 fecistis

1796 1146 1897 1191 aut
1923 1140 2293 1205 consentistis,
2320 1148 2411 1194 aut
2440 1141 2591 1198 scitis
2614 1144 2736 1213 quis
2765 1145 2869 1201 hoc
2896 1145 3106 1204 fecerit.
3126 1147 3189 1204 Si
3211 1163 3388 1206 autent

1804 1245 1987 1283 sumes
2033 1233 2312 1294 tacuerint,
2360 1242 2409 1286 et
2448 1233 2626 1288 nullus
2667 1236 2765 1290 hoc
2793 1237 3019 1304 dixerit,
3067 1243 3279 1295 accedat
3318 1236 3389 1298 ad

1802 1319 1975 1374 altare
2027 1322 2271 1375 sacerdos
2320 1332 2369 1375 et
2424 1327 2766 1379 communicet
2826 1327 2975 1394 illos,
3007 1346 3135 1401 quos
3185 1330 3290 1387 vult
3334 1334 3391 1386 in

1804 1426 1996 1481 aquam
2020 1411 2246 1466 mittere.
2288 1411 2421 1466 Cum
2463 1423 2638 1467 autem
2682 1417 3090 1483 comntunicant,
3121 1422 3261 1474 dicat
3305 1439 3393 1476 sa-

1802 1503 1987 1558 cerdos
2015 1519 2108 1572 per
2148 1504 2385 1572 singulos
2412 1522 2431 1558 :
2462 1504 2670 1574 Corpus
2697 1513 2751 1560 et
2782 1508 3004 1578 sanguis
3055 1509 3154 1565 Dni
3179 1513 3264 1567 nri
3296 1512 3392 1569 llnt

1805 1595 1907 1664 Xpi
1940 1595 2013 1649 sit
2035 1596 2129 1649 tibi
2158 1595 2317 1649 hodie
2348 1594 2398 1648 in
2452 1596 2973 1666 comprobationem.
3008 1598 3138 1655 Hm:
3162 1612 3237 1656 est
3258 1602 3393 1657 cele-

1803 1686 1982 1738 bracio
2009 1686 2185 1739 missa:
2210 1685 2280 1738 ad
2308 1685 2575 1754 judicium
2604 1687 2710 1741 sive
2731 1705 2883 1758 aqua:
2906 1690 3012 1743 sive
3031 1690 3181 1759 fern.
3205 1691 3393 1748 Justus

1805 1789 1866 1831 es
1893 1775 2029 1830 Dne.
2060 1776 2207 1829 Beati
2235 1776 2451 1831 imtnac.
2480 1777 2557 1831 Da
2584 1792 2648 1847 qs
2677 1793 2832 1849 omps
2854 1780 2938 1835 ‘sic
2964 1796 3063 1836 nos
3090 1792 3237 1838 tuam
3269 1800 3394 1856 εγω

182 1867 328 1921 Alia.
357 1864 522 1934 Ontps
551 1866 883 1935 sempiterne
912 1862 1008 1929 Ds,
1033 1861 1126 1934 qui
1155 1876 1215 1917 es
1241 1868 1493 1916 servator
1525 1858 1703 1915 occul-
1732 1864 1777 1924 Β
1809 1868 1939 1922 tiam
1968 1869 2295 1938 promereri,
2319 1876 2378 1921 ut
2415 1877 2629 1925 nostros
2672 1872 3012 1943 corrigamus
3034 1888 3293 1931 excessus
3314 1878 3394 1932 sic

97 1966 294 2013 lorum
329 1958 597 2021 cordium,
625 1966 678 2011 te
705 1955 976 2025 supplices
1003 1968 1313 2025 exoramus,
1344 1962 1407 2007 ut
1449 1952 1497 2007 si
1540 1952 1705 2006 homo

90 2048 205 2102 hic
229 2047 515 2118 culpabilis
542 2047 721 2102 estde
761 2047 921 2102 rebus
962 2044 1227 2116 praefatis.
1274 2050 1331 2097 et
1375 2041 1593 2096 diabolo
1624 2041 1707 2094 ius

96 2146 343 2209 gruente
383 2154 479 2195 cor
507 2136 623 2207 ejus
666 2137 1036 2209 praesumserit
1072 2136 1130 2190 in
1177 2136 1316 2189 banc
1357 2147 1552 2203 aquam
1586 2133 1708 2202 igne

103 2231 414 2285 ferventem
452 2229 566 2285 sive
609 2227 811 2282 ferrum
857 2227 1088 2295 ignitum
1129 2239 1347 2279 manum
1390 2238 1543 2278 suam
1584 2224 1710 2276 mit-

104 2333 258 2385 tere,
305 2328 394 2374 tua
431 2316 736 2386 justissima
782 2316 989 2370 veritas
1034 2313 1290 2375 declaret,
1341 2320 1397 2367 et
1445 2312 1500 2366 in
1551 2311 1710 2381 hujus

102 2426 281 2482 opere
300 2419 457 2464 tuam
485 2409 769 2464 veritatem
802 2404 1116 2469 manifesta,
1148 2412 1210 2458 ut
1237 2418 1336 2472 per
1357 2401 1707 2457 manifestam

102 2503 493 2572 potnitentiam
532 2501 586 2555 in
624 2514 871 2569 corpore,
904 2498 1083 2552 anima
1115 2496 1233 2565 ejus
1263 2493 1503 2548 salvetur
1528 2495 1581 2548 in
1610 2509 1706 2549 ex-

107 2606 291 2649 trema
319 2592 732 2648 examinatione.
754 2588 908 2657 Quod
939 2587 986 2643 si
1016 2602 1113 2657 per
1133 2586 1332 2641 herbas
1363 2596 1457 2639 aut
1484 2601 1582 2654 per
1606 2586 1709 2640 ali-

104 2699 223 2754 qui
250 2682 517 2738 maleficia
541 2682 645 2738 hoc
668 2687 949 2750 peccatum
975 2675 1502 2748 tegere,.czclareque
1528 2675 1711 2730 voluc-

108 2777 212 2841 rit,
246 2784 393 2829 tuam
431 2783 676 2830 sanctam
707 2772 987 2829 dexteram
1024 2783 1299 2824 evacnare
1330 2768 1580 2839 dignetur
1614 2782 1711 2837 per

108 2868 456 2940 unigenitum
488 2867 624 2921 Dum
666 2880 789 2920 nrm
827 2855 955 2918 me
996 2859 1162 2930 Xpm,
1206 2859 1299 2929 qui
1335 2867 1594 2915 venturus
1627 2865 1712 2913 est

105 2958 363 3029 judicare
386 2956 539 3012 vivos
562 2963 618 3011 et
648 2961 808 3010 mort.

472 3060 721 3103 tumcum
759 3057 913 3106 Δαυλίς
952 3052 1203 3095 ιτιιιαιΜς.
1243 3037 1392 3109 (247)

244 3139 368 3210 .(Es
394 3138 516 3193 cod.
547 3137 712 3192 tlteol.
742 3137 899 3191 Vind.
926 3137 1056 3204 5H,
1095 3147 1222 3189 sazc.
1257 3148 1290 3186 ι
1315 3131 1399 3187 vel
1426 3130 1529 3201 XI.)

1807 1955 2195 2010 confitentibus
2242 1956 2495 2013 relaxare
2533 1957 2813 2024 delicmm,
2854 1970 2915 2015 ut
2957 1978 3309 2021 coerceamus
3337 1968 3393 2021 in

1806 2043 1923 2097 suis
1936 2043 2768 2113 pravitatibusfobstinatos.Per.
2792 2046 3013 2119 Expleta
3037 2053 3216 2116 missa,
3233 2053 3396 2122 faciat

1808 2133 2053 2188 sacerdos
2082 2146 2273 2205 aquam
2302 2136 2644 2202 benedictum,
2665 2148 2717 2192 et
2763 2139 2918 2194 radat
2966 2141 3036 2194 ad
3086 2141 3256 2196 locum
3309 2136 3398 2199 ubi

1809 2223 2044 2278 homines
2079 2225 2392 2293 probantur.
2418 2224 2628 2279 Etcum
2657 2228 2865 2297 probati
2895 2242 3015 2284 sunt
3044 2230 3110 2285 de
3154 2233 3394 2289 omnibus

1810 2315 1981 2369 bibere
2000 2317 2065 2368 de
2109 2331 2249 2385 aqua
2300 2316 2608 2371 benedicta:
2637 2328 2686 2372 et
2723 2335 2842 2372 cum
2884 2320 3106 2386 dederit,
3158 2323 3300 2377 dicat
3327 2320 3397 2378 ad

1810 2420 2230 2477 unumquemque
2258 2414 2482 2463 eorum:
2514 2408 2638 2465 Haec
2685 2426 2826 2481 aqua
2872 2412 2965 2467 fiat
3007 2415 3102 2469 tibi
3141 2416 3300 2472 hodie
3330 2418 3401 2472 ad

1810 2498 2331 2568 comprobationem.
2376 2497 2569 2553 Postea
2619 2517 2737 2555 vero
2777 2514 3044 2557 convertat
3071 2521 3127 2558 se
3151 2508 3397 2561 sacerdos

1810 2591 1880 2643 ad
1908 2605 2119 2660 aquam,
2146 2588 2234 2642 ubi
2259 2588 2411 2643 illam
2435 2592 2615 2655 mittit,
2643 2601 2693 2645 et
2738 2592 2983 2663 conjurat
3007 2595 3089 2649 Itis
3127 2597 3294 2653 verbis
3320 2614 3400 2654 sc-

1807 2680 2081 2751 quentibus
2096 2679 2355 2750 imprimis
2375 2680 2628 2735 dieendo:
2646 2682 2787 2738 Deus
2801 2683 2852 2736 in
2875 2683 3198 2753 adjutorium
3217 2702 3396 2745 meum

1808 2771 2048 2827 intende.
2077 2771 2196 2826 Ter.
2221 2779 2340 2826 cum
2360 2773 2564 2829 Gloria.
2589 2773 2752 2846 Kyrie
2771 2775 2994 2832 eleison.
3027 2774 3142 2847 ch
3166 2779 3394 2835 eleison.

1814 2864 1916 2918 Ter
1945 2874 1995 2918 et
2043 2864 2317 2927 letaniam,
2373 2875 2423 2920 et
2449 2868 2746 2922 nominibus
2773 2867 3090 2924 Sanctorum
3130 2872 3184 2925 in
3211 2871 3397 2926 eadem

1811 2956 2045 3010 recitatis
2071 2955 2216 3009 dicat
2240 2956 2335 3010 hos
2364 2973 2558 3013 versus.
2588 2957 2697 3014 Pro
2728 2958 2888 3027 hujus
2910 2960 3111 3032 negotii
3140 2950 3402 3031 qualitate

1813 3056 1866 3102 te
1895 3061 2148 3117 rogamus
2181 3047 2305 3102 audi
2334 3062 2452 3103 nos.
2485 3049 2539 3116 7.
2565 3047 2638 3105 Ut
2676 3048 2901 3117 justitiaa
2951 3067 3060 3107 non
3089 3051 3401 3109 dominetur

1815 3137 2096 3208 iniquitas,
2121 3137 2216 3194 sed
2245 3137 2508 3194 subdatur
2531 3137 2742 3194 falsitas
2766 3139 3004 3196 veritati.
3033 3139 3110 3197 Te
3144 3156 3402 3214 rogamus

192 3206 330 3286 Cum
358 3232 431 3285 vis
476 3231 739 3284 Immineat
768 3231 825 3283 in
848 3246 1041 3300 siquam
1070 3230 1274 3298 mittere
1301 3224 1371 3280 ad
1400 3223 1708 3293 comproba-
1735 3206 1783 3271 ε
1815 3206 1939 3281 audi
1971 3241 2093 3281 nos.
2125 3225 2246 3282 Ter.
2269 3242 2372 3290 qua
2404 3227 2556 3295 ﬁnita
2586 3237 2759 3283 cantet
2804 3229 3073 3301 presbyter
3096 3206 3260 3287 Pater
3305 3248 3399 3287 no—

115 3323 351 3387 tionem,
381 3323 483 3376 ista
519 3321 672 3376 debes
701 3320 891 3389 facere.
934 3322 1127 3390 Accipe
1170 3317 1289 3373 illos
1317 3316 1552 3370 homines
1579 3332 1711 3386 quos

120 3417 184 3469 in
210 3413 478 3470 voluntate
507 3413 666 3466 habes
693 3414 895 3466 mittere
924 3411 977 3465 in
1003 3426 1196 3481 aquam
1225 3408 1399 3479 (248),
1420 3417 1467 3461 et
1496 3408 1599 3462 duc
1622 3424 1713 3461 eos

126 3506 187 3560 in
214 3503 511 3568 ecclesiam,
533 3513 582 3557 et
617 3518 796 3557 coram
825 3502 1067 3557 omnibus
1093 3509 1266 3556 cantet
1299 3498 1565 3568 presbyter
1590 3498 1715 3551 mise

121 3612 258 3651 sum.
283 3594 413 3650 Cum
437 3602 611 3649 autem
637 3594 707 3646 ad
730 3593 1252 3648 communicationem
1282 3590 1534 3651 venerint,
1558 3596 1710 3641 ante-

122 3702 283 3759 quam
313 3686 715 3750 communicent,
758 3686 1038 3753 interroget
1081 3698 1168 3736 eos
1213 3679 1459 3734 sacerdos
1484 3676 1710 3746 adjura-

117 3926 234 3994 jam
265 3922 502 3978 ostendit
541 3920 793 3984 Brnnins,
842 3934 1018 3992 neque
1045 3923 1206 3994 etiam
1256 3920 1390 3974 facta
1422 3919 1567 3973 circa
1615 3906 1725 3994 has:

124 3990 474 4069 probationes
502 4002 653 4069 certa
681 4003 736 4047 et
762 3990 1075 4069 authentica
1103 3991 1389 4069 ditlitctur._
1412 4005 1531 4059 qtnc
1560 3990 1712 4043 Varia

125 4060 335 4137 profert
362 4075 402 4119 t.
434 4064 498 4137 II,
526 4065 901 4137 habeaturque
924 4062 1150 4137 colleeta
1180 4060 1424 4129 exempla
1443 4067 1500 4137 et
1528 4067 1717 4114 aucto-

127 4130 320 4192 ritates
362 4134 502 4204 apud
550 4130 918 4204 Hildebertum
955 4132 1346 4204 Cenomeusent
1382 4139 1450 4204 et
1473 4130 1729 4204 Ivonetn,~

124 4198 414 4275 quietiam
446 4218 572 4275 rem
593 4202 819 4275 discutit
847 4202 1119 4275 nonnullis
1143 4202 1202 4275 in
1226 4200 1506 4275 _epistolis,
1529 4198 1715 4275 fassus

124 4269 216 4345 ep.
242 4274 310 4328 74
336 4272 589 4328 fefellisse
613 4273 1008 4345 probationem.
1060 4272 1183 4341 Egit
1209 4269 1380 4345 deéea
1428 4286 1486 4345 re
1514 4269 1713 4345 dudum

126 4330 257 4400 ante
279 4345 601 4399 llincmarus
614 4330 879 4411 singulari
905 4330 1136 4396 tractatu
1150 4356 1251 4411 pro
1262 4330 1588 4408 Thietberga
1613 4339 1715 4411 Lo-
1752 4367 1759 4376 -

129 4416 294 4475 that-ii
337 4428 525 4470 uxore.
576 4410 764 4467 Editus
808 4427 939 4467 vero
973 4412 1114 4466 inter
1156 4410 1319 4480 opera
1367 4410 1653 4480 Agobardi
1684 4423 1715 4461 a

130 4485 351 4539 Baluzio
378 4490 556 4538 exstat
599 4492 859 4537 tractatus
899 4492 1083 4535 contra
1122 4479 1475 4535 damnabilem
1515 4479 1717 4547 opinio-

1812 3329 1943 3375 ster.
1973 3314 2149 3375 Credo
2177 3319 2231 3373 in
2261 3319 2452 3375 Deum.
2487 3318 2555 3373 Et
2592 3319 2735 3374 dicat
2786 3320 3048 3379 Dominus
3096 3323 3397 3380 vobiscum.

1811 3410 2027 3481 Adjuro'
2042 3417 2096 3465 te
2136 3424 2275 3481 aqua
2305 3410 2359 3465 in
2391 3410 2611 3466 nomine
2642 3411 2738 3467 Dei
2788 3413 2967 3468 Patris
2991 3415 3400 3485 omnipotentis.

1812 3501 1902 3570 qui
1933 3508 1987 3577 te
2008 3501 2062 3554 in
2103 3499 2374 3571 principio
2415 3500 2649 3566 creavit,
2684 3508 2741 3556 et
2791 3509 2845 3556 te
2876 3499 3041 3571 jussit
3089 3505 3401 3559 ministrare

1816 3588 2070 3643 humanis
2126 3587 2566 3652 necessitatibus,
2612 3590 2703 3657 qui
2744 3590 2910 3644 etiam
2940 3600 2993 3646 te
3021 3590 3183 3659 jussit
3217 3607 3402 3663 segre-

1813 3678 1928 3747 gari
1956 3680 2023 3733 ab
2072 3678 2232 3748 aquis
2284 3679 2676 3747 superioribus.
2732 3680 2937 3748 Adjuro
2997 3688 3049 3734 te
3096 3682 3265 3736 etiam
3305 3692 3402 3752 per

1817 3939 1933 3995 runt
1948 3924 2274 3995 continetur.
2293 3924 2444 3992 Apud
2460 3924 2709 3992 Eccard.,
2731 3934 2768 3979 t.
2788 3924 2825 3979 II
2841 3920 2971 3979 Rer.
2990 3925 3184 3982 Franc.
3199 3940 3256 3995 p.
3271 3926 3400 3982 923.

1888 3992 2036 4062 (248)
2076 3993 2200 4061 Agit
2222 3993 2292 4065 tle
2326 3995 2428 4065 hoc
2450 3995 2784 4064 probationis
2817 4012 3017 4065 genere
3038 3992 3269 4051 Brunibs
3292 4005 3406 4051 toto

1816 4057 1956 4117 libro
1976 4057 2028 4116 vi
2062 4057 2191 4116 toni.
2221 4063 2263 4116 ll
2287 4057 2525 4133 copiose,
2553 4073 2786 4133 suntque
2818 4057 2872 4119 Ei
2916 4065 3224 4121 testimonia
3279 4082 3405 4120 eam

1820 4135 1873 4188 in
1904 4146 2017 4186 rem
2055 4142 2209 4187 extra
2239 4134 2462 4188 dubium
2499 4134 2675 4201 posita
2720 4135 2994 4203 complura
3023 4135 3183 4190 etiam
3214 4150 3403 4191 recenc

1821 4206 1957 4257 tiora
1987 4203 2055 4260 de
2084 4203 2261 4258 lamiis
2301 4204 2602 4271 praesertim
2632 4205 2737 4260 hoc
2754 4203 2960 4271 judicio
3006 4204 3401 4267 condemnatis.

1821 4219 1957 4257 uera
1987 4219 2055 4260 ue
2084 4219 2261 4258 tamus
2340 4219 2602 4259 rteserttm
2632 4219 2737 4260 hoc
2754 4219 2960 4271 juutcto
3006 4219 3401 4267 condemnatis.

1818 4273 1885 4327 de
1901 4289 2012 4355 quo
2043 4275 2241 4355 citetur
2271 4219 2443 4355 Veier.
2464 4274 2531 4355 de
2570 4273 2886 4355 Prtestigiis
2907 4274 3206 4355 daemonum
3233 4273 3326 4355 lib.
3353 4290 3407 4328 VI

1819 4360 1869 4397 c.
1901 4343 1930 4394 7
1975 4359 1989 4405 ;
2042 4353 2327 4412 exstatque
2376 4344 2661 4417 Scribonii
2694 4343 2920 4414 epistola
2950 4344 3041 4417 _de
3074 4344 3410 4417 Purgatione

1819 4427 2068 4489 sagartnn
2101 4428 2486 4489 super_aqnam
2541 4413 2793 4489 frigidam
2827 4431 2843 4479 ;
2873 4415 2964 4482 qui
3009 4416 3176 4489 etiam
3200 4413 3409 4468 refutat

1821 4476 2042 4537 Nevaldi
2064 4476 2316 4554 exegesin
2342 4476 2683 4554 ptirgatiodis
2708 4476 3120 4539 sive'e'xaminis
3148 4499 3407 4554 sagarum

129 4572 248 4610 nem
271 4555 565 4624 palantium
591 4553 754 4606 divini
783 4551 1414 4624 judiciiveritatemigne
1450 4549 1528 4624 rel
1564 4550 1713 4624 aquis
1741 4558 1793 4619 ι)
1820 4567 1982 4624 super
2029 4549 2226 4624 aquam
2279 4549 2547 4624 frigidam.
2597 4552 2894 4624 Godelman
2950 4569 3080 4624 vero
3138 4549 3410 4609 Scribonii

129 4624 212 4680 ecl
233 4617 478 4694 conﬂictu
499 4638 767 4678 armorum
783 4617 1061 4694 pateﬁeri.
1090 4617 1714 4694 Scripsit'ltzcengobar-

131 4698 235 4766 dus
262 4688 666 4766 vergentesaeg.
684 4708 772 4766 ix.
806 4688 936 4766 Quo
964 4692 1211 4766 tiniente1
1216 4688 1593 4766 ;nihilomintts
1621 4702 1734 4766 an.

130 4764 238 4820 895
266 4765 321 4818 in
346 4757 574 4818 concilio
604 4757 938 4816 Triburiensi
969 4775 1020 4814 c.
1048 4762 1072 4814 l
1104 4761 1254 4831 et???
1281 4757 1619 4831 permittitur
1646 4757 1718 4831 ri-

133 4840 246 4896 tus,
277 4835 352 4887 nti
382 4835 547 4889 etiam
587 4830 655 4885 de
703 4831 977 4902 proximis
994 4829 1203 4902 smculis
1233 4827 1460 4902 habetur
1484 4827 1718 4902 auctori-

135 4891 307 4958 tas’in
337 4903 493 4958 conc."
524 4903 663 4956 actis
686 4891 825 4972 apud
849 4900 1044 4963 Labb.,
1074 4909 1115 4954 t.
1140 4893 1231 4972 IX,
1260 4916 1315 4970 ν.
1341 4891 1445 4954 587
1475 4907 1529 4954 ct
1557 4897 1716 4972 1092.

134 4974 293 5040 Quod
340 4973 586 5043 Angliam
635 4968 864 5043 spectat,
918 4971 973 5043 in
1016 4968 1369 5043 quawEmime
1396 4968 1717 5043 exemplum

135 5039 474 5122 memoratu}
498 5043 552 5098 in
584 5039 816 5122 manust.
841 5040 997 5122 Angl.
1109 5039 1564 5122 ostenditque
1589 5039 1718 5093 Bru-

138 5114 284 5177 ttius,
320 5118 358 5168 ι.
410 5114 483 5175 II,
524 5126 580 5182 p.
613 5112 715 5167 l96
753 5110 984 5182 seq.,_in
1030 5110 1306 5182 Orientem
1351 5110 1514 5182 etiam
1540 5124 1749 5182 Apcney

138 5195 330 5240 trasse.
385 5177 568 5237 Ritufn
624 5177 968 5252 explorandae
1020 5180 1264 5252 veritatis
1317 5195 1410 5233 seu
1456 5177 1716 5252 judicium

137 5252 270 5308 ferri
295 5254 598 5317 candentis,
621 5249 727 5321 quo
754 5254 807 5306 in
835 5249 1565 5321 dirimendiscontroversiis
1590 5263 1722 5321 gens

141 5322 413 5392 Ungarica
443 5323 573 5379 olim
605 5318 858 5392 utebatur
885 5329 1010 5392 post
1043 5320 1335 5392 editionem
1360 5318 1724 5392 ClaudiOpoIi-

140 5388 324 5448 tanam
351 5411 439 5447 an.
471 5393 628 5456 1550,
658 5391 948 5446 uberrimis
983 5390 1124 5443 notis
1161 5389 1483 5443 illustratum
1514 5388 1749 5447 recudit

140 5458 335 5537 Matth.
364 5464 540 5537 Belius
564 5464 639 5537 _in
684 5469 944 5530 apparatur
975 5461 1044 5537 ad
1087 5458 1226 5513 Hist.
1276 5456 1479 5537 Hung.,
1516 5467 1553 5511 t.
1598 5457 1637 5521 I,
1669 5474 1720 5537 p.

141 5533 237 5601 191
265 5549 283 5598 ;
312 5548 378 5588 ex
427 5534 610 5588 multis
639 5529 808 5601 pauca
851 5544 951 5600 ego
979 5529 1047 5583 ad
1091 5543 1202 5582 rem
1244 5536 1312 5583 ex
1362 5529 1726 5584 monumentis

138 5595 677 5674 Litttrg.Alentattttiie
702 5601 825 5655 edo.
857 5670 869 5674 _
889 5595 911 5600 ⁷
951 5668 1020 5674 ___
1109 5668 1120 5674 _
1266 5669 1276 5674 _
1302 5642 1303 5645 η

214 5668 363 5743 (ΞΠ)
375 5673 639 5743 Convenit
652 5671 762 5743 fere
773 5670 940 5743 codex
951 5668 1309 5743 Wet-tingensis
1323 5683 1452 5743 szcc.
1464 5683 1538 5743 .\I_,
1556 5668 1606 5723 in
1622 5681 1727 5743 quo

142 5737 406 5803 Bornonis
424 5742 637 5798 abbatis
656 5741 944 5810 Augiensis
959 5738 1103 5795 Ordo
1127 5742 1321 5792 rituum
1347 5737 1727 5791 ecclesiastico-

465 5876 741 5936 PsTnOL.
780 5874 1189 5937 CXXXVIII.
1230 5846 1235 5853 ἡ

1821 4621 1961 4677 hanc
1994 4621 2371 4675 refutationem
2411 4622 2606 4675 refutat
2633 4622 2697 4674 de
2724 4621 2898 4689 Magis
2947 4632 2994 4674 et
3036 4621 3316 4690 Veneﬁcis,
3361 4635 3410 4677 ct

1820 4692 2020 4745 Lamiis
2052 4692 2325 4746 noscendis
2347 4699 2396 4744 et
2426 4691 2724 4761 puniendis,
2762 4690 3013 4761 Francuf.
3062 4703 3205 4746 anno
3248 4693 3404 4747 159l.

1822 4761 2054 4815 Brunius
2108 4760 2662 4831 Scribottii_Systetna
2689 4760 2910 4815 refutat.
2957 4761 3239 4828 Quomodo
3294 4763 3409 4817 haec

1822 4831 2067 4901 probatio
2097 4833 2151 4886 in
2177 4829 2353 4886 Gallia
2380 4829 2916 4901 fueritdisseminata
2947 4832 3184 4887 ostendit
3212 4846 3335 4900 cap.
3378 4834 3413 4885 5

1821 4899 1967 4972 et};
2006 4910 2115 4954 tum
2145 4915 2293 4964 vero,
2329 4916 2394 4953 an
2414 4915 2523 4972 per
2547 4899 2733 4972 bonos
2757 4916 2824 4954 an
2854 4915 2952 4971 per
2976 4901 3144 4957 malos
3191 4899 3413 4972 angelos

1821 4965 2044 5042 effectus
2068 4965 2504 5042 tiant,disqui'rit
2528 4985 2653 5040 cap.
2796 4965 3408 5042 recteqnejudicat'SQ,
3496 4986 3502 4993 ·

1822 5056 1875 5113 p.
1897 5041 2003 5098 512
2034 5041 2246 5113 etiamsi
2273 5039 2607 5111 quandoque
2633 5040 2927 5113 prodamus
2956 5039 3118 5113 fuerit
3138 5039 3409 5113 _ell‘_ect'us.

1823 5109 2171 5167 temerarium
2218 5109 2338 5171 esse
2366 5109 2618 5175 eumdem
2673 5111 2892 5167 iterare.
2939 5112 3078 5166 Add.
3128 5109 3413 5164 Hulierum

1823 5181 2016 5254 lavatio
2042 5219 2070 5254 ,_
2109 5198 2300 5254 quamj
2330 5183 2693 5254 purgationem
2740 5199 2834 5254 per
2892 5196 3100 5254 aquam
3137 5178 3410 5254 [rigidam1

1826 5251 1958 5305 Item
1987 5238 2217 5319 vulgaris
2266 5238 2342 5303 de'
2381 5238 2613 5317 pdtentia
2646 5238 2969 5305 ‘La'miarum
3017 5238 3234 5319 opinio:-
3272 5238 3413 5317 quod

1824 5334 2043 5391 utraque
2072 5321 2199 5382 Deo,
2233 5330 2458 5383 natum,
2496 5322 2636 5375 omni
2655 5320 2801 5391 jure,
2840 5330 2891 5391 et
2927 5320 3155 5391 probata:
3196 5333 3414 5391 consue-

1827 5386 1998 5445 tudini
2016 5391 2084 5443 sit
2111 5392 2398 5445 contraria.
2419 5386 3002 5446 Auctore'Conrado‘ab
3030 5389 3230 5447 Antea,
3262 5386 3311 5439 1.
3339 5386 3409 5441 U.

1830 5459 1893 5515 L.
1924 5459 2140 5515 Lubeca:
2164 5476 2253 5515 an.
2284 5460 2444 5515 I590.
2469 5461 2719 5517 Vicissim
2741 5474 2870 5515 vero
2889 5458 2958 5513 ab
2985 5458 3173 5512 eodem
3212 5455 3415 5511 Bruttio

1831 5530 2032 5607 citetur
2060 5528 2525 5607 RickibDefensio
2570 5531 2767 5607 proba',
2816 5540 2879 5607 ut.
2904 5528 3239 5607 loquuntur,-
3264 5539 3415 5607 aqua;

1833 5601 2066 5670 (rigidas,
2095 5617 2201 5671 qua
2245 5599 2298 5654 in
2342 5595 2728 5671 examinatione
2773 5595 3130 5671 male/irarum
3187 5595 3416 5671 plerigae

1824 5666 2035 5740 iudices
2065 5666 2219 5740 hodie
2243 5679 2466 5724 utuntur
2490 5685 2507 5740 ;
2530 5668 2723 5740 sa'culo
2757 5683 2935 5735 nempe
2952 5666 3133 5740 adhuc
3162 5681 3269 5722 xvr.
3298 5666 3417 5734 Quo

1835 5740 2058 5794 ﬁniente
2086 5738 2220 5809 vixit
2245 5748 2433 5794 auctor
2467 5739 2809 5807 Colonia'que
2834 5736 3031 5807 prodiit
3055 5736 3209 5791 liber.

2944 5866 3022 5927 36
