3962 5386
602 358 732 416 1131

1456 351 1744 410 APPEND.
1776 356 1866 409 AD
1906 354 2076 412 SaEC.
2115 357 2183 412 Χ.
2226 388 2294 400 -—
2333 359 2765 416 MONUMENTA
2805 361 3083 420 LITURG.

3724 372 3830 426 1132

601 467 870 525 ineffabile
898 483 1095 525 nomen
1144 467 1242 522 1).ιί
1279 467 1361 522 nri
1398 467 1492 521 Ihu
1531 467 1635 538 Xpi
1663 467 1781 522 Filii
1812 469 1905 523 Dci
1935 469 2178 540 omnipo-
2205 473 2251 535 Α
2279 485 2468 541 parum
2497 472 2946 537 manifestatione,
2977 481 3035 526 ut
3080 482 3303 544 uterque
3335 475 3388 528 in
3439 491 3509 530 ca
3539 479 3827 548 probatione

603 562 783 625 tentis,
841 561 940 616 sub
980 559 1131 628 cujus
1173 559 1400 628 pedibus
1443 575 1614 624 mare,
1647 559 1972 614 elementum
2015 576 2180 630 aqua-

598 666 717 704 rum
763 648 1020 704 calcabile
1066 663 1126 702 se
1175 649 1442 717 praebuit:
1495 649 1585 716 qni
1627 649 1789 702 etiam
1833 649 2095 718 baptizari
2126 650 2178 703 in

597 741 862 794 elemento
888 755 1151 808 aquarum
1178 740 1368 798 voluit.
1416 748 1465 794 et
1495 755 1591 808 per
1623 741 1952 795 individuam
2002 742 2180 796 Trini-

597 841 782 896 tatem,
809 831 962 902 cujus
986 831 1265 886 voluntate
1292 847 1555 899 aquarum
1579 831 1905 886 elementum
1942 832 2176 886 divisum

592 934 697 989 est,
725 933 779 978 et
807 923 1036 994 populus
1059 923 1390 978 Israeliticus
1421 938 1584 992 super
1615 922 1744 975 illttd
1769 923 1928 977 siccis
1956 924 2178 992 pedibus

592 1020 865 1074 transivit.
894 1019 975 1074 Ad
1005 1019 1161 1087 cujus
1189 1018 1351 1073 etiam
1395 1017 1790 1071 invocationem
1841 1016 2024 1070 Helias
2071 1016 2179 1070 fer-

589 1127 732 1174 rmn,
760 1109 902 1179 quod
925 1111 988 1165 de
1013 1109 1298 1164 manubrio
1325 1109 1617 1174 ceciderat,
1649 1123 1812 1177 super
1855 1124 2049 1178 aquam
2083 1124 2180 1161 na-

590 1215 706 1257 tare
730 1203 876 1266 fecit,
905 1211 966 1256 ut
1001 1202 1149 1256 nullo
1198 1202 1358 1256 modo
1387 1201 1655 1269 suscipias
1709 1200 1852 1254 hunc
1879 1201 2176 1265 hominem,

587 1295 632 1348 si
668 1295 720 1348 in
754 1293 936 1363 aliquo
953 1309 1019 1348 ex
1052 1294 1153 1348 hoc
1181 1291 1583 1361 estculpabilis,
1613 1291 1756 1360 quod
1785 1290 1858 1345 illi
1889 1289 2174 1358 objicitur:

587 1386 816 1448 scilicet,
868 1393 928 1438 ιιι
975 1400 1072 1454 per
1100 1391 1398 1454 opera’aut
1439 1398 1537 1453 per
1570 1397 1917 1446 consensum,
1949 1392 2042 1435 aut
2081 1394 2180 1451 per

588 1476 899 1540 saeuitiam,
947 1484 1040 1528 aut
1070 1490 1167 1544 per
1193 1475 1358 1528 ullum
1405 1474 1732 1544 ingenium;
1781 1475 1876 1529 sed
1921 1472 2007 1528 fac
2051 1489 2176 1528 eum

585 1575 778 1620 natare
799 1558 962 1634 Super
993 1576 1064 1629 te,
1093 1575 1147 1619 et
1177 1565 1321 1619 nulla
1347 1565 1517 1634 possit
1560 1579 1681 1619 esse
1703 1573 1891 1618 contra
1919 1573 1971 1618 te
1999 1563 2176 1634 aliqua

591 1659 735 1712 facta
790 1671 976 1722 causa,
1009 1666 1102 1712 aut
1132 1657 1276 1710 nulla
1329 1657 1663 1727 prazstigatio
1700 1657 1844 1726 quod
1883 1655 2010 1710 illud
2063 1672 2169 1709 non

584 1751 756 1820 possit
782 1747 1152 1805 manifestare.
1184 1749 1449 1817 Adjurata
1487 1757 1668 1803 autem
1721 1762 1818 1816 per
1844 1761 2040 1801 nomen
2070 1745 2174 1815 Xpi

2282 577 2387 631 qua
2414 563 2664 616 inventus
2710 572 2816 628 est,
2861 563 2962 617 iste
3011 577 3107 632 per
3144 565 3469 632 probitatem
3502 566 3831 635 justitize,illc

2280 670 2376 725 per
2409 657 2805 725 correptionem
2841 655 3216 711 obdurationis
3250 656 3471 712 laudent
3513 674 3705 713 nomen
3737 678 3833 714 sat»

2281 757 2428 802 etum
2453 757 2603 802 tuttm
2638 749 2689 802 in
2736 763 2799 802 ea
2833 747 3209 819 claritate_qua
3249 763 3539 818 pcrmanes
3578 750 3633 804 in
3674 754 3831 806 saeui:

2280 837 2622 891 surculorum.
2661 839 2859 891 Amen.

2353 927 2578 980 Domine
2607 927 2745 980 Deus
2790 941 2970 997 omps,
3003 927 3094 996 qui
3141 926 3474 997 baptismum
3510 925 3626 980 fieri
3659 924 3832 994 jussisti

2281 1019 2334 1072 in
2386 1035 2546 1088 aqua,
2588 1029 2642 1074 et
2691 1035 2786 1087 per
2825 1019 3102 1074 lavacrum
3159 1021 3595 1090 regenerationis
3639 1022 3834 1074 humano

2279 1109 2462 1179 generi
2527 1109 2904 1164 remissionem
2969 1111 3209 1164 onmium
3260 1122 3618 1181 peceato'utn
3670 1113 3832 1166 donare

2280 1199 2533 1270 dignatus
2557 1214 2640 1263 es,
2669 1200 2946 1254 sanctilica
2975 1216 3040 1269 qs
3085 1202 3225 1256 hanc
3272 1201 3534 1256 fluentem
3578 1217 3775 1270 aquam,
3793 1217 3834 1256 et

2275 1293 2482 1362 justum
2523 1293 2576 1346 in
2627 1307 2689 1346 ea
2726 1293 2974 1348 discerne
2994 1291 3277 1360 judicium,
3319 1295 3407 1362 qui
3439 1295 3595 1348 solus
3617 1310 3676 1348 es
3706 1295 3832 1361 jutlcx

2278 1392 2334 1436 et
2359 1381 2536 1445 fortis,
2577 1381 2671 1444 ita,
2721 1391 2781 1435 ut
2827 1381 2872 1436 si
2909 1382 3169 1437 innocens
3198 1383 3271 1437 sit
3321 1384 3425 1437 iste
3454 1384 3623 1438 homo
3652 1384 3712 1436 de
3737 1399 3835 1452 pm

2278 1474 2554 1528 nomiuata
2593 1488 2777 1536 causa,
2805 1488 2966 1542 aqua,
2991 1488 3110 1542 qua:
3137 1472 3190 1526 in
3231 1473 3512 1541 baptismo
3543 1489 3663 1525 eum
3689 1489 3832 1525 susce-

2278 1566 2379 1635 pit,
2407 1581 2548 1620 nunc
2585 1567 2636 1620 in
2661 1581 2720 1620 se.
2748 1567 2995 1636 recipiat,
3045 1576 3102 1620 et
3131 1567 3364 1620 mundus
3411 1575 3472 1620 et
3521 1566 3764 1618 innocens
3787 1568 3834 1617 dc

2279 1657 2388 1711 into
2415 1657 2682 1727 profundo
2709 1658 3061 1712 abstrahatur
3088 1657 3249 1724 hujus
3273 1672 3447 1726 aqum.
3483 1656 3610 1710 Per.

2350 1747 2477 1804 Post
2523 1750 2938 1820 conjurutionem
2987 1759 3161 1803 autem
3204 1760 3251 1803 et
3282 1749 3694 1802 benedictionem
3720 1765 3836 1818 aqua

587 1838 934 1909 praecipimus
965 1839 1081 1903 tibi,
1140 1847 1201 1892 ttt
1256 1853 1354 1908 per
1409 1851 1605 1892 nomen
1635 1836 1752 1906 ejus
1789 1835 2033 1898 obedias,
2089 1835 2174 1889 cui
2208 1831 2252 1890 Β
2279 1819 2434 1895 eruat
2462 1839 2580 1893 illos
2618 1819 2936 1892 uestimentis
2975 1855 3176 1905 eorum,
3204 1849 3250 1892 et
3287 1838 3453 1906 [adat
3509 1837 3629 1889 illos
3652 1855 3734 1904 per
3753 1841 3834 1889 riu.

583 1933 761 1987 omnis
791 1941 1039 1987 creatura
1065 1929 1230 1984 servit
1261 1947 1273 1982 :
1311 1943 1472 1998 quem
1501 1927 1793 1982 Cherubim
1817 1934 1869 1979 et
1887 1924 2174 1991 Seraphim

585 2021 806 2075 laudant
865 2020 1110 2074 dicentes
1164 2017 1416 2082 Sanctus,
1474 2016 1726 2079 Sanctus,
1778 2013 2014 2066 Sanctus
2065 2011 2176 2064 Dus

587 2111 950 2174 exercituum,
985 2108 1078 2177 qui
1109 2108 1274 2162 etiam
1313 2114 1502 2176 regnat
1543 2114 1599 2160 et
1628 2105 1940 2160 dominatur
1967 2120 2066 2173 per
2096 2105 2179 2157 itt-

585 2202 735 2255 tinita
759 2199 955 2255 saecula
977 2198 1321 2254 saeculorum.
1348 2196 1543 2251 Amen.

654 2291 792 2344 Alia.
855 2289 927 2343 Ds
976 2288 1070 2359 qui
1124 2287 1359 2341 maxima
1419 2299 1648 2355 quaeque
1696 2291 2172 2339 sacramenta......

583 2383 828 2438 serviens
876 2381 944 2435 ad
987 2379 1285 2434 diabolieas
1339 2376 1559 2432 fraudes
1605 2376 1951 2446 detegendas,
2001 2384 2057 2429 et
2110 2374 2176 2429 ad

581 2489 772 2528 eorum
824 2471 1104 2542 figmenta,
1137 2480 1456 2540 argumenta
1508 2469 1870 2532 dissolvenda,
1919 2478 2084 2536 atque
2107 2466 2176 2520 ad

580 2563 939 2620 multiformes
965 2578 1153 2618 eorum
1194 2569 1342 2616 artes
1379 2558 1733 2615 destruendus
1761 2559 1958 2614 divina:
1985 2558 2176 2628 gratia:

579 2665 759 2712 sumat
783 2654 1057 2710 effectum.
1114 2653 1408 2708 Discedant
1452 2653 1578 2707 hinc
1607 2668 1798 2708 omnes
1844 2652 2055 2706 insidiae
2092 2651 2173 2704 la-

578 2749 744 2804 tentis
776 2747 1004 2813 inimici,
1033 2755 1302 2816 quatenus
1355 2746 1554 2799 veritas
1583 2745 1650 2799 de
1680 2745 1786 2808 his,
1815 2760 1935 2813 qua:
1962 2760 1992 2796 a
2020 2743 2176 2798 nobis

583 2840 749 2893 divini
782 2853 974 2893 sensus
1025 2845 1082 2892 et
1132 2835 1293 2890 alieni
1325 2836 1506 2890 cordis
1556 2835 1758 2904 ignaris
1798 2833 2172 2905 requiruntur,

585 2939 677 2984 tuo
699 2929 904 3000 judicio
933 2927 1168 2997 expetita
1215 2941 1309 2996 per
1335 2925 1730 2980 invocationem
1761 2925 1935 2979 sancti
1966 2925 2040 2979 tui
2081 2939 2176 2978 no-

579 3023 746 3077 minis
795 3020 1064 3092 patefacta
1099 3019 1388 3074 clarescat.
1418 3018 1487 3072 Et
1527 3033 1596 3072 ne
1647 3017 1790 3072 unde
1845 3016 2175 3086 requirimus

576 3118 776 3187 injuste
815 3115 1078 3168 innocens
1099 3113 1428 3176 damnetur;
1465 3125 1641 3180 neque
1669 3124 1871 3164 nocens
1899 3125 1930 3163 a
1967 3119 2037 3172 te,
2081 3108 2174 3178 qui

2280 1932 2430 2002 gulos
2458 1929 2686 1983 osculari
2719 1929 3041 1998 evangelium
3079 1938 3127 1981 et
3169 1944 3375 1981 crucem
3404 1927 3632 1989 Christi,
3671 1937 3713 1978 et
3749 1937 3834 1993 post

2279 2025 2391 2076 Ita'c
2430 2023 2494 2075 de
2525 2023 2639 2091 ipsa
2689 2037 2826 2090 aqua
2877 2020 3142 2073 benedicta
3185 2028 3426 2086 aspergat
3475 2033 3638 2083 super
3686 2031 3838 2065 attum-

2278 2130 2532 2185 quemque
2562 2113 2868 2182 conjuratus
2890 2128 3006 2165 eum
3037 2113 3116 2164 his
3142 2111 3326 2164 verbis.
3353 2110 3570 2178 Adjuro
3606 2117 3655 2159 te
3682 2106 3737 2158 Ν.
3763 2122 3835 2173 per

2282 2201 2674 2256 invocationem
2703 2199 2804 2254 Dni
2830 2201 2916 2253 ttri
2943 2200 3038 2253 Ihu
3084 2199 3186 2268 Xpi
3215 2208 3267 2252 et
3302 2213 3398 2266 per
3419 2197 3690 2267 judicium
3718 2209 3838 2263 aqua:

2277 2292 2508 2362 frigidm,
2539 2292 2730 2361 adjnro
2759 2300 2810 2343 te
2838 2305 2934 2359 per
2964 2289 3178 2343 Patrem
3210 2299 3265 2343 et
3307 2288 3510 2342 Filium
3537 2298 3588 2340 et
3621 2287 3837 2355 Spiritum

2277 2393 2546 2445 sanctum,
2597 2393 2652 2436 et
2701 2397 2795 2451 per
2839 2380 3158 2434 Trinitatem
3213 2365 3634 2447 inseparabilem
3680 2386 3726 2430 et
3767 2392 3837 2445 per

2278 2475 2413 2529 Dum
2439 2489 2558 2527 nrm
2584 2473 2698 2526 Ihm
2726 2472 2890 2541 Xpm,
2911 2482 2965 2526 et
2985 2486 3082 2541 per
3105 2485 3294 2525 omnes
3314 2468 3562 2538 angelos,
3581 2477 3631 2521 et
3653 2467 3838 2520 areban-

2276 2566 2443 2638 gelus,
2471 2573 2526 2621 et
2572 2580 2669 2636 per
2698 2577 2888 2618 omnes
2935 2571 3152 2618 sanctos
3191 2560 3310 2625 Dei,
3352 2570 3407 2614 et
3458 2573 3560 2629 per
3583 2560 3714 2612 diem
3756 2568 3836 2610 trc-

2277 2662 2530 2716 mendnm
2564 2658 2755 2727 judicii
2788 2656 2880 2710 Dei
2916 2666 2971 2711 et
3006 2671 3104 2725 per
3131 2653 3319 2708 XXIIII
3348 2654 3617 2712 seniores,
3647 2651 3729 2720 qui
3750 2659 3836 2702 cot-

2279 2753 2411 2807 tidie
2448 2751 2618 2804 Deum
2645 2748 2887 2813 laudant,
2917 2755 2973 2802 et
3021 2761 3117 2815 per
3142 2754 3377 2815 quatuor
3405 2741 3773 2812 evangelistas,
3796 2751 3834 2790 et

2276 2860 2373 2914 per
2398 2843 2491 2897 XII
2532 2841 2836 2912 apostolos,
2863 2847 2920 2893 et
2956 2853 3053 2908 per
3103 2837 3196 2892 XII
3228 2835 3552 2907 prephetas,
3600 2848 3690 2902 per
3725 2846 3836 2884 tuar-

2279 2947 2444 3010 lyres,
2479 2945 2534 2992 et
2563 2933 2927 2998 confessores,
2956 2942 3118 3003 atque
3152 2931 3414 3000 virgines,
3441 2940 3505 2983 et
3551 2926 3833 2997 principatus

2277 3041 2328 3084 et
2358 3035 2678 3100 potestates,
2705 3035 2760 3080 et
2789 3040 2886 3094 per
2917 3023 3314 3079 dominationes
3338 3030 3393 3075 et
3414 3022 3668 3080 virtutes,
3693 3026 3736 3069 et
3761 3029 3833 3085 per

2278 3121 2524 3182 thronos,
2577 3116 2858 3171 cherubim
2906 3123 2963 3170 et
3005 3113 3301 3182 seraphim,
3341 3119 3396 3165 et
3449 3125 3555 3179 per
3582 3107 3744 3163 omnia
3767 3119 3831 3157 se-

579 3208 672 3260 lnx
704 3221 831 3260 vera
885 3219 966 3268 es,
1005 3203 1200 3271 cuique
1235 3217 1339 3255 non
1387 3209 1514 3255 sunt
1557 3179 1802 3255 Obscura:
1834 3201 2091 3264 tenebrae,
2118 3207 2173 3253 et
2203 3179 2247 3242 Ο
2278 3219 2424 3264 creta
2457 3179 2705 3263 caelestia
2739 3215 2792 3260 te
2817 3204 3028 3273 adjuro,
3054 3211 3108 3258 et
3130 3179 3226 3272 per
3251 3212 3363 3256 tres
3395 3214 3618 3270 pueros,
3647 3197 3724 3266 qui
3742 3205 3830 3250 cot-

577 3298 670 3369 qni
722 3296 994 3351 illuminas
1034 3294 1289 3348 tenebras
1335 3301 1573 3358 nostras,
1617 3292 1986 3362 quaerentibus
2030 3291 2173 3345 veri-

579 3395 744 3440 tatem
778 3385 996 3453 impune
1025 3381 1474 3454 possitdeludere
1521 3390 1593 3446 te,
1637 3396 1800 3451 quem
1827 3381 2040 3436 occulta
2064 3395 2169 3436 non

584 3484 894 3540 transeunt,
924 3473 1271 3538 ostendente,
1293 3480 1348 3528 et
1375 3473 1630 3528 virtutem
1662 3483 1830 3536 tuam,
1864 3472 1956 3541 qui
1985 3486 2170 3526 secre-

578 3579 758 3622 torum
791 3581 852 3621 es
879 3567 1131 3637 cognitor
1175 3565 1509 3629 declarante,
1543 3565 1638 3620 fiat
1668 3565 1794 3620 hinc
1837 3565 1992 3620 nobis
2034 3564 2088 3619 in
2119 3573 2172 3619 te

577 3659 922 3716 credentibus
945 3658 1056 3712 veri
1090 3658 1328 3727 cognitio
1355 3656 1670 3712 manifesta.

647 3749 790 3801 Alia.
827 3747 994 3818 Omps
1046 3747 1115 3801 Ds
1144 3747 1237 3818 qui
1267 3747 1594 3818 baptismum
1644 3747 1697 3800 in
1729 3761 1870 3816 aqua
1918 3747 2030 3802 ﬁeri
2053 3746 2170 3816 jus-

575 3839 716 3903 sisti,
747 3847 802 3894 et
830 3837 1150 3892 hominibus
1199 3838 1574 3892 remissionem
1606 3845 1955 3906 peccatorum
2003 3837 2056 3891 itt
2104 3852 2170 3892 eo

572 3930 918 3995 concessisti,
955 3939 1010 3982 tu
1035 3927 1197 3996 judex
1232 3919 1412 3998 justus
1444 3937 1652 3982 rectum
1673 3925 1939 3996 judicium
1977 3927 2031 3981 in
2065 3927 2169 3982 ista

575 4041 719 4096 aqua
749 4025 1026 4090 discerne,
1060 4024 1132 4077 ita
1158 4031 1218 4078 ut
1252 4022 1297 4077 si
1327 4021 1608 4092 culpabilis
1657 4021 1728 4074 sit
1780 4021 1880 4075 iste
1913 4020 2074 4076 homo
2102 4020 2170 4074 de

571 4116 965 4186 praenominata
1019 4129 1204 4178 causa,
1255 4127 1395 4180 aqua
1448 4126 1568 4180 qua:
1614 4111 1669 4164 in
1720 4109 1996 4180 baptismo
2043 4124 2166 4166 eum

571 4209 835 4278 suscepit,
881 4221 1024 4261 nunc
1065 4221 1170 4259 non
1213 4203 1462 4274 recipiat.
1501 4203 1556 4256 Si
1598 4209 1778 4257 autem
1824 4201 2168 4270 incnlpabilis

573 4299 665 4358 sit,
709 4311 852 4350 nunc
897 4296 950 4348 in
999 4309 1056 4349 se
1091 4293 1338 4362 recipiat,
1379 4291 1694 4360 nullumque
1725 4291 2050 4347 maleﬁcium
2091 4293 2165 4346 tui

574 4389 840 4444 cxatninis
905 4388 1191 4442 veritatem
1249 4387 1300 4441 in
1342 4387 1445 4442 isto
1469 4385 1676 4453 judicio
1721 4388 2013 4457 praevaleat
2060 4389 2163 4443 im-

576 4487 810 4543 mutare,
841 4480 933 4536 sed
979 4490 1172 4534 contra
1202 4489 1427 4535 cunctas
1469 4479 1817 4536 demoniacas
1855 4481 2159 4545 illusiones,

2277 3299 2409 3354 tidie
2437 3299 2605 3352 Deum
2640 3296 2861 3350 laudant
2914 3293 3129 3358 Sidrac,
3177 3290 3364 3353 Misac,
3398 3300 3453 3344 et
3512 3290 3831 3358 Abdenagoct

2273 3404 2371 3459 per
2395 3387 2530 3444 CIX.
2553 3386 2661 3441 IIII.
2695 3385 2884 3448 millia,
2935 3384 3025 3453 qui
3079 3398 3179 3453 pro
3203 3381 3422 3438 Christo
3469 3381 3618 3452 passi
3645 3387 3766 3442 sunt,
3789 3385 3828 3429 et

2274 3494 2371 3548 per
2402 3488 2648 3532 sanctam
2683 3475 2908 3528 Mariam
2959 3481 3191 3527 matrem
3237 3471 3340 3524 Dni
3393 3471 3478 3525 nri
3519 3469 3613 3523 Ihu
3642 3466 3748 3535 Xpi,
3787 3473 3829 3517 et

2272 3583 2372 3640 per
2410 3576 2664 3624 cunctum
2691 3565 2945 3635 populum
2977 3563 3096 3627 Dei,
3129 3571 3185 3616 et
3213 3577 3309 3631 per
3345 3561 3474 3616 illud
3517 3559 3822 3629 baptismum,

2272 3661 2417 3730 quod
2461 3657 2720 3714 sacerdos
2765 3670 2928 3726 super
2975 3664 3027 3710 te
3063 3655 3423 3726 regeneravit,
3453 3664 3511 3708 te
3543 3652 3736 3720 adjuro,
3782 3656 3826 3699 ut

2271 3753 2318 3807 si
2357 3759 2410 3806 ιιι
2439 3751 2506 3805 de
2533 3751 2637 3806 hoc
2668 3749 2814 3803 furtu
2836 3748 2968 3812 scis,
2995 3757 3088 3802 aut
3118 3747 3320 3808 vidisti,
3359 3754 3454 3799 aut
3482 3743 3742 3804 baiolasti,
3762 3739 3825 3793 vel

2271 3845 2327 3899 in
2352 3844 2571 3898 domum
2601 3852 2746 3896 tuam
2796 3840 3071 3909 recepisti,
3121 3848 3215 3894 aut
3243 3838 3596 3894 consentiens
3617 3845 3698 3890 aut
3722 3847 3823 3888 con-

2272 3944 2567 3992 sentaneus
2603 3933 2799 3988 exinde
2851 3931 3021 3986 fuisti.
3051 3931 3160 3984 Aut
3213 3930 3258 3984 si
3305 3928 3475 3984 habes
3527 3944 3621 3983 cor
3654 3927 3824 3995 ingus-

2270 4039 2451 4082 satum
2482 4024 2566 4080 vel
2598 4024 2930 4087 induratum,
2962 4030 3056 4075 aut
3078 4022 3124 4075 si
3159 4020 3440 4090 eulpabibs
3467 4020 3594 4074 inde
3620 4034 3693 4082 es,
3720 4030 3819 4070 cva-

2269 4129 2458 4175 nescat
2488 4133 2584 4174 cor
2623 4127 2795 4182 tuum,
2847 4124 2904 4170 et
2948 4130 3056 4169 non
3106 4113 3365 4182 suscipiat
3394 4120 3450 4166 te
3478 4127 3638 4183 aqua,
3682 4120 3821 4176 neque

2270 4210 2436 4264 ullum
2465 4206 2790 4264 maleficium
2825 4214 3014 4260 contra
3047 4205 3148 4259 hoc
3175 4202 3484 4275 praevaleat.
3535 4201 3646 4256 Hoc
3673 4207 3819 4253 autem

2247 4301 2383 4355 .Dnc
2411 4301 2503 4354 Ihu
2534 4299 2652 4368 Xpe
2681 4297 2767 4354 fac
2795 4297 2863 4352 ad
2898 4297 3110 4353 laudem
3151 4307 3206 4351 et
3236 4296 3466 4366 gloriam
3513 4309 3611 4366 per
3638 4295 3818 4348 invoca.

2272 4394 2469 4447 tionem
2498 4391 2735 4446 nominis
2767 4390 2866 4456 tui,
2894 4398 2956 4444 ut
2996 4404 3188 4446 omnes
3227 4397 3523 4460 agnoscant
3551 4387 3670 4456 quia
3708 4395 3752 4438 tu
3773 4393 3815 4436 es

2271 4484 2410 4540 Dens
2437 4483 2756 4538 benedictus
2785 4481 2875 4552 qui
2901 4481 3037 4535 vivis
3058 4488 3114 4534 et
3141 4495 3337 4550 regnas
3368 4495 3465 4550 per
3485 4478 3680 4535 omnia.

539 4553 911 4638 emistantibus
959 4572 1132 4629 sancti
1184 4570 1410 4626 Joannis
1443 4570 1698 4640 Baptista:
1746 4573 1953 4628 meritis
1983 4572 2051 4627 ad
2081 4543 2160 4626 di;
2191 4543 2240 4602 θ
2339 4572 2466 4627 Post
2495 4588 2646 4643 aque
2672 4543 3077 4627 benedictionem
3097 4543 3237 4624 dicavt
3265 4543 3587 4625 hos-versus.
3618 4568 3816 4632 Esurgat

572 4676 709 4729 gnos
735 4659 940 4718 fructus
967 4661 1320 4730 pmnitentiar,
1352 4660 1442 4731 qui
1486 4660 1772 4730 culpabilis
1792 4671 1894 4728 est,
1923 4659 2160 4732 compel-

564 4751 734 4806 .Iatur.
764 4751 888 4808 Per.

645 4840 786 4894 Alia.
829 4841 946 4897 Dne
990 4841 1066 4897 Ds
1115 4857 1292 4910 omps,
1345 4843 1437 4912 qni
1481 4858 1744 4913 aquarum
1802 4842 2156 4898 substantiam

571 4931 826 4987 archanis
875 4935 981 4990 tuis
1019 4935 1208 4990 subter
1236 4947 1356 4989 esse
1383 4935 1624 5005 jussisti,
1654 4935 1921 5002 nobisque
1950 4933 2155 5002 Spiritu

571 5030 762 5076 sancto
797 5033 1136 5092 cooperante
1185 5039 1282 5092 per
1333 5038 1454 5078 eam
1507 5023 1859 5079 abolitionem
1909 5023 2149 5076 omnium

570 5121 918 5184 peccatorum
981 5113 1356 5166 remissionem
1410 5111 1606 5166 dedisti
1633 5151 1655 5177 ,
1710 5120 1764 5165 tu
1800 5119 1995 5182 praesta
2056 5124 2154 5178 per

571 5219 730 5238 Ληοιιη
764 5204 980 5240 incutiam
1003 5214 1106 5240 lum
1142 5213 1197 5240 nl
1226 5205 1338 5240 Itmn
1361 5217 1498 5240 anna
1536 5219 1634 5240 nar
1669 5203 1923 5240 vinnium
1951 5210 2152 5242 ωηοιω

2267 4665 2409 4720 Deus
2437 4673 2494 4719 et
2523 4664 2852 4734 dissipentur
2876 4662 3080 4718 inimici
3105 4663 3242 4732 ejus,
3281 4671 3337 4715 et
3364 4660 3568 4732 fugiant
3595 4659 3680 4728 qui
3716 4656 3810 4708 ode-

2270 4764 2396 4810 runt
2419 4769 2541 4809 eum
2574 4770 2604 4808 a
2636 4753 2778 4809 facie
2801 4754 2938 4824 ejus.
2964 4751 3119 4808 Sicut
3141 4751 3326 4807 deficit
3346 4750 3546 4812 fumus,
3574 4746 3808 4804 deliciam.

2269 4847 2421 4903 Sicut
2440 4847 2559 4902 ﬂuit
2589 4863 2714 4902 cera
2755 4862 2783 4900 a
2813 4845 2952 4900 facie
2974 4846 3131 4915 ignis,
3154 4845 3233 4899 sic
3262 4854 3487 4912 pereant
3513 4858 3542 4896 a
3566 4839 3692 4894 facie
3718 4835 3807 4891 Dei.

2269 4939 2370 4993 Ter
2397 4955 2516 4993 cum
2572 4937 2777 4994 Gloria.
2825 4937 2971 4992 Tunc
3001 4936 3151 5006 (249)
3182 4936 3365 4990 statim
3410 4934 3637 5004 projiciet
3672 4946 3746 4983 eos
3767 4928 3807 4977 in

2262 5045 2474 5098 aquam.
2508 5027 2641 5082 Htec
2667 5028 2843 5081 omnia
2892 5027 3078 5080 debent
3109 5026 3281 5095 jejuni
3330 5023 3540 5092 facere;
3585 5035 3725 5089 neque
3748 5015 3804 5067 illi

2261 5128 2415 5173 antea
2438 5119 2735 5181 comedunt,
2761 5118 2851 5188 qui
2886 5117 3026 5185 ipsos
3057 5117 3267 5170 mittunt
3294 5114 3351 5168 in
3383 5130 3585 5184 aquam.

2340 5208 2626 5242 Innuin‘tuo
2667 5207 2857 5242 nlinno'o
2887 5208 2951 5242 Ila
2985 5208 3128 5242 fear-In
3193 5207 3272 5242 αιοΙ
3302 5207 3512 5242 Ιομνισυῖη
3559 5200 3798 5242 adulterio.
