3962 6326
93 406 120 460 1
137 405 240 462 155

86 526 141 570 et
171 510 475 585 patrociniis
502 509 840 571 Sanctorum,
887 507 1220 577 calicemque,
1254 506 1471 559 crimine
1502 502 1678 574 impli-
1705 503 1758 564 Α
1784 500 1843 554 8.
1870 499 2037 555 Clete.
2065 514 2148 554 or.
2168 564 2180 576 ι

86 610 216 668 cito,
241 607 295 660 in
324 605 463 658 atrio
483 602 734 665 ecclesiae,
765 600 908 655 dicat
945 600 1141 654 astanti
1173 598 1308 669 plebi
1351 598 1407 651 in
1433 597 1565 650 ostio
1597 611 1678 649 ec-

86 696 510 756 clesiae:Videte
534 695 735 749 fratres
766 693 1080 748 christiana:
1105 690 1381 762 religionis
1409 688 1671 743 ofticium.

83 793 233 846 Ecce
274 790 356 844 lex
398 788 450 842 in
492 802 597 857 qua
645 801 769 856 spes
817 793 872 840 et
910 782 1160 839 remissio
1204 790 1550 851 peccatorum
1589 779 1677 833 hic

83 881 401 940 chrismatis
430 878 646 942 unctio;
680 877 767 932 hic
796 875 1044 946 corporis
1070 883 1126 929 et
1156 871 1434 944 sanguinis
1463 870 1676 924 Domini

80 971 447 1030 consecratio.
495 967 685 1022 Videte
716 981 784 1020 ne
830 975 995 1020 tanta:
1047 965 1398 1020 beatitudinis
1450 962 1677 1018 Incredi-

86 1073 222 1129 tate,
248 1071 302 1118 et
330 1059 608 1118 consortio
636 1058 948 1128 privemini,
979 1057 1316 1126 implicantes
1345 1070 1444 1109 nos
1483 1053 1674 1108 sceleri

83 1154 288 1217 alieno,
327 1151 456 1222 quia
483 1150 746 1220 scriptum
782 1156 867 1203 est
911 1165 924 1200 τ
979 1163 1086 1201 non
1117 1137 1288 1201 salum
1315 1147 1406 1216 qui
1447 1145 1672 1211 faciunt,

81 1244 184 1298 sed
212 1243 374 1297 etiam
426 1241 518 1311 qui
559 1239 910 1296 consentiunt
951 1237 1310 1304 facientibus,
1362 1237 1508 1308 digni
1553 1244 1678 1292 sunt

83 1343 286 1388 ηιοτιθ.

82 1462 230 1502 OBDO
265 1461 523 1502 PBOBANDI
567 1461 665 1498 PER
708 1459 918 1508 AQUAM,
961 1459 1177 1498 IGNITOS
1201 1459 1466 1510 VOMERES,
1499 1458 1672 1498 ΡΛΝΕΜ

531 1531 602 1570 ετ
641 1530 868 1580 ελεεωι,
910 1524 1042 1578 etc.,
1069 1513 1236 1585 (250).

289 1607 397 1677 (Ex
422 1605 555 1661 Cod.
582 1597 969 1676 Rhenaugien'si
993 1622 1117 1660 suae.
1153 1622 1204 1659 χι
1234 1615 1324 1659 aut
1357 1605 1478 1676 xtl.)

162 1737 178 1752 .
225 1737 238 1750 .
282 1735 296 1750 .
337 1705 552 1766 peccata
579 1704 782 1750 vestra.
812 1696 966 1762 Quod
1007 1696 1051 1750 si
1079 1711 1173 1750 vos
1218 1713 1321 1750 non
1351 1697 1674 1763 dimiseritis,

81 1804 188 1844 nec
217 1787 376 1842 Pater
399 1797 580 1842 vester
591 1787 681 1856 qui
707 1787 759 1840 in
775 1787 927 1841 caelis
949 1796 1033 1840 est
1055 1787 1278 1840 dimittet
1295 1787 1440 1841 vobis
1455 1796 1675 1857 peccata

83 1887 266 1934 vestra
293 1917 307 1932 .

771 1967 1009 2024 Secreta.

157 2063 240 2118 Ab
261 2062 409 2118 omni
438 2067 590 2116 reatu
620 2076 734 2125 nos,
767 2059 1006 2123 Domine,
1034 2068 1216 2112 sancta
1243 2074 1360 2130 qua:
1386 2068 1677 2112 tractamus

89 2153 375 2207 absolvant
398 2161 454 2206 ct
492 2150 680 2204 eadem
711 2163 810 2203 nos
842 2149 1093 2202 muniant
1136 2165 1165 2202 a
1198 2148 1363 2202 totius
1398 2147 1678 2217 pravitatis

87 2253 141 2296 et
172 2241 450 2297 diabolica:
472 2238 740 2294 illusionis
768 2238 1011 2292 incursu.
1041 2237 1165 2291 Per.

157 2333 304 2388 Com.
332 2335 503 2386 Amen
528 2332 650 2386 dico
672 2331 846 2394 vobis,
864 2328 1148 2398 quidquid.

160 2424 241 2477 Ad
265 2422 663 2491 Complendum.
696 2419 1091 2489 ConSpirantes
1123 2427 1312 2474 contra
1357 2428 1463 2475 tua:
1507 2419 1677 2489 pleni-

91 2513 296 2568 tudinis
341 2511 742 2565 ﬁrmamentum
773 2510 977 2564 dextrae
1006 2517 1111 2564 tua:
1139 2509 1341 2564 virtute
1367 2518 1673 2580 prosterne,

84 2613 141 2658 ut
178 2603 402 2673 justitia:
432 2617 538 2657 non
584 2601 891 2658 dominetur
943 2599 1228 2671 iniquitas,
1272 2600 1365 2656 sed
1415 2599 1677 2655 subdatur

83 2696 300 2751 falsitas
333 2695 573 2750 veritati.

158 2786 299 2840 Alia.
334 2785 569 2842 Ostende
595 2784 750 2840 nobis
785 2783 1012 2840 Domine
1049 2781 1480 2838 misericordiam
1525 2788 1675 2834 tuam

79 2879 155 2931 ad
186 2877 608 2932 examinandum
628 2884 832 2931 rectum
857 2875 1140 2947 judicium,
1169 2882 1230 2928 ut
1256 2888 1354 2944 per
1381 2873 1675 2926 adventum

83 2967 330 3036 Spiritus
361 2967 536 3022 sancti
602 2966 782 3021 omnis
824 2965 1034 3021 falsitas
1065 2963 1344 3020 diabolica:
1378 2963 1514 3019 artis
1551 2978 1678 3034 pro-

79 3056 172 3110 cul
199 3065 404 3112 remota
431 3056 651 3111 existat.
683 3057 804 3111 Per.

159 3145 491 3217 Conjuratio.
511 3146 720 3217 Adjuro
736 3161 832 3202 vos
860 3147 1106 3202 homines
1133 3160 1230 3217 per
1244 3144 1481 3210 Patrem,
1497 3153 1542 3198 et
1573 3142 1673 3198 Fi-

79 3237 242 3301 lium,
271 3248 316 3291 et
344 3235 600 3306 Spiritum
627 3249 890 3303 sanctum,
933 3249 982 3294 et
1030 3256 1122 3307 per
1165 3248 1408 3294 sanctam
1441 3237 1676 3292 Trinita-

82 3336 221 3391 tem,
245 3336 291 3380 et
320 3343 412 3396 per
441 3328 816 3382 invocatione»:
859 3329 1112 3398 unigenili
1153 3327 1302 3393 Filii,
1349 3337 1405 3382 et
1453 3342 1550 3398 per
1581 3341 1677 3380 ve-

79 3425 260 3470 stram
315 3416 538 3486 (tuam)
599 3414 1099 3481 (.‘hristianitatem,
1168 3434 1323 3487 quam
1393 3417 1679 3485 accepistis

82 3515 144 3562 et
191 3522 290 3577 per
318 3516 566 3562 sanctum
596 3506 969 3579 Evangelium,
1002 3517 1058 3561 et
1100 3523 1198 3576 per
1245 3508 1378 3562 iSIas
1416 3509 1677 3579 reliquias

81 3613 210 3668 quae
237 3598 289 3651 in
321 3599 420 3652 ista
455 3598 682 3653 ecclesia
717 3608 864 3663 sunt,
897 3607 956 3653 ut
995 3613 1100 3653 non
1135 3600 1478 3669 praesumatis
1515 3601 1676 3672 (unas)

81 3690 200 3744 ullo
231 3689 390 3743 modo
422 3689 824 3744 communicare
856 3704 1028 3759 neque
1061 3691 1321 3746 accedere
1367 3693 1435 3746 ad
1482 3691 1676 3756 altare,

83 3781 135 3834 si
175 3796 272 3836 vos
299 3781 402 3851 (tu)
433 3781 536 3835 hoc
567 3781 772 3835 fecistis
803 3781 912 3853 (ti),
947 3791 1041 3836 aut
1069 3782 1422 3837 consensistis
1448 3782 1556 3853 (ti),
1584 3792 1678 3836 aut

84 3874 244 3929 scitis
284 3874 478 3944 (scisti)
531 3873 654 3946 quis
692 3874 795 3928 hoc
847 3875 1055 3929 fecerit.
1101 3874 1202 3928 llic
1257 3876 1512 3943 incipiunt
1572 3873 1677 3926 VII

82 3968 280 4035 psalmi
310 3969 610 4034 penitentie.
642 3967 706 4020 Et
731 3984 946 4036 sequens
971 3966 1211 4020 Letania.

83 4049 465 4129 Kyrieleyson.
498 4057 655 4128 Xpel.
927 4057 986 4111 8.
1019 4055 1238 4111 Jacobe.
1276 4072 1356 4112 or.

83 4147 307 4202 Christe
329 4148 455 4203 audi
487 4163 608 4202 nos.
923 4149 984 4202 8.
1012 4148 1279 4216 Philippe.
1308 4163 1391 4202 or.

86 4236 345 4292 Salvator
390 4239 597 4294 mundi.
628 4237 824 4311 adjuva
911 4237 972 4293 8.
1005 4238 1410 4294 Bartholomee.
1449 4255 1532 4294 or.

161 4347 285 4387 nos.
923 4331 981 4387 8.
1015 4331 1273 4386 Matthee.
1289 4347 1374 4386 or.

85 4424 220 4479 Sca.
254 4423 446 4480 Maria.
468 4440 552 4478 or.
922 4425 981 4478 8.
1016 4422 1221 4478 Thema
1249 4438 1332 4478 or.

85 4515 146 4568 S.
185 4513 432 4570 Michael.
471 4531 553 4570 or.
917 4515 976 4569 8.
1003 4514 1267 4570 Thathee.
1302 4530 1384 4570 or.

85 4605 146 4657 S.
184 4603 426 4659 Gabriel.
461 4621 543 4659 or.
915 4605 973 4659 8.
1007 4604 1218 4660 Simon.
1247 4621 1332 4659 or.

85 4694 146 4747 S.
183 4694 483 4763 Raphahel.
513 4711 594 4750 or.
922 4697 980 4750 8.
1015 4696 1237 4751 Mathia.
1278 4712 1360 4750 or.

84 4784 297 4839 Omnes
322 4785 398 4837 sci
443 4784 624 4854 angeli
658 4793 712 4838 et
761 4801 841 4839 ar-
915 4785 974 4840 8.
998 4787 1270 4841 Darnaba.
1301 4804 1384 4840 or.

157 4875 426 4945 changeli.
458 4887 611 4931 orate
639 4892 758 4947 pro.
912 4877 970 4930 S.
1013 4876 1212 4932 Marce.
1252 4894 1335 4932 or.

85 4967 147 5022 S.
174 4966 434 5023 Joannes.
465 4982 546 5022 or.
918 4967 976 5022 S.
1004 4967 1170 5021 Luca.
1202 4983 1286 5023 or.

85 5056 156 5112 8.
192 5055 375 5111 Petre.
408 5071 490 5112 or.
921 5055 1124 5112 Omnes
1144 5056 1220 5112 sci
1243 5058 1387 5128 Apli.
1422 5074 1504 5111 or.

85 5149 152 5203 8.
177 5145 370 5203 Paule.
391 5161 476 5201 or.
918 5147 979 5200 S.
1014 5147 1312 5216 Stephane.
1335 5164 1418 5202 or.

82 5236 146 5291 8.
171 5236 418 5293 Andrea.
446 5251 532 5291 ot.
920 5236 978 5290 8.
1013 5237 1295 5292 Laurenti.
1327 5254 1406 5294 or.

161 5430 317 5503 (250)
343 5430 524 5503 Codex
546 5431 636 5486 hic
656 5430 728 5503 ab
748 5430 903 5503 initio
929 5440 984 5487 et
1010 5431 1115 5488 fine
1141 5447 1390 5499 mancus,
1420 5434 1478 5490 in
1499 5435 1676 5491 medio

85 5501 311 5574 quoque
358 5502 616 5574 quasdam
640 5501 806 5574 habet
851 5502 1102 5574 lacunas;
1131 5519 1266 5572 quas
1292 5505 1510 5561 aliunde
1550 5521 1680 5574 sup-

123 5570 243 5628 lere
271 5570 416 5627 haud
448 5571 604 5626 facile
634 5570 812 5636 fuerit,
839 5572 978 5627 unde
1018 5588 1081 5627 ea
1116 5570 1288 5628 solum
1317 5591 1381 5629 ex
1412 5570 1677 5630 Martenio

111 5643 294 5699 itteris
324 5641 635 5696 minusculis
663 5643 1016 5708 restituimus,
1048 5660 1166 5712 qum
1193 5644 1245 5698 in
1272 5655 1458 5699 nostro
1489 5646 1676 5700 codice

87 5720 368 5769 vetustate
391 5713 473 5767 vel
509 5727 688 5785 exesa,
737 5713 816 5785 vel
870 5715 1032 5785 atrita
1084 5723 1231 5785 sunt.
1288 5713 1466 5769 Facile
1496 5723 1673 5769 autem

92 5785 268 5856 liquet
302 5790 468 5839 totam
497 5781 714 5838 missam
761 5784 845 5838 hic
896 5783 1059 5841 fuisse
1111 5781 1365 5855 positam,
1415 5801 1577 5857 quam
1609 5787 1674 5840 ad

953 395 1246 453 PROBAT.
1288 391 1424 448 PER
1460 384 2031 459 AQUAMJGNITOS
2069 383 2420 448 VOMERES,
2462 382 2614 437 ETC.

351 1915 367 1931 .
408 1914 426 1932 .
478 1875 668 1946 Olfert.
697 1875 776 1930 De
805 1875 1096 1946 Profundis
1125 1877 1353 1932 clamavi
1371 1879 1439 1933 ad
1466 1887 1517 1933 te
1537 1878 1668 1934 Dne.
1709 1867 1751 1925 B
1781 1865 1841 1920 S.
1869 1867 2138 1921 Ambrosi.
2175 1884 2254 1922 or.

3224 382 3360 438 HM

2609 496 2667 551 8.
2702 497 2948 551 Damase.
2979 511 3059 549 or.

2614 594 2672 648 8.
2699 594 2828 650 Leo.
2861 611 2942 648 or.

2606 686 2664 740 S.
2698 687 2915 742 Eusebi.
2943 703 3024 742 or.

2605 777 2662 830 S.
2691 778 2936 850 Gregori.
2961 795 3043 832 or.

2601 867 2802 923 Omnes
2849 869 2928 922 sci
2972 867 3326 925 Confessores

2669 967 2822 1012 orate
2849 973 2946 1027 pro
2973 959 3148 1014 nobis.

2605 1049 2664 1104 8.
2693 1049 2964 1104 Felicitas.
2996 1066 3079 1105 or.

2610 1138 2672 1193 ’8.
2702 1139 2989 1209 Perpetua.
3022 1155 3106 1194 or.

1778 1228 1836 1284 8.
1869 1230 2088 1285 Caliste.
2117 1245 2200 1284 or.
2611 1229 2666 1283 8.
2703 1229 3027 1285 Pelronella.
3068 1245 3150 1284 or.

1779 1321 1838 1376 S.
1871 1321 2138 1376 Marcelle.
2168 1337 2251 1396 or.
2610 1321 2668 1375 S.
2693 1322 2891 1392 Agnes.
2915 1338 3000 1375 or.

1778 1413 1980 1469 Omnes
1997 1413 2535 1484 scimartyrcs,orate
2609 1410 2668 1466 8.
2700 1413 2932 1482 Agatha.
2962 1428 3046 1467 or.

1847 1519 1946 1574 pro
1979 1504 2150 1558 nobis.
2613 1502 2672 1557 S.
2711 1503 2930 1558 Cecilia.
2962 1518 3046 1556 or.

2602 1594 2660 1648 8.
2700 1592 2928 1646 Juliana.
2955 1609 3037 1646 or.

2607 1683 2666 1739 S.
2701 1684 2888 1739 Lucia.
2917 1700 3000 1738 or.

2604 1775 2663 1830 S.
2695 1775 2878 1829 Tecla.
2911 1790 2995 1828 or.

2604 1869 2662 1924 S.
2695 1869 2865 1923 Mira.
2899 1883 2984 1922 or.

2695 1960 2974 2015 Columba.
3000 1975 3084 2014 or.

2601 2051 2660 2104 8.
2689 2051 2996 2106 Anastasia.
3027 2067 3108 2106 or.

2606 2140 2666 2194 S’.
2697 2141 2966 2196 Susanna.
3001 2159 3083 2197 or.

1781 595 1839 650 8.
1868 594 2139 650 Clemens.
2165 611 2249 650 or.

1778 686 1834 741 S.
1863 687 2034 740 Sixte.
2069 697 2155 740 'or.

1779 778 1837 832 8.
1867 778 2108 832 Comeli.
2135 793 2216 832 or.

1779 867 1838 922 S.
1874 870 2160 940 Cypriane.
2186 885 2268 922 or.

1779 958 1836 1013 8.
1869 959 2192 1013 Alexander.
2221 974 2302 1012 or.

1779 1051 1837 1105 8.
1861 1051 2034 1106 Feiix.
2072 1066 2154 1105 or.

1779 1140 1836 1196 8.
1864 1139 2147 1210 Agappite.
2179 1153 2262 1193 0r.

1784 1722 1795 1734 ⁸
1875 1725 1887 1737 σ
1968 1724 1981 1737 ο
2059 1721 2075 1738 ο
2156 1725 2169 1737 ο
2250 1725 2263 1738 ι
2344 1725 2358 1738 ο
2437 1724 2454 1739 ο

1777 1956 1834 2012 8.
1865 1958 2144 2014 Severine.
2176 1975 2259 2015 or.

1777 2047 1834 2102 8.
1861 2050 2178 2120 Augustine.
2202 2067 2282 2104 or.

1777 2138 1834 2192 S.
1861 2138 2154 2194 Jeromine.
2186 2157 2268 2195 or.

1778 2229 1836 2283 S.
1869 2231 2117 2286 Servaci.
2144 2248 2225 2285 or.
2609 2233 2666 2287 S.
2701 2234 2959 2303 Eugenia.
2989 2251 3072 2289 or.

1777 2316 1835 2371 8.
1877 2318 2158 2374 Silvester.
2189 2336 2272 2373 or.
2610 2323 2667 2375 8.
2707 2323 2969 2377 Eufemia.
3001 2339 3083 2376 or.

1776 2407 1977 2462 Omnes
1999 2424 2105 2463 sca:
2136 2408 2386 2480 Virgines
2408 2419 2464 2465 et
2495 2411 2702 2465 Viduas.
2737 2419 2891 2465 orate
2916 2425 3016 2481 pro
3045 2413 3220 2467 nobis.

1777 2500 1978 2556 Omnes
2005 2502 2080 2556 sci
2107 2501 2344 2556 infantes
2373 2510 2428 2556 et
2457 2502 2793 2557 innocentes.
2830 2518 2914 2556 or.

1776 2591 1979 2648 Omnes
2003 2593 2080 2648 sci
2107 2594 2455 2663 pmnitentes.
2485 2603 2638 2648 orate
2671 2609 2791 2663 pro.

1778 2685 1978 2740 Omnes
2000 2687 2076 2741 sci
2107 2687 2358 2741 monachi
2385 2695 2438 2741 et
2467 2688 2754 2743 hercmite.
2779 2705 2860 2743 or.

1777 2775 1978 2832 Omnes
2006 2778 2082 2831 sci
2122 2788 2275 2832 orate
2305 2793 2403 2846 pro
2436 2779 2610 2832 nobis.

1777 2866 2052 2936 Propitius
2080 2875 2218 2922 esto.
2256 2883 2418 2936 parce
2449 2869 2604 2922 nobis
2631 2851 2761 2920 Due.

1778 2959 2051 3028 Propitius
2079 2969 2216 3014 esto.
2247 2959 2414 3014 libera
2443 2975 2542 3015 nos
2573 2959 2707 3014 Dne.

1775 3051 1858 3106 Ab
1883 3051 2030 3106 omni
2055 3051 2196 3107 malo
2226 3051 2396 3106 libera
2427 3068 2523 3107 nos
2556 3053 2618 3106 D.

1777 3143 1823 3198 Α
1845 3145 2033 3200 morbo
2073 3145 2214 3200 malo
2241 3143 2408 3201 libera
2434 3161 2530 3200 nos
2552 3146 2614 3198 D.

1776 3237 1818 3291 A
1847 3237 2091 3308 periculo
2120 3238 2332 3292 mortis.
2357 3237 2532 3292 libera
2564 3253 2662 3293 nos
2688 3239 2749 3292 D.

1778 3325 1860 3381 Ah
1879 3327 2025 3382 omni
2059 3327 2364 3398 iniquitate.
2397 3327 2563 3382 libera
2586 3344 2685 3383 nos
2705 3329 2769 3382 D.

1777 3419 1884 3473 Per
1917 3435 2138 3474 crucem
2174 3428 2228 3474 et
2257 3421 2564 3490 passionem
2596 3430 2762 3474 tuam.
2788 3420 2832 3474 ].

1779 3507 2118 3564 Peccatores.
2149 3519 2200 3564 te
2231 3526 2481 3581 rogamus
2509 3511 2654 3565 audi.

1783 3598 1851 3654 Ut
1879 3613 2066 3667 pacem
2099 3601 2254 3654 nobis
2278 3603 2463 3656 dones.
2498 3611 2568 3656 te.

1782 3687 2156 3743 Utsanitatem
2184 3689 2339 3744 nobis
2362 3689 2548 3744 dones.
2588 3698 2658 3744 te.

1781 3780 1851 3836 Ut
1875 3781 2250 3836 remissionem
2273 3789 2617 3851 peccatorum
2643 3781 2796 3836 nobis
2822 3781 3008 3837 dones.
3036 3790 3092 3837 te
3117 3796 3211 3854 rog

1783 3870 1852 3926 Ut
1875 3873 2021 3926 aeris
2046 3873 2362 3942 temperiem
2389 3871 2589 3928 bonam
2619 3870 2773 3927 nobis
2801 3871 2990 3927 dones.
3025 3880 3096 3926 te.

1783 3965 1852 4020 Ut
1877 3965 2058 4035 fruges
2085 3974 2240 4020 terra:
2263 3965 2418 4020 nobis
2440 3966 2631 4030 dones,
2667 3974 2738 4019 te.

1782 4052 1852 4110 Ut
1897 4053 2152 4110 domuum
2199 4055 2556 4126 apostolicum
2604 4055 2657 4110 in
2705 4063 2892 4112 sancta
2933 4055 3199 4126 religione
3239 4071 3368 4111 con-

1850 4161 2071 4202 servare
2095 4147 2358 4217 digneris,
2389 4154 2440 4200 te
2472 4162 2588 4217 rog.

1781 4237 1854 4293 Ut
1873 4253 2054 4309 regem
2080 4247 2325 4293 nostrum
2354 4247 2410 4292 et
2449 4237 2747 4293 exercitum
2782 4238 3217 4294 Christianorum
3243 4252 3366 4308 per-

1851 4339 2014 4400 petua
2037 4330 2400 4400 prosperitate
2421 4344 2730 4386 conserves.

1784 4421 1853 4477 Ut
1904 4421 1986 4474 eis
2036 4421 2220 4485 vitam,
2274 4421 2564 4476 sanitatem
2612 4430 2778 4491 atque
2826 4422 3110 4478 victoriam
3167 4423 3369 4480 donare

1854 4511 2114 4581 digneris.
2148 4511 2223 4565 Te
2252 4525 2461 4578 rogam.

1784 4601 1889 4657 Pro
1919 4600 2078 4670 hujus
2107 4602 2300 4670 negotii
2327 4602 2608 4671 qualitate.
2634 4602 2710 4657 Te
2741 4618 2854 4673 rog.
2879 4605 3024 4659 audi.

1785 4690 1850 4746 Ut
1871 4691 2090 4761 justicie
2124 4705 2229 4744 non
2265 4691 2578 4746 dominetur
2627 4692 2902 4760 iniquitas.
2955 4693 3050 4754 sed
3103 4695 3366 4755 subdatur

1853 4781 2064 4836 falsitas
2091 4782 2326 4835 veritati.
2357 4782 2432 4835 Te
2471 4796 2586 4852 rog.

1785 4870 1856 4926 Ut
1876 4871 2082 4941 justum
2103 4872 2364 4942 judicium
2393 4872 2702 4927 discernere
2722 4871 2979 4944 digneris.
3009 4873 3084 4930 Te
3107 4890 3221 4944 rog.

1784 4963 1894 5018 Fili
1925 4965 2042 5027 Dei,
2077 4974 2124 5017 te
2158 4980 2401 5033 rogamus
2427 4965 2575 5017 audi.

1781 5053 1965 5125 Agnus
1998 5054 2087 5108 Dei
2110 5055 2199 5122 qui
2227 5053 2373 5108 tollis
2403 5064 2622 5121 peccata
2649 5055 2853 5110 mundi.
2885 5055 3144 5114 miserere
3181 5056 3356 5110 nobis.

1781 5143 1964 5206 Agnus
1985 5143 2078 5196 Dei
2105 5143 2197 5212 qui
2229 5143 2370 5199 tollis
2387 5154 2607 5213 peccata
2639 5145 2824 5203 mundi
2859 5161 3040 5216 parce.

1785 5236 1998 5291 Christe
2020 5237 2140 5290 audi
2169 5252 2287 5293 nos.

1787 5437 2089 5510 faciendum
2111 5435 2372 5510 judicium
2406 5440 2754 5510 probationis
2800 5441 2851 5494 in
2895 5439 3087 5510 frigida
3115 5454 3261 5510 aqua
3293 5455 3360 5497 ex

1785 5524 1884 5566 nis.
1911 5509 2094 5562 codice
2129 5507 2188 5562 8.
2218 5507 2446 5562 Victoris
2476 5509 2798 5563 Parisiensis
2826 5507 3041 5562 exhibet
3063 5507 3201 5565 idem
3221 5509 3364 5562 Man

1786 5579 1982 5649 tonius,
2016 5584 2073 5649 rt.
2115 5578 2160 5649 Il
2203 5579 2268 5649 de
2300 5580 2539 5646 antiquis
2566 5576 2838 5649 Ecclesia:
2873 5578 3098 5639 Ritibus,
3132 5596 3183 5649 p.
3231 5579 3356 5634 942.

1723 5701 1732 5709 ,
1783 5647 1913 5714 Quae
1939 5648 2088 5702 enim
2111 5648 2197 5703 hic
2232 5648 2500 5701 habentur
2527 5647 2594 5699 ah
2622 5648 2795 5710 initio,
2827 5649 3013 5702 ultima
3037 5647 3164 5705 sunt
3190 5651 3361 5703 Evan-

1781 5717 2135 5788 geliiibidem
2166 5733 2448 5788 perperam
2480 5731 2544 5769 ex
2571 5715 2777 5772 Joanne
2801 5719 2973 5786 citati,
3007 5735 3128 5775 cum
3162 5721 3360 5775 hahea-

1785 5787 1870 5843 tur
1896 5787 2060 5842 Marci
2089 5803 2162 5841 xi.
2193 5787 2283 5841 Sic
2309 5802 2438 5844 vero
2459 5789 2668 5842 or-titur
2690 5790 2877 5844 codex.
