3962 6326
653 626 809 680 nobis
857 625 968 677 Due
998 623 1422 677 misericordiam
1472 630 1638 675 tuam.
1696 622 1764 675 Et
1812 622 2048 678 salutare
2075 631 2226 678 tuum

652 716 717 767 da
772 713 946 766 nobis.
991 711 1109 766 Fiat
1162 710 1535 765 misericordia
1595 720 1685 764 tua
1742 711 1858 765 Dne
1904 726 2066 780 super
2104 726 2226 767 nos.

650 803 1136 869 Quemadmodum.
1165 800 1434 856 Converte
1459 816 1558 855 nos
1603 800 1764 854 Deus.
1792 801 1862 855 Et
1883 810 2067 856 averte
2089 803 2225 857 iram

649 902 797 944 tuam
825 907 855 955 a
884 891 1059 949 nobis.
1100 891 1361 946 Miserere
1384 891 1554 949 nostri
1582 891 1723 957 Due.
1749 891 2002 946 Miserere
2028 894 2221 947 nostri.

644 981 762 1035 Non
803 982 959 1047 nobis
997 982 1110 1037 Dne
1130 968 1241 1036 non
1273 982 1449 1037 nobis.
1484 982 1589 1037 Sed
1618 983 1822 1037 nomini
1856 991 1949 1036 tuo
1993 983 2057 1038 da
2105 984 2220 1053 glo-

646 1074 800 1128 riam.
828 1074 940 1137 Due
967 1074 1158 1129 exaudi
1184 1075 1483 1129 orationem
1517 1089 1713 1129 meam.
1746 1073 1840 1129 Ps.
1874 1074 2019 1129 Deus
2055 1075 2222 1130 mise-

644 1179 828 1222 reatur
849 1167 1038 1221 nostri.
1065 1167 1177 1220 Dne
1192 1167 1334 1220 Dens
1354 1166 1615 1219 virtutum
1628 1172 1904 1220 converte.
1922 1164 1988 1219 Et
2005 1164 2218 1220 ostend.

642 1255 792 1311 Duus
820 1256 1118 1311 vobiscum.
1147 1255 1214 1309 Et
1243 1270 1363 1319 cum
1388 1254 1581 1324 spiritu
1613 1262 1727 1308 tuo.

959 1360 1279 1400 ιειιιςωετιο
1308 1360 1464 1399 FER!“
1495 1328 1791 1399 JUDICIALIS
1814 1358 1904 1397 0R.

708 1437 943 1493 Benedic
966 1438 1080 1491 Dne
1109 1450 1204 1504 per
1231 1435 1481 1505 potentiae
1503 1444 1608 1488 tuae
1646 1435 1902 1488 virtutem
1926 1434 2030 1488 hoc
2048 1448 2221 1504 genus

639 1527 866 1591 metalli,
900 1534 959 1580 ιιι
980 1526 1033 1580 in
1049 1540 1115 1579 eo
1140 1532 1363 1594 propter
1390 1537 1585 1576 nomen
1614 1533 1863 1590 sanctum
1895 1535 2043 1587 tuum
2070 1523 2217 1577 omni

637 1620 925 1673 demonum
969 1615 1207 1670 falsitate
1232 1613 1421 1685 procul
1450 1622 1656 1667 remota
1694 1613 1948 1681 onmique
1987 1611 2221 1666 fascina-

639 1707 785 1763 tione
812 1714 869 1759 et
892 1703 1105 1758 fallacia
1137 1702 1428 1758 infidelium
1459 1701 1692 1765 sublata,
1730 1700 2000 1755 verissimi
2022 1699 2211 1768 judicii

637 1796 712 1849 tui
753 1794 1000 1849 fidelibus
1023 1793 1129 1847 tuis
1153 1793 1358 1847 veritas
1388 1790 1626 1861 patefiat,
1650 1799 1916 1859 quatenus
1946 1790 2215 1846 laudabile

634 1894 690 1939 et
738 1884 1029 1954 gloriosum
1062 1896 1256 1936 nomen
1297 1888 1447 1934 tuum
1491 1879 1547 1932 in
1596 1886 1785 1933 sancta
1838 1878 2077 1933 Ecclesia
2121 1888 2210 1932 tua

635 1989 849 2044 semper
876 1971 1228 2043 gloriticetur.
1262 1968 1388 2024 Per.

969 2061 1154 2116 Oratio
1176 2071 1297 2114 ante
1315 2059 1580 2129 judicium
1611 2058 1876 2127 facienda.

705 2156 847 2210 Deus
882 2152 1178 2223 plasmator
1217 2150 1496 2204 hominum
1536 2157 1592 2201 et
1618 2148 1779 2202 totius
1803 2147 2062 2203 bonitatis
2116 2163 2213 2203 au-

632 2253 773 2308 ctor,
802 2222 1011 2310 respice
1038 2252 1201 2307 super
1216 2252 1313 2291 nos
1334 2234 1565 2290 famulos
1590 2243 1709 2290 tuos
1732 2237 1798 2289 ad
1834 2243 1885 2290 te
1914 2222 2211 2291 totocorde

630 2336 947 2396 clamantes,
972 2338 1026 2385 et
1049 2336 1243 2398 praesta
1278 2326 1544 2395 propitius
1572 2340 1667 2394 per
1689 2326 2053 2380 interventum
2094 2327 2213 2380 ιιιιί-

630 2426 794 2497 geniti
824 2423 944 2477 Filii
976 2422 1050 2473 tui
1084 2418 1294 2474 Domini
1325 2417 1495 2471 nostri
1534 2415 1660 2471 Jesu
1691 2414 1916 2482 Christi,
1940 2425 1999 2468 ut
2026 2417 2076 2469 in
2109 2417 2213 2472 hoc

628 2510 1044 2568 examinatiouis
1067 2507 1269 2576 judicio
1286 2521 1390 2559 non
1414 2503 1931 2574 praevaleantaliqua
1960 2502 2212 2559 falsitatis

625 2602 803 2672 iacula
833 2600 1060 2661 inimici,
1090 2596 1184 2652 sed
1217 2594 1594 2649 manifestetur
1638 2608 1734 2662 per
1771 2601 1823 2647 te
1864 2592 2110 2648 veritatis
2156 2602 2212 2648 et

630 2696 940 2753 declaretur
969 2691 1237 2748 rectitude
1255 2689 1493 2759 justicie.
1522 2687 1628 2742 Per
1654 2689 1909 2742 eundem.

748 2798 1067 2842 BENEDXCTIO
1095 2796 1251 2836 ηιιιιι
1280 2794 1574 2853 FEBVEN'I‘IS
1599 2795 1666 2832 AD
1695 2793 1945 2833 ιυυιειωι
1975 2791 2086 2832 DEI.

697 2878 838 2932 Deus
885 2875 1249 2944 omnipotens,
1306 2870 1451 2923 Deus
1496 2868 1794 2933 Abraham,
1846 2868 1990 2922 Deus
2033 2866 2207 2931 lsaac,

623 2968 765 3022 Deus
807 2966 993 3029 Jacob,
1042 2964 1183 3018 Deus
1219 2960 1463 3015 omnium
1508 2960 1646 3013 bene
1693 2953 2010 3022 viventium,
2066 2957 2210 3012 Deus

622 3059 777 3126 origo
818 3064 874 3111 et
921 3053 1288 3111 manifestatio
1321 3049 1500 3105 omnis
1530 3048 1774 3120 iustitiae,
1802 3048 1893 3118 qui
1943 3046 2089 3101 solus
2127 3055 2210 3101 est

624 3149 726 3221 (es)
754 3147 930 3216 justus
946 3144 1135 3213 judex,
1151 3143 1304 3197 fortis
1326 3150 1382 3195 et
1405 3141 1647 3210 patiens;
1675 3140 1897 3206 dignare
1921 3154 2019 3193 nos
2044 3153 2208 3192 exau-

624 3240 740 3293 dire
786 3235 1015 3289 famulos
1046 3242 1167 3287 tuos
1212 3240 1430 3285 orantes
1478 3230 1546 3284 ad
1586 3238 1638 3284 te
1686 3245 1785 3299 pro
1835 3229 2209 3284 benedictione

626 3327 785 3395 hujus
812 3324 961 3380 ferri.
1001 3321 1156 3379 Unde
1193 3335 1446 3392 rogamus
1473 3328 1526 3376 te
1572 3319 1798 3374 Domine
1827 3320 2062 3390 judicem
2090 3319 2211 3373 uni-

623 3430 930 3481 versorum,
982 3421 1043 3467 ut
1084 3411 1301 3467 mittere
1332 3411 1574 3482 digneris
1624 3420 1871 3466 sanctam
1922 3420 1978 3465 et
2023 3425 2207 3465 veram

623 3506 1056 3564 benedictionem
1081 3513 1227 3558 tuam
1269 3517 1431 3572 super
1460 3503 1561 3558 hoc
1593 3502 1815 3567 ferrum,
1856 3510 1916 3557 ιιι
1944 3502 2017 3557 sit
2046 3502 2207 3557 refri-

626 3596 833 3667 gerium
861 3594 991 3648 illud
1022 3592 1363 3663 portantibus
1404 3602 1459 3646 et
1488 3590 2117 3660 habentibusjustitiam,
2154 3601 2210 3646 et

623 3684 974 3741 credentibus
1008 3683 1061 3736 in
1106 3691 1251 3737 tuam
1288 3682 1556 3752 justitiam
1603 3690 1660 3737 et
1698 3680 2105 3747 fortitudinem;
2153 3689 2209 3735 et

624 3776 697 3830 sit
746 3775 883 3846 ignis
928 3772 1123 3829 ardens
1176 3771 1391 3842 iniqui,
1431 3782 1486 3826 et
1534 3770 1859 3827 facientibus
1900 3772 2107 3841 iniqua,
2153 3780 2208 3827 et

624 3867 973 3925 credentibus
1000 3866 1053 3920 in
1082 3863 1402 3935 injustitiam
1451 3879 1626 3931 suam,
1672 3872 1729 3918 et
1759 3863 2011 3933 injustam
2055 3877 2205 3932 pom-

623 3973 751 4030 pam
773 3956 1116 4014 diabolicam.
1133 3956 1400 4010 Converte
1427 3953 1651 4008 Domine
1672 3952 2099 4007 incredulitatem
2126 3953 2209 4006 iu-

619 4049 896 4121 justorum
912 4063 1006 4117 per
1024 4046 1280 4100 virtutem
1307 4054 1361 4099 et
1380 4059 1479 4114 per
1505 4042 1934 4098 benedictionem
1962 4050 2130 4104 tuam,
2153 4047 2208 4095 et

624 4154 724 4209 per
750 4135 1158 4204 invocationem.
1177 4142 1377 4188 sanctae
1399 4132 1707 4202 Trinitatis,
1736 4130 1947 4195 Patris,
1972 4138 2028 4184 et
2062 4129 2204 4195 Filii,

627 4237 683 4286 et
711 4229 946 4297 Spiritus
966 4226 1180 4288 sancti;
1215 4232 1265 4279 et
1297 4224 1454 4278 mitte
1492 4223 1548 4277 in
1579 4224 1682 4277 hoc
1706 4222 1911 4276 ferrum
1955 4222 2066 4275 vim
2094 4219 2205 4276 vir;

629 4319 762 4373 tutis
789 4328 893 4371 tua:
916 4331 982 4370 ac
1011 4313 1278 4379 veritatis,
1306 4322 1365 4368 ut
1392 4313 1447 4367 in
1487 4327 1553 4367 eo
1580 4325 1795 4382 semper
1842 4327 1940 4381 per
1989 4313 2206 4367 miseri-

628 4408 870 4464 cordiam
895 4414 950 4462 et
975 4402 1259 4459 veritatem
1295 4413 1444 4458 tuam
1483 4403 1765 4458 verissima
1802 4402 2029 4471 iustitia,
2088 4418 2208 4474 qute

630 4499 726 4555 tibi
745 4498 842 4555 soli
865 4496 1082 4569 cognita
1112 4503 1216 4559 est,
1248 4493 1494 4550 fidelibus
1525 4494 1632 4548 tuis
1667 4494 1733 4547 ad
1779 4480 2207 4549 emendationem

627 4592 937 4660 iniquorum
958 4587 1397 4644 manifestissime
1418 4585 1748 4650 declaretur,
1774 4585 1841 4639 de
1871 4600 2211 4654 quacumque

624 4682 927 4751 quaestione
949 4677 1089 4734 ratio
1123 4676 1290 4732 fuerit
1320 4676 1544 4746 agitata,
1584 4684 1640 4731 et
1661 4675 1863 4729 nullam
1888 4684 2209 4744 potestatem

628 4771 827 4826 habeat
851 4768 1118 4824 diabolica
1134 4768 1310 4822 virtus
1329 4766 1613 4821 veritatem
1644 4773 1790 4819 tuam
1817 4774 1911 4819 aut
1937 4766 2211 4821 occultare

628 4868 726 4914 aut
755 4860 1080 4930 depravare;
1128 4844 1225 4913 sed
1255 4857 1327 4912 sit
1368 4856 1541 4912 servis
1570 4856 1677 4910 tuis
1714 4854 1767 4911 in
1816 4857 2209 4912 munimentum

630 4947 757 5003 tidei
804 4948 872 5002 ad
919 4945 1294 5002 credulitatem
1349 4944 1543 4999 divina:
1572 4941 1869 5011 maiestatis
1901 4952 2028 5006 tum.
2060 4954 2115 4999 et
2145 4945 2210 4999 ad

630 5030 1081 5097 certiﬁcationem
1118 5036 1575 5093 manifestissima:
1606 5038 1992 5095 misericordia:
2018 5055 2083 5095 ac
2124 5055 2214 5095 ve-

635 5132 864 5188 rissimae
888 5141 992 5186 tua:
1015 5128 1280 5185 veritatis.
1308 5127 1433 5184 Per.

701 5221 844 5276 Alia.
874 5220 1016 5275 Deus
1053 5218 1219 5289 iudex
1255 5218 1455 5289 justus,
1506 5219 1599 5289 qui
1630 5227 1824 5276 anetor
1858 5220 2010 5290 pacis
2051 5237 2130 5284 es,
2161 5231 2217 5276 et

626 5311 837 5382 judicas
860 5312 1194 5382 aequitatem,
1233 5319 1286 5365 te
1314 5310 1632 5380 suppliciter
1669 5325 1945 5381 rogamus,
1998 5322 2057 5367 ut
2106 5312 2210 5367 hoc

633 5399 837 5457 ferrum
863 5398 1170 5457 ordinatum
1202 5399 1270 5453 ad
1300 5397 1505 5467 justam
1530 5400 1987 5457 examinationem
2032 5400 2212 5470 cujus-

635 5489 766 5547 libet
792 5489 1083 5547 duhietatis
1117 5487 1422 5544 faciendam
1444 5474 1767 5544 benedicere
1795 5498 1850 5545 et
1873 5489 2218 5548 sanctificarc

707 5643 857 5714 (25t)
892 5643 1090 5702 Ultima
1120 5645 1237 5701 btec
1258 5644 1451 5703 desunt
1483 5644 1534 5699 iu
1558 5642 1845 5703 Martenio.

642 5834 685 5865 ,ν

1500 333 1792 389 ΑΡΡΕΝῙ).
1831 335 1923 388 ΔΙ)
1963 335 2134 389 διιίΰ.
2174 331 2243 386 X’.

2276 362 2346 374 --
2386 334 2818 392 MONUMENTA
2849 336 3127 393 LITUBG.

2327 649 2519 688 manus
2572 636 2844 704 acceperit
2882 636 3029 705 (int),
3076 637 3161 690 vel
3201 638 3365 707 pedes
3418 638 3669 696 immiserit
3704 646 3796 711 (int),

2326 722 2527 777 illaesos
2557 724 2618 791 (i.
2649 723 2701 793 e)
2733 734 2990 793 appareat
3018 724 3153 794 (ant)
3201 735 3255 779 et
3286 726 3335 779 si
3377 725 3636 797 culpabilis
3666 730 3799 799 (eum

2320 812 2477 884 (sint)
2501 821 2740 868 autreus
2773 814 2836 882 (i.
2863 816 2915 883 e)
2935 813 3230 881 justissima
3252 815 3325 869 sit
3349 815 3417 868 ad
3446 816 3544 869 hoc
3563 817 3702 873 virtus
3719 829 3795 884 tua,

2323 897 2378 952 in
2409 914 2476 954 eo
2519 915 2640 955 cum
2670 902 2899 956 veritate
2949 901 3348 966 declarandum,
3380 904 3619 973 quatinus
3651 908 3799 975 iusticie

2320 1002 2430 1043 non
2468 990 2778 1045 dominetur
2799 990 3079 1061 iniquitas,
3113 993 3208 1045 sed
3233 993 3494 1048 subdatur
3519 994 3692 1052 falsitas
3708 1002 3799 1053 veri-

2324 1076 2443 1129 tati.
2481 1075 2585 1130 Per
2614 1077 2785 1147 (25!).
2816 1077 3127 1134 Benedictio
3166 1079 3261 1134 Dei
3291 1080 3472 1147 Patris
3511 1092 3560 1138 et
3598 1084 3653 1151 l".~
3669 1098 3711 1142 et
3738 1088 3800 1158 Sp.

2320 1166 2396 1220 sci
2425 1166 2716 1221 descendat
2741 1183 2903 1236 super
2943 1170 3047 1229 hoc
3075 1168 3303 1238 ferrum,
3356 1172 3428 1227 ad
3476 1172 3799 1233 discernendum

2319 1268 2506 1308 verum
2533 1256 2626 1309 Dei
2647 1255 2932 1323 judicium.

2393 1341 2578 1397 Oratio
2602 1361 2753 1414 aquw
2781 1346 2897 1415 igne
2921 1345 3168 1414 ferventis
3193 1347 3263 1400 ad
3294 1346 3392 1400 Dei
3411 1348 3647 1416 judicium
3672 1352 3803 1419 [acies-

2320 1431 2470 1486 dum.
2503 1435 2643 1487 Deus
2659 1433 2823 1502 iudex
2846 1434 3047 1502 justus,
3071 1430 3225 1491 fo'rtis
3251 1446 3307 1491 et
3337 1438 3565 1505 patiens,
3588 1440 3661 1508 qui
3679 1452 3803 1495 auctor

2317 1537 2378 1576 es
2397 1523 2546 1591 pacis
2568 1534 2619 1578 et
2642 1523 2857 1591 judicas
2877 1528 3214 1594 aequitatem,
3247 1537 3301 1579 tu
3326 1524 3509 1593 judica
3532 1528 3653 1595 quod
3669 1527 3802 1594 iustum

2316 1623 2397 1668 cst
2424 1616 2556 1680 Dne,
2580 1626 2633 1670 et
2664 1626 2869 1670 rectum
2886 1617 3149 1687 judicium
3176 1626 3347 1677 tuum.
3371 1617 3462 1685 qui
3491 1619 3683 1687 respicis
3696 1634 3803 1688 super

2319 1715 2542 1772 terram,
2563 1717 2618 1762 et
2642 1705 2779 1762 facis
2801 1723 2921 1762 eam
2948 1717 3202 1762 tremere.
3243 1707 3325 1761 Tu
3359 1708 3499 1762 Deus
3533 1710 3805 1779 omnipotens,

2314 1799 2404 1868 qui
2435 1814 2531 1868 per
2553 1800 2842 1854 adventum
2857 1799 2980 1855 Filii
3009 1801 3084 1855 tui
3106 1801 3318 1857 Domini
3349 1802 3519 1856 nostri
3544 1801 3653 1856 Iesu
3670 1803 3804 1860 (ἰωνιξή

2314 1892 2572 1945 mundum
2610 1890 2851 1956 salvasti,
2897 1900 2952 1946 ct
2999 1907 3098 1961 per
3134 1893 3532 1951 sanctissimam
3578 1896 3801 1962 passionem

2311 1996 2482 2052 genus
2498 1981 2801 2037 .humanum
2830 1983 3124 2049 redemisti,
3152 1992 3205 2037 tu
3227 1982 3505 2039 sanctiﬁca
3534 1983 3653 2038 hanc
3672 1999 3804 2052 aquam

2314 2071 2437 2142 igne
2485 2071 2810 2137 ferventem,
2847 2073 2938 2142 qui
2969 2081 3081 2128 tres
3117 2087 3318 2141 pueros
3353 2071 3571 2136 Svdrac,
3605 2072 3742 2142 Nysae
3769 2082 3806 2127 et

2310 2161 2601 2231 Abdenago
2624 2161 2846 2229 jubente
2894 2175 3020 2231 rege
3046 2160 3536 2217 Nabuchodonosor
3573 2163 3619 2215 in
3656 2163 3807 2217 amitto

2313 2248 2451 2318 ignis
2471 2263 2697 2304 accensa
2721 2248 2943 2304 fornace
2970 2249 3187 2304 salvasti
3218 2248 3506 2314 illacsos,et
3529 2248 3804 2318 perangelun

2315 2344 2463 2390 tuum
2488 2337 2738 2392 eduxisti.
2772 2336 2854 2391 Tu
2879 2336 3304 2393 clementissime
3336 2337 3628 2393 dominator
3654 2324 3803 2405 prata.

2311 2426 2442 2480 utsi
2476 2426 2735 2482 innocens
2756 2426 2880 2496 (tes)
2904 2428 2971 2481 de
3000 2426 3106 2482 hoc
3146 2425 3289 2480 furto
3323 2426 3411 2480 vel
3455 2426 3518 2481 de
3558 2426 3644 2480 hoc
3676 2433 3806 2493 stupro

2312 2515 2452 2569 hanc
2481 2530 2676 2584 aquam
2715 2516 2838 2585 igne
2878 2514 3175 2569 ferventem
3224 2529 3448 2568 manum
3478 2513 3805 2583 (manus)suan

2313 2603 2415 2672 (as)
2440 2605 2649 2658 miserit
2677 2603 2821 2674 (int),
2853 2603 2994 2658 sicut
3030 2612 3140 2658 tres
3178 2617 3382 2672 pueros
3430 2616 3583 2671 supra
3608 2601 3742 2654 dictos
3770 2600 3803 2652 in

2312 2692 2524 2747 camino
2547 2690 2687 2762 ignis
2723 2692 2953 2755 solvisti,
2993 2701 3045 2744 et
3075 2690 3386 2746 Susannam
3417 2691 3482 2745 de
3512 2689 3629 2743 falso
3646 2688 3806 2742 uimine

2308 2781 2571 2846 liberasti,
2616 2782 2688 2836 ita
2736 2781 2801 2836 de
2831 2782 2933 2836 hac
2972 2796 3112 2851 aqua
3143 2780 3263 2847 igne
3294 2779 3538 2835 fervente
3575 2779 3735 2833 salvum
3768 2786 3803 2831 et
3890 2832 3891 2843 χ

2310 2869 2554 2923 inkesum
2577 2870 2796 2924 educas.
2821 2869 2880 2923 Si
2905 2884 3032 2924 vero
3054 2868 3343 2937 culpabilis
3362 2869 3648 2939 ingravante
3659 2866 3805 2922 diabolo

2310 2974 2404 3012 cor
2426 2958 2733 3013 induratum
2764 2957 3187 3028 praesumpserit,
3239 2958 3293 3012 in
3342 2959 3481 3014 hanc
3522 2973 3685 3027 aquam
3724 2957 3804 3025 igne

2236 3086 2280 3148 Ο
2314 3050 2608 3103 ferventem
2646 3064 2862 3102 manum
2894 3064 3045 3102 suam
3070 3048 3311 3107 mittere.
3359 3056 3448 3125 tua
3470 3046 3721 3119 justissima
3741 3060 3801 3099 ve-

2314 3140 2445 3193 ritas
2472 3140 2574 3193 hoc
2598 3138 2855 3202 declaret,
2884 3148 2938 3192 et
2963 3139 3015 3192 in
3048 3136 3209 3205 hujus
3246 3150 3478 3206 corpore
3517 3146 3641 3190 luant
3666 3135 3803 3191 veriu-

2313 3240 2421 3286 tem
2458 3231 2771 3295 manifesta,
2802 3238 2862 3283 ut
2902 3229 3081 3282 anima
3127 3242 3224 3298 per
3250 3228 3590 3297 penitentiam
3616 3226 3800 3286 salvetur,

2310 3334 2364 3380 et
2391 3326 2435 3379 si
2462 3324 2745 3393 culpabilis
2780 3338 2875 3394 per
2903 3322 3081 3392 aliqua
3111 3316 3381 3375 maleficia
3423 3329 3512 3374 aut
3549 3335 3631 3390 per
3669 3318 3802 3373 herbas

2311 3424 2529 3487 peccata
2572 3430 2667 3469 sua
2699 3414 2942 3470 contueri
2976 3413 3226 3477 voluerit,
3259 3421 3355 3464 tua
3386 3409 3595 3467 dextera
3622 3411 3702 3465 hoc
3719 3421 3801 3464 eta-

2309 3522 2473 3562 cuare
2495 3506 2764 3577 dignetur.
2782 3504 2884 3558 Per
2907 3504 3123 3558 unicum
3144 3505 3434 3563 Dominum
3449 3515 3663 3562 nostrum
3676 3496 3803 3553 «ἴδω

2310 3596 2448 3668 Χριιι
2474 3596 2667 3650 Filium
2695 3604 2864 3649 tuum.
2895 3594 3002 3661 Qui
3032 3603 3228 3650 tecum.

2380 3685 2522 3739 Atia.
2567 3684 2835 3739 Benedico
2856 3693 2909 3737 te
2951 3693 3201 3739 creatura
3242 3700 3398 3755 aqua:
3448 3699 3538 3754 per
3564 3683 3707 3752 ignem
3734 3672 3801 3727 fer-

2312 3777 2483 3832 ventis
2523 3777 2574 3832 in
2603 3776 2819 3832 nomine
2847 3775 3025 3830 Patris
3062 3784 3119 3831 et
3151 3776 3273 3830 Filii
3307 3786 3367 3832 et
3414 3775 3631 3847 Spiritus
3664 3764 3799 3828 sancti.

2312 3883 2378 3921 ex
2407 3882 2514 3936 quo
2543 3876 2735 3922 cuncta
2763 3866 3092 3935 procedunt;
3135 3865 3326 3934 adjuro‘
3354 3877 3406 3921 te
3433 3881 3526 3937 per
3545 3878 3667 3925 eum,
3686 3857 3799 3928 quite

2309 3971 2372 4011 ex
2402 3955 2715 4011 ﬂuminibus
2741 3965 2974 4026 quatuor
3008 3963 3177 4010 totam
3201 3965 3401 4011 terram
3427 3954 3589 4024 rigare
3602 3944 3801 4022 precer“.

2311 4055 2366 4101 et
2400 4045 2465 4099 de
2493 4053 2642 4115 petra
2673 4045 2950 4113 produxit,
2995 4052 3051 4098 et
3090 4053 3141 4100 te
3182 4045 3236 4099 in
3281 4047 3468 4100 vinum
3507 4037 3801 4100 convertit.“

2310 4134 2469 4189 nullae
2499 4135 2705 4188 insidiae
2729 4133 2926 4189 diaboli
2948 4149 3124 4204 neque
3149 4133 3356 4191 malitia
3384 4128 3600 4190 heminis
3630 4136 3674 4182 te
3697 4140 3720 4179 a
3743 4135 3801 4174 ve-

2311 4227 2471 4281 ritate
2495 4227 2681 4301 judicii
2728 4241 2983 4296 separare
3012 4226 3245 4297 possint,
3283 4226 3380 4282 sed
3427 4225 3604 4296 punias
3648 4216 3800 4273 noxium

2313 4316 2398 4387 (os
2430 4333 2515 4370 am
2548 4316 2653 4388 as),
2680 4325 2734 4371 et
2764 4316 2973 4371 illesum
3007 4316 3284 4386 purificcs,
3314 4326 3373 4372 et
3406 4304 3802 4371 innocentem.Per

2311 4391 2610 4473 cumquem
2646 4401 2788 4456 milla
2828 4403 2999 4457 latent
3023 4403 3259 4468 occulta,
3298 4414 3354 4459 et
3377 4404 3468 4473 qui
3515 4399 3703 4457 misitte
3737 4405 3799 4462 per

2311 4494 2574 4547 diluvium
2629 4506 2793 4561 super
2848 4492 3161 4547 universum
3207 4493 3417 4558 orbem,
3466 4500 3522 4546 ut
3571 4493 3799 4559 peccatores

2308 4589 2540 4653 deleres,
2570 4597 2624 4644 et
2652 4590 2826 4643 adhuc
2855 4597 3122 4644 venturus
3147 4602 3208 4644 es
3229 4588 3355 4660 (est)
3373 4586 3604 4656 judicare
3622 4579 3738 4632 vivos
3756 4585 3797 4624 ac

2309 4691 2571 4747 mortuos,
2598 4690 2653 4737 et
2680 4682 2921 4737 seculum
2953 4696 3049 4751 per
3089 4682 3290 4752 ignem.

2380 4769 2520 4845 Alia.
2548 4769 2901 4839 Omnipotens
2930 4768 3092 4833 Deos,
3125 4777 3177 4823 te
3192 4766 3501 4837 suppliciter
3525 4761 3797 4845 deprecantur

2313 4840 2411 4930 pro
2437 4859 2592 4928 hujus
2615 4838 2810 4929 negotii
2840 4857 3262 4921 examinatione,
3290 4871 3450 4926 quam
3485 4849 3625 4906 modo
3651 4844 3717 4934 hic
3746 4838 3797 4934 Ῐῐξ⁶

2316 4929 2398 5005 ter
2417 4964 2516 5003 nos
2540 4937 2882 5013 ventilamus,
2906 4956 2964 5001 ut
2984 4943 3210 5014 iustitiae
3235 4958 3341 4999 non
3366 4940 3645 4998 dominetur
3661 4929 3797 4996 iniqui'

2317 5050 2419 5105 tas,
2447 5040 2540 5095 sed
2577 5039 2836 5095 subdatur
2866 5037 3078 5093 falsitas
3101 5035 3337 5100 veritati,
3367 5043 3422 5091 et
3454 5033 3498 5088 si
3521 5026 3683 5096 aliquis
3702 5021 3794 5074 hanc

2316 5138 2637 5201 praesentem
2672 5128 3126 5182 examinationem
3157 5141 3254 5195 per
3302 5121 3512 5193 aliquod
3555 5108 3794 5202 maleficittt“

2319 5198 2413 5274 aut
2442 5234 2540 5289 per
2571 5218 2768 5272 herbas
2814 5226 2973 5272 terra:
3001 5223 3183 5288 tegere
3210 5213 3294 5270 vel
3329 5210 3574 5282 impedire
3613 5198 3794 5289 voluerit.

2320 5322 2407 5367 tua
2442 5281 2643 5364 sancta
2678 5308 2896 5363 dextera
2945 5281 3243 5379 iustissime
3282 5281 3445 5376 judex
3484 5303 3703 5354 evacuare
3738 5281 3793 5337 αἱ·

2315 5400 2518 5477 ιηειῑε.
3781 5465 3789 5476 ι

2390 5496 2531 5553 Alia.
2559 5496 2802 5553 Oremus.
2832 5494 3186 5567 Omnipotens
3236 5493 3545 5565 sempitern:
3575 5485 3704 5542 Deus.
3731 5480 3791 5538 ll"
