3962 5386
130 274 290 331 “37

969 269 1267 327 PROBAT.
1307 269 1442 326 PER
1478 267 1744 337 AQUAM,
1786 267 2059 323 IGNITOS
2103 266 2445 333 VOMEBES,
2486 266 2639 353 E'I'C.

3274 268 3413 327 1138

123 399 233 443 tua
262 385 471 456 judicia
495 383 924 440 incommutabili
945 384 1296 453 dispositione
1316 383 1497 454 justus
1532 382 1732 452 ubique
1757 389 1809 449 Α
1835 389 1927 436 aut
1946 396 2043 452 per
2064 396 2407 446 consensum,
2440 390 2534 436 aut
2563 395 2661 451 per
2682 381 2983 445 scientiam,
3009 390 3101 436 aut
3121 395 3220 452 per
3244 381 3410 436 ullum

115 472 306 542 iudex
335 469 620 533 discernis,
653 478 707 523 tu
732 467 971 525 clemens
998 467 1052 522 in
1082 468 1187 522 hoc
1203 466 1405 536 judicio
1454 468 1524 522 ad
1580 468 1734 522 invo-

122 564 417 619 cationem
436 562 613 616 sancti
649 561 729 616 tui
752 561 1008 627 nominis,
1034 560 1178 630 quod
1198 576 1230 614 a
1265 568 1317 613 te
1346 559 1573 615 intentio
1598 558 1733 614 lide-

123 651 271 709 Iinm
306 654 577 724 implorat,
608 662 698 708 tua
731 653 1031 722 justissima
1059 654 1462 709 examinatione
1491 652 1730 708 declare.

121 742 196 796 1".~
210 758 263 797 τ.
292 740 487 798 Postea
509 759 627 799 vero
647 743 792 814 [unto
807 759 996 814 myrrae
1015 744 1261 797 adoretur
1286 753 1334 797 et
1369 754 1603 798 sumetur
1624 742 1707 798 cal
1726 771 1734 786 -

78 814 81 821 l
116 834 376 898 dariata,
400 834 584 888 subtus
607 850 764 905 quam
790 844 837 890 et
859 836 914 890 in
932 834 1180 900 circuitu,
1201 845 1247 889 et
1267 836 1343 889 sic
1361 851 1510 889 omne
1529 835 1734 904 [artum

116 921 467 990 probabimr.

313 1026 634 1068 BENEDIC’I'IO
655 1026 807 1075 aqua:
829 1028 1058 1069 FNGIDE
1087 1029 1156 1067 ao
1179 1028 1423 1071 ιυοιειωί
1448 1012 1556 1067 oni.

202 1099 570 1171 Omnipotens
603 1103 933 1172 sempiterne
980 1104 1142 1168 Deus,
1196 1107 1386 1161 adesto
1439 1104 1733 1161 invocatio-

116 1190 304 1247 nibus
332 1193 556 1260 nostris,
580 1201 638 1250 et
662 1193 802 1249 banc
841 1208 1038 1264 aquam
1066 1193 1135 1249 ad
1165 1195 1307 1250 hunc
1335 1195 1455 1266 (bos
1479 1196 1600 1267 bas)
1630 1197 1730 1251 ho-

116 1284 344 1339 minem
387 1286 493 1356 (es)
537 1285 933 1357 purificandum
972 1295 1333 1357 prteparatam
1379 1288 1583 1344 virtute
1628 1297 1731 1344 tute

116 1375 536 1453 benedictionis
561 1378 804 1446 infunde,
828 1387 886 1435 et
910 1378 1200 1435 salubritas
1241 1393 1342 1449 per
1378 1379 1453 1434 tui
1492 1380 1730 1436 nominis

115 1466 539 1541 invocationem
571 1472 805 1541 expetita
835 1471 907 1526 sit
959 1469 1028 1525 ab
1056 1470 1203 1525 omni
1220 1458 1607 1542 inpugnatione
1628 1487 1729 1527 an-

115 1556 273 1626 tiqui
292 1559 463 1614 hostis
486 1557 730 1616 defensa.
758 1559 884 1617 Per.

779 1651 1091 1722 Adjuratio.

1835 474 2128 544 ingenium,
2159 473 2247 528 fac
2268 488 2390 528 eum
2430 488 2594 542 super
2624 482 2675 527 te
2714 482 2923 536 natare,
2973 483 3026 525 ct
3063 470 3209 526 nulla
3239 472 3411 541 possit

1833 573 1945 619 ate
1973 578 2133 619 causa
2164 578 2286 619 esse
2307 562 2488 632 aliquo
2527 561 2688 616 modo
2739 560 2905 623 facta,
2959 570 3050 614 aut
3098 574 3195 629 per
3242 559 3408 613 ullum

1832 652 2183 723 prtestigium,
2204 667 2313 721 quo
2332 650 2460 706 illud
2481 665 2584 705 non
2617 649 2785 719 possit
2819 646 3177 703 manifestari.
3208 644 3413 715 Adjuro

1833 750 2015 795 autem
2046 750 2096 796 te
2134 756 2233 811 per
2271 755 2470 794 nomen
2513 737 2736 803 Christi,
2786 745 2843 791 et
2892 736 3147 807 praccipio
3179 734 3304 796 tibi,
3355 745 3412 786 ut

1832 832 1991 887 nobis
2018 832 2242 886 obedias
2283 846 2380 900 per
2409 845 2607 885 nomen
2650 828 2791 897 ejus,
2819 827 2904 882 cui
2938 828 3118 881 omnis
3161 835 3413 880 creatura

1831 925 2020 988 servit,
2050 938 2209 991 quem
2240 922 2535 978 Cherubim
2573 930 2628 976 et
2677 919 2962 989 Seraphim
3004 917 3309 971 collaudant
3332 916 3415 995 dif

1833 1025 2018 1069 centes
2044 1012 2275 1068 Sanetus
2307 1021 2529 1067 sanctus
2556 1020 2775 1067 sanctus
2827 1010 2972 1064 Dnus
3018 1008 3161 1062 Deus
3205 1006 3415 1061 exerci-

1832 1118 2003 1171 tuum,
2043 1106 2134 1177 qui
2172 1107 2337 1162 etiam
2372 1114 2564 1177 regnat
2592 1114 2646 1161 et
2695 1104 3008 1160 dominatur
3058 1117 3154 1172 per
3199 1098 3410 1155 infinita

1832 1201 2013 1257 secula
2033 1200 2355 1257 seculorum.
2374 1200 2566 1255 Amen.
2855 1182 2866 1193 ’

2344 1288 2545 1356 Quarta
2574 1287 2877 1357 Adjuratio.

1902 1386 2043 1441 Deus
2063 1386 2155 1457 qui
2182 1385 2417 1440 maxima
2445 1398 2671 1455 qumque
2692 1382 3041 1437 Sacramenta
3062 1382 3116 1436 in
3147 1391 3408 1451 aquarum

1830 1477 2133 1533 substantia
2162 1476 2483 1533 condidisti:
2531 1476 2720 1531 adesto
2751 1475 3018 1546 prepitius
3055 1470 3413 1528 invocationi-

1828 1568 1929 1623 bus
1957 1568 2177 1631 nostris,
2209 1575 2263 1621 et
2284 1567 2550 1623 elemento
2570 1568 2698 1622 huic
2717 1565 3050 1621 multimodis
3074 1561 3412 1633 purificatio-

1829 1659 1987 1714 nibus
2012 1667 2315 1729 prmparato
2338 1659 2592 1714 virtutem
2623 1666 2731 1713 tua:
2743 1655 3135 1713 benedictionis
3168 1652 3423 1714 iufunde,.

197 1734 415 1806 Adjuro
440 1745 493 1792 te
514 1738 657 1811 (vos)
686 1741 853 1797 homo
883 1741 1102 1814 (mines)
1140 1757 1240 1811 per
1272 1741 1489 1799 Patrem
1538 1750 1593 1797 et
1631 1743 1724 1799 1θί-
1755 1758 1802 1818 Β
1831 1756 1891 1802 ιιι
1925 1756 2177 1803 creatura
2210 1748 2484 1819 mysteriis
2527 1748 2635 1803 tuis
2662 1749 2903 1803 serviens
2936 1746 3003 1801 ad
3035 1744 3330 1802 diabolieas
3353 1751 3410 1796 et

116 1826 269 1881 ιξυω
291 1839 347 1883 et
374 1828 634 1899 Spiritum
661 1841 933 1900 sanetum,
972 1848 1073 1904 per
1101 1834 1244 1890 diem
1275 1835 1542 1890 tremendi
1577 1835 1719 1907 judi-

118 1916 224 1980 cii,
258 1912 434 1988 et'per
451 1929 685 1990 quatuor
711 1922 1096 1994 evangelistas,
1123 1933 1178 1978 et
1204 1939 1305 1994 per
1326 1912 1515 1980 XXIIII
1550 1927 1729 1981 senio-

121 2021 251 2074 res,
277 2013 368 2079 qui
400 2012 670 2069 indefessa
700 2031 834 2071 voce
856 2017 1031 2072 Dnum
1066 2019 1316 2093 laudant,
1345 2028 1400 2074 et
1432 2036 1726 2092 numquam

122 2110 475 2157 concessant.
502 2103 707 2176 Adjuro
738 2113 791 2160 te
831 2121 929 2177 per
957 2106 1050 2161 Xll
1079 2108 1243 2177 Aplos
1271 2117 1327 2163 et
1367 2124 1466 2178 per
1506 2108 1547 2164 C
1594 2124 1729 2180 qua-

126 2180 388 2260 draginta
426 2192 514 2247 IIII
546 2194 710 2249 millia
756 2195 1123 2253 innocentium
1150 2241 1165 2264 ,
1215 2198 1307 2269 qui
1360 2214 1459 2268 pro
1507 2198 1726 2255 Christo

123 2279 282 2347 passi
313 2289 459 2347 sunt,
493 2298 591 2352 per
635 2284 920 2339 victoriam
953 2295 1275 2357 martyrum,
1298 2297 1353 2341 et
1379 2302 1476 2358 per
1507 2287 1723 2343 iuvoca-
1752 2292 1759 2297 ’

126 2365 341 2421 tionem
369 2371 511 2425 sacri
539 2368 881 2442 baptismatis
920 2374 1022 2440 tui,
1064 2384 1123 2429 ut
1145 2376 1192 2430 si
1223 2384 1278 2430 tu
1308 2377 1374 2430 de
1400 2377 1502 2432 hac
1531 2392 1588 2433 re
1611 2378 1728 2434 CIII-Ii

125 2456 335 2525 pabilis
362 2459 438 2515 sis
458 2461 572 2517 sive
601 2462 654 2517 in
702 2461 847 2519 facto
905 2475 999 2520 aut
1049 2466 1231 2536 aliquo
1269 2467 1428 2522 modo
1474 2468 1727 2525 indurato

126 2549 303 2604 corde
347 2566 377 2604 a
406 2551 602 2607 diaboli
636 2556 983 2627 suggestione
1040 2557 1109 2612 ad
1159 2558 1262 2614 hoc
1304 2558 1570 2628 judicium
1617 2577 1723 2617 non

127 2652 597 2713 prmsumptuosus
618 2648 866 2712 accedas,
889 2657 943 2702 et
968 2664 1106 2719 aqua
1136 2658 1186 2704 te
1214 2666 1320 2704 non
1349 2652 1631 2722 suscipiat,
1666 2663 1726 2709 et

130 2729 242 2787 hoc
284 2734 441 2804 signo
470 2738 648 2793 erucis
694 2737 898 2795 Christi
947 2749 1053 2796 tua:
1093 2742 1314 2798 malitia:
1359 2756 1636 2816 appareat,
1670 2755 1727 2802 et

133 2823 314 2879 virtus
349 2826 736 2896 omnipotentis
772 2829 864 2884 Dei
892 2832 1287 2888 manifestetur.
1316 2835 1422 2891 Per
1466 2838 1720 2892 eundem.

544 2933 859 2975 BENEDICTIO
885 2938 1113 2977 ωυευειι
1134 2940 1308 2988 Αρυρε.

209 3002 329 3095 Due
372 3006 518 3095 Dens
558 3011 929 3080 omnipotens,
977 3014 1068 3081 qui
1110 3014 1437 3084 baptismum
1480 3017 1534 3072 in
1582 3033 1721 3095 aqua

1830 1836 2093 1891 humanas
2138 1836 2378 1893 fallacias
2399 1837 2747 1908 detegendae,
2776 1837 2842 1893 ad
2875 1851 3061 1893 eorum
3093 1837 3409 1904 argumenta

1826 1936 1882 1982 et
1909 1926 2159 1998 ﬁgmenta
2188 1927 2546 1995 dissolvenda,
2577 1938 2738 2000 atque
2761 1929 3101 1983 multivomes
3128 1926 3256 1997 (lege
3278 1922 3427 1989 muk

1830 2016 2096 2085 tiformes)
2155 2033 2343 2072 eorum
2393 2028 2540 2073 artes
2594 2017 2948 2074 destruendas
2987 2017 3180 2071 divinae
3227 2014 3414 2085 gratia:

1827 2114 2005 2160 sumat
2026 2103 2298 2160 effectum.
2329 2105 2620 2162 Discedant
2646 2108 2770 2162 hinc
2792 2121 2981 2161 omnes
3010 2105 3215 2159 insidia:
3240 2102 3413 2157 laten-

1828 2196 1899 2251 tis
1936 2192 2159 2261 i‘uimici,
2201 2198 2458 2268 quatinus
2511 2198 2715 2253 veritas
2760 2198 2826 2252 de
2880 2197 3001 2260 his,
3047 2211 3167 2266 quae
3198 2210 3227 2247 a
3259 2193 3416 2247 nobis

1827 2287 1991 2341 divini
2030 2302 2222 2342 sensus
2266 2296 2320 2342 et
2360 2288 2520 2341 alieni
2562 2288 2742 2343 cordis
2790 2287 2992 2357 ignaris
3040 2285 3412 2354 requiruntur,

1830 2385 1921 2431 tuo
1964 2375 2169 2445 judicio
2225 2379 2483 2448 expetita,
2523 2374 2620 2448 per
2678 2378 3074 2432 invocationem
3117 2375 3190 2428 tui
3240 2372 3412 2427 sancti

1826 2469 2060 2521 nominis
2084 2466 2352 2537 patefacta
2381 2469 2676 2523 clarescat:
2710 2476 2765 2522 et
2794 2482 2861 2520 ne
2893 2465 3031 2519 unde
3062 2464 3409 2533 requirimus,

1826 2561 2084 2614 innocens
2108 2556 2305 2627 injuste
2327 2560 2633 2623 damnetur,
2669 2571 2842 2626 neque
2905 2554 3106 2610 noeens
3158 2570 3186 2606 a
3220 2562 3290 2615 te,
3321 2548 3421 2620 qui

1825 2646 1915 2701 lux
1947 2663 2073 2701 vera
2104 2662 2184 2708 es,
2216 2649 2411 2718 cuique
2448 2664 2554 2702 nou
2601 2656 2725 2702 sunt
2758 2649 3004 2701 obseura:
3054 2644 3308 2702 tenebraa,
3358 2650 3415 2694 et

1824 2738 1915 2806 qui
1948 2739 2217 2794 illuminas
2259 2741 2508 2794 tenebras
2555 2748 2790 2801 nostras,
2820 2736 3185 2808 quaerentibus
3218 2735 3417 2789 verita-

1826 2837 1934 2881 tem
1972 2827 2191 2897 impune
2224 2830 2394 2897 possit
2425 2829 2697 2885 deludere.
2726 2828 2818 2890 Te,
2863 2843 3024 2897 quem
3066 2826 3273 2881 occulta
3304 2842 3410 2879 non

1827 2920 2461 2982 transeuntostendeute,
2493 2929 2548 2974 et
2572 2920 2772 2973 virtute
2811 2927 2922 2981 tua,
2954 2917 3043 2987 qui
3074 2917 3411 2972 occultorum

1824 3019 1885 3060 es
1912 3007 2178 3077 cognitor,
2209 3008 2515 3064 declarante
2545 3010 2675 3064 ﬁant
2706 3009 2838 3081 (lege
2866 3007 2979 3079 ttat)
3016 3009 3142 3063 hinc
3171 3007 3328 3063 nobis
3359 3008 3412 3061 in

133 3090 502 3160 fierijussisti,
525 3104 581 3153 et
606 3112 702 3167 per
734 3099 1006 3154 lavacrum
1037 3105 1462 3173 regenerationis
1489 3090 1725 3160 lnuuauo
1752 3109 1797 3172 (ς
1831 3104 1884 3151 te
1917 3098 2262 3156 credentibus
2290 3101 2399 3156 veri
2432 3102 2669 3171 cognitio
2697 3100 3004 3155 manifesta.
3038 3098 3160 3154 Per.

136 3182 325 3250 generi
351 3185 724 3241 remissionem
752 3200 1098 3259 peccatorum
1127 3194 1333 3248 donare
1354 3194 1610 3265 dignatus
1638 3211 1719 3261 es,

135 3273 417 3330 sanetilica
450 3291 759 3346 quaesumus
806 3281 948 3337 hanc
989 3299 1211 3352 aquam,
1238 3294 1294 3339 et
1332 3283 1539 3352 justum
1568 3288 1622 3342 ia
1657 3303 1722 3342 ea

137 3361 556 3422 discernendum
573 3369 861 3438 judicium,
891 3372 982 3441 qui
1016 3373 1166 3427 solus
1215 3389 1275 3429 es
1324 3374 1505 3443 justus
1552 3376 1724 3447 judex

136 3462 194 3507 et
225 3452 402 3520 fortis,
434 3464 495 3511 ut
518 3458 562 3512 si
601 3474 725 3514 reus
754 3461 825 3514 sit
850 3463 1013 3516 homo
1064 3464 1164 3518 iste
1213 3466 1279 3519 de
1331 3468 1723 3536 praenomiuata

138 3557 223 3607 re,
248 3557 388 3612 aqua
415 3561 535 3614 qum
559 3564 684 3603 eum
718 3550 771 3603 in
812 3550 1082 3620 baptismo
1112 3555 1369 3624 suscepit,
1424 3571 1569 3610 nunc
1616 3572 1726 3612 non

134 3635 396 3706 recipiet:
428 3639 472 3693 si
499 3651 677 3695 autem
701 3642 1046 3713 inculpabilis
1072 3654 1127 3699 et
1150 3644 1415 3702 innocens
1466 3649 1535 3703 sit
1575 3649 1723 3715 inde,

137 3741 280 3798 aqua
303 3744 422 3798 quae
452 3747 574 3787 eum
601 3732 652 3787 in
676 3733 948 3803 baptismo
972 3737 1231 3807 suscepit,
1276 3753 1419 3792 nunc
1450 3739 1502 3792 in
1533 3755 1590 3794 se
1637 3755 1723 3795 re-

134 3818 399 3887 cipiat,et
429 3820 474 3875 si
514 3822 744 3878 mundus
771 3832 825 3879 et
850 3825 1111 3882 innocens
1157 3826 1230 3882 sit
1271 3827 1417 3897 inde,
1466 3845 1633 3886 sanus
1660 3830 1728 3886 de

138 3906 405 3977 profundo
431 3908 589 3978 hujus
616 3927 770 3982 aqua:
795 3913 1164 3970 abstrahatur.
1201 3914 1325 3991 Per.

212 3998 509 4068 Adjuratio.
538 4001 739 4071 Adjuro
763 4012 815 4060 te
834 4021 972 4075 aqua
1005 4007 1060 4061 in
1088 4009 1306 4064 nomine
1343 4009 1522 4067 Patris
1542 4013 1724 4067 omni-

140 4091 398 4158 potentis,
424 4092 514 4161 qui
545 4101 595 4147 te
626 4095 676 4149 in
708 4097 972 4168 principio
999 4100 1227 4166 creavit,
1259 4110 1313 4156 et
1342 4111 1394 4158 te
1437 4104 1599 4173 jussit
1629 4107 1726 4163 mi-

139 4183 376 4239 nistrare
401 4186 651 4244 humanis
678 4191 1110 4257 necessitatibus,
1138 4195 1228 4263 qui
1272 4204 1324 4251 te
1365 4195 1527 4264 jussit
1553 4214 1729 4271 segre-

140 4277 258 4347 gari
306 4276 374 4330 ab
423 4280 580 4349 aquis
623 4282 1011 4350 superioribus.
1062 4284 1266 4353 Adjuro
1323 4297 1375 4342 te.
1422 4290 1585 4344 etiam
1631 4306 1728 4360 per

140 4362 409 4419 ineffabile
437 4382 631 4423 nomen
660 4368 787 4426 Jcsu
808 4370 1008 4426 Christi
1038 4370 1158 4425 Filii
1182 4371 1276 4426 Dei
1318 4376 1722 4444 omnipotentis.

2346 3191 2544 3256 Quinta
2573 3191 2880 3261 Adjuratio.

1898 3276 2097 3345 Adjuro
2128 3286 2181 3333 te
2207 3279 2369 3334 homo
2404 3279 2470 3333 N.
2501 3294 2599 3347 per
2637 3280 3032 3335 invocationem
3084 3279 3187 3334 Dui
3241 3278 3413 3332 nostri

1822 3365 1947 3421 Jesu
1972 3368 2169 3423 Christi
2199 3369 2265 3423 ad
2279 3370 2542 3440 judicium
2587 3386 2739 3440 aqum
2765 3369 2990 3441 frigidae.
3014 3370 3216 3440 Adjuro
3243 3378 3293 3423 te
3324 3383 3419 3438 per

1825 3456 2041 3512 Patrem
2078 3467 2132 3513 et
2161 3458 2356 3512 Filium
2383 3468 2437 3513 et
2475 3460 2737 3529 Spiritum
2778 3470 3048 3525 sanctum,
3078 3471 3132 3515 et
3161 3476 3258 3529 per
3286 3457 3412 3512 Tri-

1826 3554 2049 3608 nitatem
2082 3555 2518 3624 iuseparabilem,
2543 3566 2597 3609 et
2625 3572 2721 3626 per
2744 3570 2954 3610 omnes.
2985 3553 3179 3607 Desunt
3201 3553 3284 3605 hic
3309 3551 3415 3603 duo

1826 3642 1957 3710 [alia
1986 3644 2041 3695 in
2074 3643 2177 3697 Ms.

1906 3732 2133 3789 Verbum
2161 3751 2287 3790 caro
2315 3735 2517 3792 factum
2548 3744 2631 3792 est
2659 3744 2712 3790 et
2762 3733 3025 3790 habitavit
3056 3734 3110 3787 in
3155 3731 3333 3797 nobis,
3360 3742 3416 3786 et

1823 3824 2058 3880 vidimus
2106 3825 2333 3896 gloriam
2382 3825 2522 3895 ejus,
2574 3827 2804 3898 gloriam
2853 3825 3006 3898 quasi
3066 3823 3338 3895 Unigeniti
3384 3818 3415 3878 ιι

1825 3914 2006 3982 Patre,
2036 3915 2253 3986 plenum
2281 3920 2454 3990 gratia
2481 3929 2536 3973 et
2564 3920 2810 3974 veritate.
3402 3910 3405 3913 Α

2285 4025 2530 4065 ιυυιειωι
2564 4028 2631 4065 AD
2665 4025 2932 4065 VUMERES.

1898 4098 2013 4154 Due
2037 4098 2181 4155 Deus
2202 4102 2561 4172 omnipotens,
2579 4103 2668 4173 qui
2687 4103 2879 4157 creasti
2897 4101 3090 4156 coelum
3112 4107 3167 4153 et
3193 4106 3415 4160 terram,

1829 4206 1977 4245 mare
2003 4201 2058 4245 et
2080 4194 2261 4248 omnia
2280 4210 2400 4264 qua:
2431 4195 2483 4247 in
2505 4195 2586 4249 eis
2614 4193 2865 4263 sunt,qui
2891 4192 3160 4247 hominem
3188 4190 3253 4243 ad
3286 4190 3419 4242 ima-

1827 4281 2005 4351 ginem
2039 4291 2183 4335 tuam
2218 4284 2488 4349 formasti,
2530 4284 2619 4353 qui
2669 4284 2867 4339 Filium
2901 4293 3050 4337 tuum
3083 4280 3416 4351 unigenitum

1828 4371 2002 4426 Dnum
2023 4389 2139 4427 nrm
2156 4374 2338 4429 Jesum
2355 4374 2631 4430 Christum
2655 4383 2980 4447 cooperante
3003 4374 3204 4445 Spiritu
3233 4381 3419 4427 sancto

140 4455 243 4509 sub
271 4454 426 4523 cujus
449 4458 677 4527 pedibus
703 4460 1005 4517 ambulanti
1038 4462 1089 4516 in
1117 4464 1256 4517 mari
1294 4472 1346 4518 te
1398 4465 1716 4521 calcabilem
1749 4453 1798 4511 Ι)
1826 4465 1879 4518 in
1928 4474 2142 4519 uterum
2176 4468 2512 4522 intemeratae
2557 4469 2798 4539 Virginis
2835 4468 3050 4533 misisti,
3093 4467 3182 4535 qui
3218 4480 3282 4519 ex
3332 4463 3419 4517 illa

126 4543 436 4612 praebuisti,
466 4547 558 4616 qui
586 4548 639 4601 in
663 4557 715 4604 te
735 4550 898 4605 etiam
922 4549 1184 4619 baptizari
1221 4552 1407 4607 voluit.
1436 4552 1639 4624 Adjuro
1670 4562 1723 4609 te

137 4635 302 4689 etiam
332 4650 427 4704 per
451 4636 711 4708 Spiritum
755 4651 1028 4705 sanctum,
1056 4644 1146 4712 qui
1197 4658 1360 4713 super
1403 4644 1579 4699 Dnum
1624 4646 1720 4700 ba-

126 4725 408 4804 ptizatum
435 4730 699 4783 ascendit.
731 4731 940 4802 Adjuro
983 4742 1038 4789 te
1070 4749 1177 4803 .per
1202 4751 1396 4791 nomen
1426 4745 1630 4794 sanctas
1665 4748 1723 4794 et

144 4814 431 4872 individua:
462 4818 770 4887 Trinitatis,
816 4821 971 4891 cujus
1001 4825 1276 4881 voluntate
1311 4842 1574 4895 aquarum
1616 4829 1729 4885 ele-

147 4915 382 4962 mentum
404 4909 638 4965 divisum
663 4921 769 4978 est,
818 4923 876 4968 et
926 4916 1166 4984 populus
1201 4918 1368 4974 Israel
1416 4934 1514 4988 per
1566 4921 1724 4986 illud,

147 4998 304 5087 siccis
324 5001 550 5087 pedibus
574 5006 806 5071 transiit,
833 5008 901 5062 ad
921 5006 1077 5075 cujus
1118 5010 1514 5068 invocationem
1546 5015 1729 5074 Helias

150 5086 368 5153 ferrum,
400 5092 546 5160 quod
595 5093 662 5147 de
708 5097 992 5152 manubrio
1035 5101 1267 5167 exierat,
1321 5113 1484 5168 super
1529 5119 1726 5174 aquam

1828 4568 1951 4609 eum
1990 4562 2209 4611 carnem
2252 4558 2542 4611 humanam
2588 4574 2803 4613 sumere
2850 4558 3086 4621 voluisti,
3142 4572 3239 4626 per
3281 4554 3423 4607 illius

1828 4647 2162 4703 dilectissimi
2218 4647 2340 4702 Filii
2391 4648 2465 4702 tui
2503 4649 2607 4702 Dni
2663 4651 2745 4704 nri
2795 4649 2919 4704 Jesu
2975 4648 3176 4702 Christi
3229 4660 3420 4699 nomen

1826 4748 1990 4809 atque
2045 4756 2139 4810 per
2176 4741 2369 4796 merita
2427 4749 2632 4796 sanctae
2682 4741 2777 4795 Dei
2831 4739 3110 4812 genitricis
3154 4738 3336 4791 Mariae
3371 4740 3428 4788 te

1826 4829 2164 4896 invocamus,
2185 4840 2444 4899 tuamque
2464 4828 2798 4897 majestatem
2824 4829 3096 4899 supplices
3118 4838 3432 4885 exoramus,

1827 4928 1888 4973 ut
1938 4919 1990 4972 in
2035 4920 2137 4975 hoc
2168 4917 2595 4974 cxaminationis
2620 4920 2824 4990 judicio
2867 4931 3200 4974 evanescere
3241 4913 3441 4979 iubeas

1829 5027 2021 5069 omnes
2057 5010 2326 5068 versutias
2376 5009 2664 5067 diabolicae
2733 5012 2940 5069 fraudis
2992 5003 3448 5064 calliditatisque.

1829 5104 1945 5159 sive
1996 5102 2399 5158 incantationes
2452 5100 2740 5159 hominum
2790 5103 2905 5159 sive
2963 5101 3291 5187 mulierum.
3349 5100 3466 5137 nec

3316 5182 3428 5194 n.th
