3962 5386
491 258 635 324 n39
1320 228 1324 233 ⁴
1376 258 1669 316 sereno.
1702 256 1794 313 AD
1833 253 2004 313 ssc.
2048 250 2208 310 χρ*
2239 247 2672 310 MONUMENTA
2710 228 2991 310 urnae.
3632 245 3776 306 mo

491 377 727 436 nendum
750 374 1013 447 judicium
1042 386 1251 439 verum,
1288 379 1349 426 ut
1385 372 1482 436 ita,
1515 371 1561 427 si
1600 371 1704 427 iste
1731 370 1894 426 homo
1925 367 2075 424 iuno-
2105 371 2158 435 Α
2253 362 2518 420 Exorcizo
2548 372 2607 420 te
2628 372 2879 420 creatura
2930 362 3061 418 salis
3097 375 3193 432 per
3217 361 3390 418 Deum
3436 360 3647 426 vivum,
3682 377 3778 431 per

495 487 625 528 cens
652 469 727 526 sit
770 457 839 525 de
861 465 1021 537 hujus
1058 466 1136 521 rei
1183 464 1545 535 inquestionc,
1575 477 1738 535 quam
1782 461 1931 516 inter
1982 475 2081 515 nos

2216 461 2350 509 Ieum
2380 468 2591 520 verum,
2628 468 2728 524 per
2762 454 2927 508 Deum
2960 461 3227 518 sanctum,
3271 452 3361 522 qui
3396 460 3452 507 te
3481 466 3578 522 per
3631 450 3780 505 Heli-

495 540 820 618 ventilamus
836 567 891 614 et
909 564 1222 621 tractamus,
1250 554 1342 626 qui
1371 553 1529 609 nudis
1555 552 1779 624 pedibus
1804 565 1968 622 super
1987 565 2080 606 eos
2179 558 2331 599 seum
2363 544 2683 615 prophetam
2714 545 2768 598 in
2800 558 2994 613 aquam
3025 544 3163 599 mitti
3190 544 3372 614 jussit,
3405 552 3469 598 ut
3490 553 3781 598 sanat-etut-

501 651 888 717 ambulaverit,
919 658 972 704 tu
998 648 1140 704 Deus
1160 648 1503 718 omnipotens
1529 647 1670 703 sicut
1698 645 1942 701 liberasti
1970 655 2081 699 tres
2181 633 2438 690 ειεΐῖιίιθε
2462 649 2643 705 aqua;
2674 633 2998 690 ulcmCiM‘iS
3030 634 3110 690 sal
3138 634 3517 690 exorcilatum
3545 634 3616 689 ad
3639 634 3784 688 salu-

498 756 697 809 pueros
726 740 793 796 de
830 740 1044 794 camino
1072 740 1213 810 ignis
1259 738 1523 802 ardentis,
1556 746 1635 812 pet
1688 737 1991 794 Susannam
2018 736 2086 793 de
2183 735 2291 782 tem
2320 726 2674 793 credentium,
2714 735 2769 782 et
2797 726 2873 782 sis
2901 727 3151 781 omnibus
3182 733 3235 781 te
3262 725 3617 782 sumentibus
3640 724 3786 780 sani-

485 824 638 909 dalso
665 831 914 899 crimine,
943 841 1000 887 et
1021 829 1298 887 Danielem
1325 829 1391 885 de
1406 829 1524 886 lacu
1557 829 1797 897 leonum,
1827 830 1907 885 sic
1929 830 2085 885 inno-

496 933 684 1002 centes
736 923 902 994 pedes
933 931 1024 978 tua
1055 921 1261 993 potenti
1300 920 1504 977 virtute
1559 920 1722 976 falsos
1767 921 1987 995 (salvos)
2030 930 2087 977 et

495 1006 685 1073 ille'sos
727 1029 1054 1071 conservare
1105 1013 1367 1085 digneris.
1424 1013 1482 1069 Si
1549 1021 1732 1068 autem
1777 1013 1879 1069 iste
1922 1004 2095 1089 homo;

496 1094 783 1177 ciulpabilis
806 1107 876 1162 sit
904 1107 971 1161 de
985 1096 1375 1178 prrenominata
1400 1121 1480 1173 re,
1508 1115 1564 1162 et
1588 1107 1850 1163 suadente
1876 1107 2088 1164 diabolo

494 1205 650 1251 tuam
684 1197 980 1267 potentiam
1032 1212 1198 1253 ausus
1245 1200 1460 1253 tentare
1498 1196 1688 1264 fuerit,
1718 1205 1774 1253 et
1803 1212 1968 1271 super
1995 1213 2090 1255 eos

498 1284 887 1365 ambulaverit,
919 1294 975 1340 tu
1004 1286 1097 1356 qui
1120 1286 1298 1356 justus
1326 1301 1388 1342 es
1435 1294 1489 1341 et
1520 1286 1706 1356 iudex,
1747 1286 1835 1342 fac
1863 1286 2092 1344 manife-

496 1384 637 1430 stam
662 1376 718 1431 in
750 1375 866 1444 ejus
893 1374 1117 1447 pedibus
1136 1389 1398 1447 apparere
1417 1376 1685 1432 ustionem
1711 1377 1804 1432 tibi
1834 1377 1901 1433 ad
1923 1378 2092 1435 hono-

2185 816 2484 872 t‘asanimaa
2514 825 2568 873 et
2593 817 2871 888 corporis:
2894 815 3137 888 eﬂ‘ugiat,
3161 824 3323 886 atque
3352 816 3604 871 discedat
3631 817 3705 868 ab
3722 827 3787 870 eo

2185 907 2307 962 loco
2333 921 2442 976 quo
2463 921 2718 978 aSpersus
2747 905 2939 972 fueris,
2965 905 3146 961 omnis
3176 904 3409 960 fantasia
3455 912 3515 960 et
3539 904 3787 974 nequitia

2185 999 2271 1054 vel
2291 999 2528 1054 versutia
2559 996 2839 1055 diabolica:
2858 998 3088 1066 fraudis,
3110 998 3397 1067 omnisque
3424 996 3661 1067 spiritus
3689 996 3790 1050 im-

2182 1084 2422 1146 mundus
2450 1088 2752 1160 adjuratus.
2774 1104 2874 1161 per
2900 1103 3046 1156 eum,
3076 1087 3170 1155 qui
3200 1085 3474 1143 venturus
3537 1096 3625 1141 est
3650 1083 3793 1155 indi.

2188 1197 2314 1239 care
2332 1196 2506 1238 VIVOS.

2259 1291 2524 1348 Exorcizo
2552 1299 2605 1348 te
2651 1298 2902 1347 creatura
2931 1288 3062 1346 salis
3119 1288 3172 1344 in
3220 1288 3441 1344 nomine
3488 1285 3591 1341 Dei
3616 1283 3797 1339 Patris

2191 1383 2579 1455 omnipotentis
2600 1423 2615 1448 ,
2645 1392 2700 1439 et
2726 1383 2780 1439 in
2810 1368 3038 1440 caritate
3068 1380 3167 1437 Dni
3195 1380 3367 1436 nostri
3392 1377 3526 1435 Iesu
3565 1376 3794 1441 Christi,

498 1483 616 1522 rem
645 1476 701 1523 et
726 1467 939 1527 laudem
968 1468 1064 1540 (et)
1094 1467 1343 1541 gloriam,
1390 1469 1544 1525 nobis
1574 1477 1753 1523 autem
1782 1471 1954 1526 servis
1985 1471 2093 1526 tuis
2194 1480 2251 1529 et
2280 1473 2335 1527 in
2370 1473 2569 1528 virtute
2596 1471 2832 1543 Spiritus
2861 1470 3037 1527 sancti
3070 1488 3084 1524 :
3115 1470 3369 1525 exorcizo
3399 1478 3451 1523 te
3480 1483 3585 1538 per
3628 1466 3793 1521 Deum

501 1550 571 1611 ad
599 1559 959 1613 constantiam
999 1569 1053 1613 et
1102 1559 1485 1614 conﬁdentiam
1536 1560 1771 1616 nominis
1823 1560 1921 1627 tui,
1966 1576 2094 1632 per-
2194 1563 2399 1628 vivum,
2423 1578 2521 1634 per
2541 1562 2710 1618 Deum
2735 1576 2948 1624 verum,
2975 1575 3076 1631 per
3099 1559 3270 1614 Deum
3312 1567 3599 1620 sanctum,
3624 1556 3721 1625 qui
3748 1565 3797 1611 te

505 1646 630 1701 tizlis
660 1655 837 1702 autem
867 1656 922 1704 et
944 1649 1231 1705 obcxcatis
1258 1651 1326 1704 ad
1352 1648 1723 1706 confusionem
1750 1660 1805 1706 et
1849 1652 2096 1721 peniten-
2199 1653 2265 1708 ad
2302 1653 2525 1709 tutelam
2549 1651 2773 1708 humani
2804 1650 3020 1722 generis
3043 1649 3368 1721 procreavit,
3392 1657 3452 1703 et
3479 1646 3689 1718 populo
3714 1659 3801 1700 ve-

498 1735 632 1789 tiam
655 1727 998 1808 peccatorum
1022 1754 1262 1805 suorum,
1296 1748 1356 1794 ut
1388 1740 1539 1795 inviti
1569 1751 1922 1813 cognoscant,
1953 1744 2098 1814 quod
2123 1738 2173 1798 Β
2199 1743 2373 1799 nienti
2422 1743 2489 1799 ad
2517 1741 2892 1797 credulitatem
2927 1755 3026 1812 per
3069 1753 3260 1795 servos
3306 1752 3437 1793 suos
3482 1734 3801 1792 consecrari

501 1842 699 1902 sponte
739 1833 1052 1901 noluerunt,
1087 1845 1140 1889 te
1195 1849 1315 1892 esse
1360 1833 1600 1904 judicem
1640 1837 1887 1893 vivorum
1937 1847 2099 1908 atque
2194 1835 2475 1907 praecepit,
2509 1834 2649 1889 utin
2699 1833 2921 1888 nomine
2970 1841 3174 1887 sancta:
3200 1828 3491 1885 Trinitatis
3543 1824 3800 1881 eﬂiciaris

501 1932 840 1980 mortuorum
863 1925 1132 1980 viventem
1150 1934 1311 1998 atque
1332 1935 1647 1997 regnantem
1664 1926 1717 1982 in
1740 1927 1919 1983 secula
1946 1943 2101 1984 secu—
2198 1928 2438 1984 salutare
2466 1933 2871 1982 sacramentum
2902 1924 2970 1979 ad
3001 1921 3344 1994 elfugandum
3375 1919 3697 1975 inimicum.

502 2017 703 2098 lorum.
727 2018 920 2073 Amen.
962 2092 968 2098 δ
1243 2071 1246 2075 ,
2097 2084 2103 2094 _
2270 2018 2505 2075 Proinde
2533 2032 2785 2089 rogamus
2819 2027 2873 2072 te
2905 2015 3130 2071 Domine
3165 2015 3304 2069 Deus
3332 2020 3542 2074 noster,
3579 2020 3644 2065 ut
3668 2010 3803 2064 hanc

532 2096 536 2101 ’
582 2106 779 2162 Relicto
837 2096 1065 2164 duarum
1110 2110 1372 2166 linearum
1401 2110 1595 2180 spatio,
1641 2126 1866 2181 quarum
1911 2108 2101 2166 (illam
2203 2117 2512 2167 creaturam
2538 2107 2669 2163 salis
2698 2106 3091 2162 sanctificando
3120 2104 3448 2171 sanctifices,
3482 2111 3540 2158 et
3580 2101 3803 2158 benedi-

509 2199 687 2254 studio
718 2199 958 2253 videntur
983 2215 1172 2267 cram,
1198 2204 1386 2273 pergit.

582 2286 785 2343 Adesto
800 2286 914 2342 Due
925 2288 1408 2360 supplicationibus
1422 2291 1643 2358 nostris,
1665 2300 1724 2345 ut
1738 2292 1877 2362 quod
1903 2300 2100 2349 nostrae

506 2377 830 2434 humilitatis
858 2379 1154 2449 gerendum
1176 2389 1262 2435 est
1289 2381 1615 2449 ministerio,
1640 2382 2101 2439 intercedentibus

509 2468 762 2525 omnibus
806 2470 1009 2527 sanctis
1062 2471 1169 2528 tuis
1230 2481 1336 2528 tua:
1378 2472 1594 2528 virtutis
1644 2473 1931 2544 impleatur
1967 2473 2098 2531 etle-

512 2567 620 2613 ctu.
662 2556 788 2613 Per.

583 2649 872 2706 Perveniat
897 2651 957 2722 (Ι.
987 2652 1304 2725 praeveniat)
1336 2670 1434 2709 nos
1462 2669 1774 2724 qumsumus
1800 2655 1915 2713 Dne
1940 2658 2107 2713 mise-

511 2739 750 2795 ricordia
783 2750 893 2807 tua,
925 2751 979 2798 et
1010 2758 1169 2799 voces
1208 2753 1422 2801 nostras
1467 2744 1756 2802 clementia
1781 2754 1892 2803 tua:
1925 2749 2105 2818 propi-

512 2830 756 2888 tiationis
781 2834 1060 2906 anticipet.
1090 2833 1211 2892 Per.

2209 2202 2380 2261 cendo
2414 2200 2725 2265 benedicas,
2760 2209 2820 2254 ut
2847 2198 2942 2253 fiat
2977 2198 3228 2254 omnibus
3249 2194 3660 2265 accipientibus
3687 2208 3810 2263 per-

2209 2291 2351 2349 lecta
2374 2292 2663 2356 medicina,
2697 2304 3022 2362 permanens
3050 2289 3104 2343 in
3155 2287 3463 2343 visceribus
3511 2300 3714 2342 eorum
3752 2283 3801 2337 in

2207 2383 2427 2441 nomine
2450 2382 2551 2437 Dni
2585 2382 2751 2437 nostri
2784 2375 2923 2437 Jesu'
2944 2379 3179 2445 Christi,
3209 2379 3324 2449 qui.

2277 2475 2542 2544 Exorcizo
2577 2483 2628 2530 te
2653 2482 2905 2528 creatura
2930 2471 3059 2527 salis
3086 2487 3181 2544 per
3202 2486 3402 2526 nomen
3437 2469 3543 2524 Dni
3567 2467 3659 2523 nri
3682 2466 3805 2523 Iesu

2210 2563 2434 2628 Christi,
2464 2577 2560 2633 per
2586 2561 2812 2635 gloriam
2837 2570 2891 2615 et
2923 2576 3147 2632 regnum
3175 2560 3312 2631 ejus,
3342 2575 3444 2631 per
3461 2558 3805 2627 omnipoten-

2212 2655 2343 2709 tiam
2371 2662 2425 2709 et
2451 2654 2706 2709 virtutem
2733 2651 2872 2722 ejus,
2900 2667 2996 2723 per
3018 2651 3165 2706 illum
3191 2651 3600 2720 redemptorem
3627 2657 3682 2704 et
3708 2646 3807 2702 sal-

2160 2790 2161 2793 η
2214 2754 2461 2800 vatorem
2495 2742 2683 2798 mundi
2714 2750 2766 2798 te
2788 2741 3064 2808 exorcizo,
3088 2740 3207 2813 qui.

594 3009 3781 3042 NW

1423 3193 2398 3288 BENEDICTIONES
2466 3182 2914 3291 VARIZE.

909 3581 1166 3623 ANNUALIS
1195 3582 1515 3624 BENEDICTIO
1545 3584 1724 3625 PU'I'EI.

600 3663 967 3732 Deprecamur
1018 3662 1133 3717 Dne
1191 3662 1536 3718 clementiam
1592 3660 1811 3730 pietatis
1860 3668 1991 3725 tuae,
2057 3667 2119 3713 ut

530 3770 729 3825 aquam
759 3754 905 3824 putei
934 3754 1095 3825 hujus
1140 3753 1359 3823 caelesti
1380 3746 1761 3810 benedictione
1791 3751 2119 3819 sanctiﬁces,

531 3853 588 3900 et
613 3844 679 3900 ad
717 3860 1059 3901 communem
1095 3845 1263 3901 vitam
1290 3845 1560 3901 concedas
1608 3843 1906 3907 salubrem,
1960 3850 2016 3898 et
2046 3843 2122 3898 ita

533 3952 690 3994 exeo
718 3936 909 4009 fugare
951 3926 1194 4009 digneris
1231 3952 1447 3993 omnem
1496 3935 1776 3992 diabolicae
1808 3934 2124 3990 tentationis

534 4031 841 4095 incursum,
896 4036 957 4084 ut
1003 4030 1331 4101 quicumque
1353 4045 1420 4084 ex
1456 4043 1521 4084 eo
1562 4027 1807 4083 hauserit
1832 4026 2122 4091 biberitve,

536 4122 625 4177 vel
676 4121 733 4176 in
765 4120 1099 4191 quibuslibet
1140 4120 1466 4176 necessariis
1503 4117 1693 4173 usibus
1744 4117 1937 4171 hausta
1985 4130 2126 4184 aqua

538 4228 674 4269 usus
703 4211 900 4276 fuerit,
955 4210 1123 4265 totius
1170 4208 1425 4265 sanitatis
1467 4222 1534 4261 ac
1567 4205 1787 4259 virtutis
1838 4202 2127 4258 dulcedine

541 4302 875 4375 perfruatur,
907 4308 970 4355 ut
998 4300 1093 4355 tibi
1124 4314 1341 4369 semper
1369 4295 1759 4353 sanctificatori
1788 4304 1844 4350 et
1869 4293 2129 4349 salvatori

472 4452 477 4455 Ἴ
545 4393 790 4450 omnium
818 4394 933 4448 Duo
954 4393 1156 4464 gratias
1182 4405 1344 4462 agere
1372 4398 1663 4446 mereatur.
1689 4387 1816 4444 Per.

761 4500 927 4540 SUPER
962 4499 1095 4540 VASA
1119 4499 1173 4539 1N
1200 4496 1448 4546 ANTIQUIS
1478 4495 1628 4537 LOCIS
1652 4494 1917 4534 BEPERTA.

613 4576 968 4647 Omnipotens
996 4573 1326 4645 sempiterne
1354 4572 1518 4637 Deus,
1548 4572 1725 4628 insere
1751 4579 1803 4624 te
1823 4568 2012 4625 omciis
2037 4582 2137 4622 no-

551 4669 705 4732 stris,
733 4677 787 4723 et
812 4668 929 4723 hac
950 4664 1174 4721 vascula
1204 4672 1325 4719 arte
1365 4661 1627 4717 fabricata
1657 4659 1938 4728 gentilium
1966 4656 2135 4712 subli-

551 4759 761 4814 mitatis
785 4766 888 4812 tua:
910 4756 1252 4828 potentiajita
1275 4754 1537 4808 mundare
1562 4750 1822 4821 digneris,
1870 4756 1952 4813 ut,
1983 4744 2133 4800 omni

532 4834 898 4905 ‘immunditia
922 4847 1165 4917 depulsa,
1182 4846 1292 4902 sint
1314 4844 1421 4899 tuis
1446 4842 1695 4922 fidelibus
1717 4850 1957 4909 tempore
1981 4837 2131 4907 pacis

557 4939 625 4994 ad
654 4937 760 5010 (ac)
795 4936 1183 5007 tranquilitatis
1205 4931 1426 4990 utenda.
1466 4931 1590 4985 Per.

2145 3550 2191 3613 C
2223 3565 2495 3637 primitias
2527 3573 2796 3621 creaturae
2842 3574 2947 3621 tuan
2971 3565 3151 3638 (quas)
3179 3566 3323 3622 aeris
3351 3572 3409 3622 et
3454 3566 3664 3638 pluvia
3686 3576 3810 3624 tem-

2223 3665 2540 3726 peramento
2584 3657 2795 3711 nutrire
2821 3656 3070 3728 dignatus
3116 3671 3205 3721 es,
3263 3657 3669 3714 benedictionis
3713 3667 3805 3713 tua

2223 3747 2396 3804 imbre
2427 3747 2744 3819 perfundas,
2800 3755 2855 3803 et
2886 3748 3092 3805 fructus
3148 3757 3306 3804 terrae
3348 3757 3458 3804 tua:
3485 3750 3558 3805 ad
3607 3758 3806 3804 mata...

2223 3838 2427 3893 Desinit
2449 3839 2664 3908 pagina,
2719 3848 2769 3893 et
2795 3847 3085 3909 sequuntur
3112 3838 3246 3903 alia,
3275 3839 3370 3892 sed
3404 3840 3609 3903 causa,
3661 3855 3831 3893 mas.

2224 3927 2419 3995 scripta
2444 3940 2466 3981 :
2501 3927 2739 3983 salutare
2765 3927 2951 3999 generi
2976 3929 3248 3991 humano,
3296 3938 3353 3984 et
3394 3945 3496 3999 per
3522 3930 3834 3991 invocatio-.

2228 4032 2371 4073 nem.
2401 4057 2416 4072 .
2450 4057 2466 4072 .
2497 4029 2559 4073 ut
2596 4018 2925 4089 quicumque
2951 4034 3019 4073 ex
3047 4058 3063 4073 .
3094 4058 3109 4072 .
3143 4058 3157 4073 .
3181 4019 3539 4088 sumpserint,
3574 4019 3810 4090 corporis

2227 4107 2517 4163 sanitatem
2544 4115 2600 4161 et
2621 4108 2818 4162 animae
2846 4106 3072 4162 tutelam
3102 4108 3428 4178 percipiant.

2474 4234 2792 4275 BENEDICTIO
2829 4236 2898 4274 AD
2927 4234 3088 4275 OINIA
3125 4234 3245 4284 005
3270 4235 3563 4277 VOLUBBISo

2224 4382 2225 4385 η
2304 4333 2541 4389 Benedic
2573 4333 2692 4389 Dne
2713 4333 2855 4388 hanc
2881 4341 3188 4389 creaturam
3219 4331 3501 4395 arborum.
3538 4347 3707 4403 quam
3734 4340 3809 4386 tua

2176 4418 2181 4425 ’
2230 4426 2387 4481 nobis
2409 4425 2630 4495 largitas
2662 4426 2760 4496 (te)
2800 4424 2865 4478 ad
2889 4422 3280 4493 perfruendum
3304 4422 3438 4478 dare
3462 4423 3724 4492 dignatus
3739 4436 3808 4484 es,

2232 4528 2288 4575 et
2315 4526 2510 4591 praesta
2537 4511 2957 4573 clementissime
2989 4515 3172 4581 Pater,
3229 4522 3291 4569 ut
3338 4515 3466 4569 dum
3506 4514 3707 4568 harum
3732 4527 3809 4566 ar-

2226 4612 2426 4667 borum
2481 4608 2658 4663 fructu
2699 4608 2751 4662 in
2797 4603 3020 4662 nomine
3065 4614 3272 4662 sanctae
3308 4604 3598 4659 Trinitatis
3648 4602 3810 4659 vesci.

2227 4706 2378 4765 ‘mur‘,
2405 4698 2749 4769 sempiternae
2778 4705 2882 4753 tuae
2902 4695 3280 4753 benedictione
3306 4692 3396 4765 (is)
3421 4692 3808 4764 participemus.

2238 4789 2365 4845 Per.

2167 4906 2218 4965 ο
2311 4881 2452 4935 Alia.
2484 4879 2712 4936 Creator
2734 4886 2791 4934 et
2810 4884 3162 4935 conservator
3185 4875 3408 4931 humani
3436 4873 3684 4946 generis,
3729 4872 3812 4925 da-

2244 4982 2330 5024 tor
2349 4973 2538 5024 nratiae
2567 4970 2847 5024 soiritalis.
2889 4970 3112 5024 larcitor
3130 4976 3350 5023 aeternae
3389 4966 3607 5024 salutis.
3631 4973 3689 5018 tu
3715 4962 3809 5016 Due
