3962 6326
179 237 333 307 Mil.

1414 238 1961 307 BENEDICTIONES,
1993 242 2249 300 VARUE.

3314 238 3453 298 ll“

174 349 528 422 benedictio,
580 357 638 404 et
689 348 1135 420 triumphantium
1191 348 1451 405 fortitudo
1500 351 1651 423 (252)
1704 361 1760 407 et
1786 369 1835 425 Α
1932 353 2072 408 Alia.
2107 351 2351 426 Suggero
2380 355 2476 411 tibi
2499 355 2663 412 Pater
2685 355 3029 427 omnipotens
3056 361 3268 422 {sterne
3285 352 3448 418 Deus,

173 439 422 496 caelestis
461 438 696 511 praesidii
742 441 1103 512 sperantibus,
1134 441 1187 496 in
1242 450 1295 497 te
1332 450 1561 513 prastas
1612 442 1768 499 auxi-

174 528 333 586 lium.
364 531 487 587 Per.
534 588 537 591 ,

641 640 958 682 BBNEDIC'I'IO
998 640 1144 682 ENSIS
1171 641 1316 682 NOVI.
1456 640 1466 651 ⁸
1646 669 1649 671 -

192 758 206 767 .
247 712 456 769 Exaudi
503 729 813 784 quaesumus
858 715 972 772 Dne
997 728 1190 787 preces
1217 725 1466 782 nostras,
1520 723 1576 772 et
1621 716 1783 773 hunc.

172 822 368 863 ensem
398 815 507 862 etc.
1348 794 1353 798 ’

246 899 392 952 Alia.
426 897 708 954 Famulum
738 907 885 954 tuum
911 905 1021 955 etc.

251 990 395 1044 Alia.
451 988 685 1046 Benedic
728 991 842 1046 Dne
873 1000 1059 1047 sancte
1084 992 1245 1048 Pater
1291 993 1633 1064 omnipotens
1660 1000 1767 1049 etc.

176 1076 330 1132 Tum:
387 1088 667 1134 curuantur
718 1081 835 1135 ista:
893 1081 1195 1153 antiphonar
1227 1100 1246 1139 :
1313 1082 1604 1154 Speciosus
1652 1082 1767 1140 for-

172 1184 268 1223 una
301 1178 409 1226 εις.
1081 1228 1091 1236 .

775 1260 907 1318 Item
950 1261 1137 1318 Oratio
1163 1277 1190 1315 :~

246 1346 606 1419 Omnipotens
648 1350 977 1421 sempiterne
999 1351 1161 1418 Deus,
1208 1352 1300 1423 qui
1331 1349 1590 1408 famulum
1618 1361 1768 1408 tuum

170 1436 241 1492 N.
277 1447 385 1495 etc.

629 1543 949 1584 BENEDICTIO
976 1545 1098 1585 NOV!
1130 1545 1319 1586 PUTEI.

180 1666 189 1673 .
244 1623 363 1677 Due
390 1622 533 1677 Deus
574 1622 942 1691 omnipotens,
992 1623 1084 1694 qui
1118 1623 1172 1677 in
1202 1621 1361 1692 hujus
1402 1623 1547 1694 putei
1581 1623 1769 1679 altitu-

1868 442 1960 512 qui
1986 442 2181 499 calum
2213 452 2522 515 terramque
2549 444 2819 511 fundasti,
2869 460 3022 500 mare
3050 442 3314 499 limitibus
3342 441 3453 498 for-

1778 579 1784 587 .
1869 534 2050 600 masti,
2089 542 2147 591 et
2193 534 2367 606 ipsum
2398 536 2595 594 ctelum
2627 536 2936 603 fabricasti,
2966 544 3039 595 ,ct
3075 550 3271 606 magna
3292 533 3454 590 lumi-

1870 623 2021 678 naria
2056 624 2315 689 videlicet,
2330 624 2497 682 solem
2539 636 2594 682 et
2614 626 2798 685 lunam
2829 640 2993 698 super
3024 625 3203 696 iustos
3218 633 3277 681 et
3308 623 3451 694 inju-

1868 724 1982 769 stos
2006 714 2439 786 fulgerejussisti
2467 735 2480 771 :
2519 717 2605 773 fac
2637 717 2751 774 Dne
2775 715 2990 789 signum
3023 716 3153 781 tale,
3193 723 3257 784 ut,
3276 714 3454 771 omnis

1870 807 2103 862 mundus
2123 808 2409 877 omnisque
2438 815 2581 863 terra
2623 807 2912 878 intelligat,
2961 807 3086 878 quia
3111 816 3185 865 tu,
3207 819 3267 862 es
3289 804 3455 869 Deus,

1869 895 1960 964 qui
1988 894 2122 951 facis
2152 896 2421 953 mirabilia
2472 913 2666 970 magna
2712 897 2881 965 solus,
2930 898 3045 953 Dne
3087 895 3214 952 Iesu
3238 894 3457 951 Christe

1868 986 1969 1042 Fili
1999 986 2093 1042 Dei
2117 987 2226 1047 vivi
2258 1007 2272 1044 :
2305 997 2365 1045 ut
2389 990 2482 1061 qui
2508 1005 2615 1049 .res
2637 990 2750 1061 jam
2772 989 2971 1067 dictas,
3030 1003 3152 1059 qua:
3174 986 3458 1043 continen-

1870 1084 1961 1133 tur
1984 1077 2326 1149 subscriptat,
2381 1089 2438 1135 et
2464 1080 2555 1150 qui
2583 1094 2652 1136 ex
2676 1080 2764 1138 his
2792 1078 3000 1135 conscii
3042 1086 3097 1133 et
3117 1075 3457 1133 conscientes

1868 1183 1990 1226 esse
2025 1170 2302 1237 videntur,
2333 1180 2395 1227 ut
2445 1171 2582 1244 gulae
2606 1181 2663 1228 et
2690 1172 2890 1243 lingua:
2919 1170 3006 1226 vel
3037 1169 3219 1229 fauces
3265 1181 3455 1222 eorum

1871 1259 1944 1315 ita
1969 1258 2440 1319 ﬁant‘constrictae
2459 1270 2516 1318 et
2537 1261 2809 1334 obligatae,
2838 1270 2899 1318 ut
2920 1275 3138 1319 caseum
3163 1260 3325 1316 istum
3348 1272 3457 1313 non

1869 1353 2080 1423 possint
2102 1354 2455 1410 manducare.
2478 1353 2604 1409 Per.
2673 1382 2678 1387 -

2366 1461 2664 1503 LDIURATIO
2694 1461 2955 1503 νιιιοῐιυιι.

1882 1576 1887 1579 -
1942 1533 2045 1588 llic
2079 1534 2347 1590 dividatur
2382 1537 2537 1607 panis
2575 1546 2624 1590 et
2669 1551 2853 1591 caseus
2886 1535 3165 1607 unicuique
3191 1549 3458 1589 autumen-

1872 1626 2005 1680 tium
2039 1626 2197 1681 uncia
2235 1626 2479 1683 dimidia.

170 1674 323 1769 diu—er
476 1674 1178 1782 rerepiditie—m-listulaﬁru—m
1803 1716 1844 1774 Β
2236 1674 2638 1773 vosfratresin
2667 1718 2888 1774 nomine
2903 1674 3115 1773 Domini
3144 1716 3272 1777 Iesu
3299 1716 3459 1772 Chri-

170 1820 432 1861 emanare
473 1804 709 1876 iussisti,
743 1813 965 1875 prmsta,
1011 1813 1071 1859 ut
1098 1814 1150 1860 te
1168 1804 1392 1875 jubente
1417 1815 1580 1877 atque
1604 1807 1767 1862 bene-

170 1897 389 1951 dicente
417 1912 516 1966 per
544 1904 745 1952 nostra:
779 1895 1013 1952 cilicium
1042 1895 1335 1955 functionis
1368 1899 1597 1969 repulsis
1639 1899 1767 1954 hinc

170 1986 571 2042 fantasmaticis
606 1986 998 2042 calliditalibus
1023 1996 1186 2058 atque
1220 1989 1434 2045 insidiis
1484 1989 1765 2046 diabolicis

164 2076 486 2146 puriﬁcatns
532 2085 694 2147 atque
723 2077 1015 2134 mundatus
1047 2078 1138 2135 hic
1178 2088 1375 2151 puteus
1401 2093 1616 2152 semper
1640 2095 1768 2152 per-

156 2182 296 2224 seve
305 2178 402 2222 ret.
439 2167 564 2223 Per.
727 2240 735 2251 θ

515 2256 700 2314 Oratio
727 2248 1157 2332 ubiﬁnegligentia
1185 2263 1420 2335 contigit.

238 2351 355 2406 Due
390 2359 578 2407 sancte
625 2351 788 2407 Pater
819 2354 1163 2424 omnipotens
1204 2363 1407 2411 aeterne
1456 2356 1617 2422 Deus,
1669 2356 1761 2426 qui

157 2458 266 2513 per
288 2443 677 2498 invisibilitatis
704 2444 1002 2514 potentiam
1035 2445 1133 2501 has
1161 2460 1329 2515 aquas
1355 2447 1595 2502 visibiles
1619 2463 1760 2519 prte-

157 2535 355 2602 llUlSll,
389 2544 440 2591 te
489 2537 564 2591 tui
615 2535 801 2591 famuli
831 2537 1101 2608 supplices
1129 2553 1439 2604 exoramus,
1488 2548 1546 2594 ut
1590 2555 1763 2611 aquas

157 2624 288 2689 has,
316 2640 452 2695 quas
476 2624 799 2697 negligentia
834 2626 1023 2698 polluit
1047 2667 1063 2691 ,
1093 2628 1270 2683 sancti
1320 2628 1559 2698 Spiritus
1587 2631 1763 2701 gratia

158 2718 236 2771 ad
277 2716 598 2772 munditiam
650 2726 865 2773 revocet
920 2727 1083 2789 atque
1112 2718 1379 2788 puriﬂcet,
1429 2729 1489 2775 ut
1539 2722 1763 2792 spiritus

156 2806 346 2863 callidi
383 2807 557 2862 hostis
584 2808 875 2875 abscedat,
909 2824 972 2864 ac
999 2809 1256 2881 deinceps
1287 2811 1653 2869 sanetilicatas
1682 2812 1763 2868 fa-

155 2896 331 2953 miliae
353 2906 459 2953 tuae
486 2899 751 2969 potabiles
781 2900 1018 2966 tribuas,
1046 2909 1106 2955 ut
1131 2909 1188 2957 et
1212 2902 1512 2971 potentium
1536 2905 1762 2959 mundet

161 2989 275 3061 (ut)
306 3003 536 3058 corpora
559 2989 832 3058 cordaque
853 2989 1213 3046 sanctiﬁcent.
1252 2990 1378 3047 Per.

433 3094 632 3135 ORATIO
665 3096 734 3136 ΑΙ)
760 3097 1008 3137 ιυυιαιωι
1036 3098 1188 3138 PANIS
1222 3098 1291 3138 ΕΤ
1314 3099 1487 3139 CASSI.

176 3236 181 3243 .
232 3168 381 3238 Ayos
410 3185 540 3240 ayos
560 3185 692 3242 ayos
721 3172 917 3243 (agios)
947 3182 1138 3229 sancte
1163 3173 1350 3237 Pater,
1397 3175 1490 3245 qui
1527 3189 1589 3230 es
1617 3175 1754 3230 invi-
1808 3190 1818 3203 '

158 3258 342 3315 sibilis
366 3270 567 3315 aeterne
596 3261 738 3317 Deus
781 3262 1024 3317 omnium
1058 3278 1242 3332 rerum
1271 3275 1504 3331 creator,
1534 3267 1624 3335 qui
1665 3282 1758 3320 ar-

158 3363 303 3405 cana
331 3349 383 3419 q’
411 3350 719 3420 prospicis”
756 3359 812 3406 et
840 3360 1036 3406 cuncta
1076 3354 1384 3421 cognoscis,
1421 3354 1512 3423 qui
1545 3364 1754 3409 scruta—

161 3438 244 3501 ris
281 3441 447 3495 corda
474 3455 740 3510 renesque
767 3440 931 3495 Deus.
964 3440 1107 3496 Deus
1142 3443 1235 3511 qui
1262 3443 1506 3497 lihcrasti
1539 3442 1757 3512 Moysen

158 3537 219 3582 et
244 3528 425 3583 Aaron
471 3530 537 3584 de
563 3537 709 3584 terra
731 3528 971 3602 tEgypti,
1018 3531 1184 3585 David
1215 3531 1348 3586 Saul
1384 3534 1539 3602 regis,
1564 3531 1758 3587 Ionam

161 3617 230 3674 de
251 3630 440 3673 ventre
464 3620 589 3685 ceti,
630 3619 852 3676 Petrum
889 3620 956 3675 de
980 3620 1254 3687 fluctibus,
1300 3610 1620 3678 Paulum‘de
1643 3623 1761 3676 vin-

162 3708 322 3775 culis,
368 3705 621 3764 Theclam
672 3711 739 3764 de
771 3710 984 3775 bestiis,
1040 3711 1347 3766 Susannam
1389 3713 1455 3769 de
1494 3710 1628 3767 falso
1654 3711 1759 3767 eri-

160 3798 330 3861 mine,
378 3806 487 3854 tres
517 3814 716 3868 pueros
743 3799 810 3854 de
833 3799 1051 3854 camino
1082 3800 1219 3870 ignis
1250 3800 1513 3865 ardentis,
1564 3801 1757 3855 Danie-

160 3884 269 3939 lem
300 3886 366 3941 de
392 3884 512 3941 lacu
539 3885 776 3952 leonum,
816 3886 1175 3958 paralyticum
1222 3889 1288 3944 de
1326 3890 1613 3960 grahbato,
1650 3888 1756 3943 La-

162 3990 352 4030 zarum
386 3968 455 4031 de
486 3986 876 4043 monumento;
922 3978 1150 4035 ostende
1178 3994 1322 4036 nunc
1356 3980 1512 4036 nobis
1548 3980 1760 4036 miseri-

160 4066 406 4123 cordiam
431 4076 600 4133 tuam,
631 4076 693 4123 ut
719 4069 810 4137 qui
840 4069 956 4124 haec
993 4069 1137 4124 furta
1156 4110 1171 4135 ,
1201 4085 1323 4140 qum
1344 4070 1433 4125 hic
1454 4070 1755 4126 subnotan-

164 4170 277 4224 tur,
322 4159 658 4224 admiserint,
702 4161 860 4231 panis
914 4160 998 4216 vel
1050 4176 1244 4217 caseus
1283 4162 1386 4217 iste
1434 4161 1622 4220 fauces
1657 4177 1758 4218 nec

160 4260 381 4322 guttura
402 4265 589 4307 eorum
629 4251 857 4306 transire
879 4251 1110 4321 possint.
1138 4251 1265 4308 Per.

638 4341 984 4397 Exorcismus
1023 4342 1278 4412 ejusdem.

232 4432 499 4487 Exorcizo
522 4444 574 4487 te
603 4432 890 4489 maledicte
921 4443 973 4487 et
1018 4434 1446 4490 immundissime
1482 4433 1651 4491 draco
1700 4444 1756 4491 et

155 4539 388 4594 serpens
415 4525 625 4589 noxius,
655 4538 753 4594 per
776 4523 997 4580 verbum
1033 4525 1299 4590 veritatis.
1346 4540 1443 4594 per
1472 4525 1608 4580 Dnm
1637 4541 1754 4581 om-

156 4616 603 4687 nipotentemet
625 4612 810 4669 Iesum
858 4613 1132 4670 Christum
1183 4614 1523 4671 Nazarenum
1550 4631 1750 4688 agnum

157 4704 569 4761 immaculatum
603 4703 670 4758 de
701 4703 983 4759 altissimis
1020 4705 1269 4771 missum,
1294 4706 1363 4761 de
1389 4704 1594 4777 Spiritu
1617 4721 1748 4761 san-

156 4805 252 4851 cto
270 4793 613 4864 conceptum,
648 4808 715 4848 ex
751 4794 918 4849 Maria
945 4796 1155 4867 virgine
1200 4804 1404 4859 natum,
1449 4811 1610 4865 quem
1641 4795 1752 4851 Ca-

157 4885 303 4942 bricl
327 4887 551 4954 angelus
599 4885 941 4940 annnntiavit
972 4896 1283 4951 venturum,
1312 4901 1475 4956 quem
1513 4902 1636 4942 cum
1664 4887 1748 4942 vi-

157 4976 337 5031 disset
388 4974 663 5031 Iohannes
718 4975 972 5029 clamavit
1000 4990 1130 5030 voce
1172 4991 1364 5048 magna
1393 4977 1580 5032 dicens
1613 4995 1627 5031 :
1662 4976 1752 5032 hic

159 5072 249 5119 est
280 5063 451 5118 Filius
481 5063 575 5119 Dei
620 5064 765 5117 vivi:
799 5075 856 5118 et
892 5063 952 5132 (ι.
985 5064 1065 5132 ιιι)
1113 5064 1260 5117 ηιιΙΙο
1308 5064 1466 5119 mulo
1505 5065 1750 5119 dimittas

155 5153 570 5213 communicare
614 5167 750 5222 pane
808 5152 894 5207 vel
945 5167 1106 5206 caseo
1150 5151 1256 5207 isto
1310 5167 1405 5208 eos
1429 5192 1459 5223 ,ἴ
1497 5152 1588 5222 qui
1635 5151 1751 5209 haec

159 5243 310 5301 furtu
339 5283 356 5307 ,
392 5258 553 5313 ._qute
597 5242 794 5298 litteris
847 5243 1261 5310 annotavimus,
1314 5243 1649 5309 admiserint,
1693 5250 1750 5299 et

159 5332 303 5404 (qui)
332 5331 399 5386 de
425 5332 529 5395 hoc
556 5332 788 5388 crimine
818 5332 986 5388 nescii
1009 5340 1136 5387 sunt
1162 5332 1531 5399 manducent,
1562 5344 1618 5389 et
1655 5333 1750 5405 qui

161 5422 370 5478 conscii
407 5437 531 5479 csse
572 5421 853 5489 videntur,
895 5422 1079 5478 statim
1112 5422 1448 5479 tremebundi
1475 5432 1745 5480 cvoment.

159 5511 291 5571 Per.

235 5621 386 5695 (252)
416 5622 709 5697 Sequentia
732 5626 899 5684 habss
927 5643 1085 5700 supra
1115 5629 1219 5687 col.
1258 5629 1408 5689 Ilii.

1868 1805 1938 1863 sti
1968 1804 2264 1872 Nazareni,
2325 1814 2386 1862 ut
2413 1808 2460 1863 si
2492 1808 2616 1877 quis
2648 1808 2782 1865 istos
2807 1824 2874 1864 ex
2909 1809 3064 1866 vobis
3112 1823 3199 1864 res
3247 1808 3458 1863 furatus

1864 1905 1977 1960 est.
2005 1907 2101 1953 aut
2126 1897 2311 1969 aliquo
2340 1898 2502 1955 modo
2531 1898 2770 1969 pollutus
2817 1909 2920 1964 est,
2957 1898 3216 1970 procedat
3261 1898 3316 1952 in
3347 1911 3462 1952 me-

1864 1985 2037 2053 dium,
2066 1995 2123 2042 et
2153 1986 2479 2057 profiteatur
2507 2004 2691 2046 coram
2720 1998 2908 2045 sancto
2938 1989 3131 2054 altari,
3159 1998 3214 2043 et
3243 1986 3461 2042 satisfa-

1863 2078 1990 2133 ciat.
2024 2077 2119 2134 Sin
2150 2087 2332 2136 autem
2359 2080 2615 2148 noluerit,
2659 2081 2754 2137 sed
2777 2081 3088 2152 arrogantia
3145 2079 3364 2134 timidus
3394 2076 3457 2146 (I.

1786 2236 1791 2243 ρ
1865 2168 2125 2239 tumidus)
2164 2169 2744 2241 introieritjudicium,
2794 2166 2994 2237 sentiat
3022 2181 3274 2240 magnum
3316 2164 3462 2236 judi-

1863 2274 1980 2315 cem
2011 2274 2133 2315 esse
2160 2258 2345 2316 Iesum
2397 2260 2493 2331 (sc.
2522 2259 2707 2329 Iosue)
2735 2274 2898 2330 super
2934 2275 3013 2324 se,
3068 2259 3160 2329 qui
3185 2256 3460 2328 quondam

1862 2348 2116 2420 cupidum
2169 2350 2236 2405 de
2283 2350 2473 2420 spoliis
2530 2350 2733 2405 victum
2780 2348 3094 2412 interemit,
3128 2347 3358 2416 stringat
3403 2359 3461 2414 et

1863 2440 2050 2497 fauces
2077 2442 2196 2512 ejus
2235 2440 2485 2499 Heliseus
2512 2441 2780 2513 pr0pheta
2830 2440 2922 2511 qui
2973 2441 3046 2495 mi
3108 2439 3171 2508 (1⁵.
3197 2438 3456 2506 ministri)

1864 2534 2069 2589 furtum
2093 2528 2479 2603 deprehendit,
2509 2533 2720 2605 gladius
2746 2532 2894 2588 Petri
2922 2532 3027 2601 apli
3054 2537 3194 2585 astet
3219 2528 3458 2583 animam

1863 2625 2089 2680 Ananiw
2135 2639 2200 2680 ac
2255 2624 2503 2694 Saphira:
2524 2625 2847 2685 verberans.
2890 2621 3012 2678 Ideo
3061 2633 3366 2683 ammoneo,
3400 2625 3460 2671 ut

1863 2717 2004 2772 detis
2031 2715 2260 2786 gloriam
2291 2716 2400 2773 Deo
2420 2757 2436 2782 ,
2467 2724 2523 2772 et
2549 2713 2917 2772 confiteamini
2950 2712 3025 2768 illi
3073 2726 3140 2767 ne
3174 2709 3458 2765 introeatis

1864 2808 1918 2864 in
1949 2808 2327 2865 tentationem.
2700 2850 2703 2855 .
3250 2854 3253 2857 .

1933 2900 2235 2969 Adjuratio.
2268 2898 2472 2968 Adiuro
2501 2907 2554 2954 te
2585 2896 2977 2967 immanissime
3005 2893 3193 2964 draco,
3224 2904 3451 2958 serpens

1863 2993 2104 3061 antique,
2147 3006 2243 3061 per
2263 2992 2511 3047 verbum.
2540 2989 2784 3046 veritatis
2822 2996 2880 3043 et
2926 2974 3140 3056 signum
3194 2980 3459 3038 claritatis

1787 3070 1832 3132 C
1865 3081 1966 3137 Dni
1998 3082 2080 3136 nri
2107 3080 2236 3136 Iesu
2283 3080 2483 3136 Christi
2528 3079 2653 3149 agni
2702 3075 3034 3133 immaculati
3082 3074 3151 3130 de
3178 3070 3459 3131 altissimis

1864 3174 2156 3245 procreati,
2190 3181 2249 3226 ut
2279 3172 2424 3226 nulla
2455 3179 2543 3225 tua
2573 3168 3048 3238 arteimpediatur,
3077 3166 3181 3233 sed,
3195 3163 3456 3233 judicium

1863 3273 2071 3319 rectum
2100 3263 2194 3318 Dei
2220 3262 2437 3317 existat.
2486 3261 2555 3315 Et
2591 3260 2684 3331 qui
2714 3260 2780 3314 de
2807 3259 2911 3331 hoc
2936 3257 3081 3312 furto
3107 3254 3459 3311 consentiens

1861 3345 2046 3412 fuerii.
2068 3352 2333 3422 judicium
2360 3351 2453 3407 Dei
2478 3357 2729 3422 spumato
2749 3363 2845 3405 ore
2871 3355 2927 3403 et
2961 3343 3303 3417 strangulata
3330 3351 3457 3414 gut-

1862 3452 1984 3499 ture
2029 3443 2323 3513 patefaciat
2375 3443 2468 3513 qui
2524 3441 2836 3511 aequitatem
2890 3438 3090 3510 (diligit
3144 3433 3349 3504 emiss.)
3401 3434 3457 3490 i-n

1859 3533 2006 3589 omni
2031 3543 2294 3603 tempore,
2338 3532 2430 3602 qui
2461 3530 2783 3586 benedictus
2821 3529 2875 3584 in
2909 3526 3091 3584 secula
3121 3524 3450 3580 seculorum.

1859 3626 2053 3680 Amen.
3010 3626 3023 3635 ·

1935 3715 2160 3782 Quando
2183 3715 2237 3768 in
2260 3731 2316 3770 os
2341 3715 2594 3769 sumentis
2624 3713 2874 3777 mittitur,
2898 3710 3112 3764 dicatur
3140 3707 3268 3761 lure.
3317 3702 3456 3759 Con-

1853 3806 1980 3876 jnro
2011 3814 2063 3859 te
2092 3819 2125 3858 o
2152 3804 2317 3858 homo
2358 3819 2454 3874 per
2488 3802 2705 3858 Patrem
2742 3810 2800 3857 et
2844 3799 3043 3854 Filium
3096 3804 3152 3851 et
3182 3793 3448 3865 Spiritum

1858 3904 2125 3958 sanctum,
2159 3910 2257 3964 per
2279 3895 2617 3949 tremendum
2661 3891 2851 3962 judicii
2880 3889 3045 3953 diem,
3074 3900 3176 3957 per
3213 3893 3449 3954 quatuor

1857 3970 2253 4055 Evangelistas,
2283 3998 2380 4054 per
2419 3981 2703 4039 duodecim
2739 3979 2926 4049 Aplos,
2965 3977 3198 4034 sedecim
3220 3973 3454 4044 prophe-

1859 4085 1965 4142 tas,
1998 4090 2096 4146 per
2131 4075 2319 4145 viginti
2349 4083 2586 4145 quatuor
2625 4073 2870 4129 seniores
2899 4069 2993 4140 qui
3035 4066 3280 4139 quotidie
3319 4079 3446 4120 cum

1857 4166 2108 4221 laudibus
2147 4164 2316 4219 Deum
2361 4164 2622 4229 adorant;
2668 4176 2781 4232 per
2812 4159 2964 4215 illum
3013 4156 3448 4224 redemptorem,

1858 4258 1951 4329 qui
1977 4272 2077 4328 pro
2103 4257 2304 4313 nostris
2334 4256 2573 4325 peccatis
2598 4253 2759 4326 (mori
2781 4250 2982 4321 emiss.)
3000 4249 3053 4303 in
3075 4254 3264 4303 sancta
3289 4256 3451 4299 cruce

1862 4349 2111 4417 dignatus
2131 4356 2232 4409 est,
2282 4347 2327 4400 si
2351 4347 2417 4401 dc
2452 4347 2554 4401 hoc
2589 4345 2782 4409 furto,
2818 4343 2943 4397 inde
2969 4339 3031 4410 (ι.
3062 4338 3225 4407 unde)
3264 4334 3445 4391 mode—

1861 4437 2001 4491 ratio
2027 4436 2092 4503 (Ῑ.
2121 4434 2282 4490 modo
2310 4436 2468 4504 ratio)
2494 4434 2690 4505 agitur,
2718 4430 3002 4501 culpabilis
3029 4444 3090 4484 es
3115 4426 3203 4482 vel
3224 4426 3448 4488 mixtus,

1861 4536 1957 4582 aut
1982 4526 2178 4592 fecisti,
2211 4534 2302 4579 aut
2350 4525 2525 4586 scisti,
2557 4519 2940 4583 autbaiolasti,
2975 4525 3070 4572 aut
3096 4514 3447 4577 consensisti,

1860 4618 1965 4672 hoc
1996 4615 2091 4670 tibi
2120 4615 2429 4669 ordinatum
2458 4613 2531 4667 sit
2565 4612 2631 4666 de
2676 4624 2839 4664 manu
2868 4607 2989 4672 Dei,
3040 4614 3099 4660 ut
3121 4618 3314 4676 panem
3363 4604 3448 4658 vel

1857 4719 2074 4760 caseum
2102 4703 2264 4758 istum
2289 4717 2395 4755 non
2434 4700 2612 4770 possis
2640 4698 2970 4753 manducare
3014 4695 3116 4750 nisi
3150 4708 3273 4750 cum
3319 4692 3447 4749 llato

1854 4809 1950 4851 ore
1975 4809 2098 4850 cum
2129 4808 2320 4863 spuma
2344 4801 2399 4848 et
2420 4791 2621 4863 gemitu
2664 4797 2721 4843 et
2758 4787 2945 4844 dolore
2980 4796 3037 4842 et
3086 4786 3345 4850 lacrimis,
3389 4795 3451 4843 et

1858 4885 2103 4941 faucibus
2131 4884 2238 4940 tuis
2264 4881 2576 4938 constrictis
2597 4887 2652 4935 et
2677 4879 2946 4952 obligatis.
2992 4879 3096 4939 Per
3119 4876 3383 4936 eundema

2247 4975 2429 5029 Primo
2453 5013 2467 5027 .
2497 5012 2512 5028 .
2555 5012 2570 5028 .
2602 4973 2702 5027 ista
2728 4973 3047 5043 conjuratio.

1927 5067 2070 5122 Deus
2100 5065 2412 5138 angelorum
2439 5073 2495 5119 et
2540 5063 3009 5135 archangelorum,
3041 5060 3444 5130 Deusprophe-

1858 5167 2035 5213 tarum
2060 5164 2115 5212 et
2136 5156 2592 5226 patriarcharum,
2637 5153 2797 5215 Deus;
2816 5152 3178 5225 apostolorum
3209 5158 3264 5213 et
3289 5150 3439 5209 mar-'-

1856 5261 2060 5324 tyrum,
2104 5248 2251 5308 Deus
2293 5247 2663 5305 confessorum
2693 5255 2757 5305 et
2775 5246 3076 5317 virginum,
3104 5244 3246 5301 Deus
3284 5250 3441 5313 pater

1853 5343 1956 5398 Dni
1981 5341 2064 5397 nri
2087 5340 2210 5397 Iesu
2241 5340 2476 5405 Christi,
2502 5340 2593 5411 qui
2622 5340 2676 5396 in
2700 5334 3143 5395 mundi'exordio
3164 5335 3438 5398 hominem

1855 5434 1923 5490 ad
1952 5431 2357 5489 similitudinem
2403 5442 2549 5494 tuam
2584 5430 2808 5504 propria
2860 5428 3138 5490 voluntate
3166 5424 3436 5489 formasti.

1852 5537 2293 5600 praeceptumque
2328 5526 2376 5583 ei
2404 5525 2595 5585 dedisti
2616 5514 2651 5592 ,“
2686 5532 2753 5583 ut.
2775 5523 2999 5580 vetitum
3050 5536 3156 5579 non
3180 5526 3439 5591 tangeret
