3962 5386
1870 216 1931 225 *-

542 282 685 346 ωε

1430 257 1719 335 ᾹΡΡΕΝυ.
1761 281 1852 334 AD
1888 279 2061 333 sec.
2093 279 2266 348 ,x.—
2307 266 2740 336 MONUMENTA
2776 260 3066 339 urnae:

3673 278 3789 331 ll“

539 407 756 467 pomum
788 387 922 462 qw'(
951 431 963 444 .
996 430 1005 442 .
1039 429 1051 442 .
1087 388 1556 460 )transgressmuc
1586 389 1783 442 multos
1812 387 1908 441 luit
1946 402 2118 442 annos
2146 396 2192 451 Α
2221 396 2334 440 mat
2369 396 2427 442 et
2454 387 2606 442 lzetus
2631 389 2883 444 abscedat
2915 408 2927 443 :
2982 388 3104 458 quia
3136 397 3187 442 tu
3219 387 3328 441 Due
3342 385 3519 454 judex
3545 401 3606 440 es
3640 387 3798 456 justi,

544 497 815 554 quamque
850 483 1107 536 immensa
1137 480 1480 551 propitiaque
1528 489 1617 534 tua
1647 480 1902 533 divinitas
1939 479 1992 532 in
2024 480 2122 533 bo-

545 575 696 632 mine
747 579 987 626 assumto
1037 569 1160 626 tulit
1203 584 1234 623 e
1272 569 1486 626 vinculo
1539 583 1754 623 servum
1786 569 2126 636 restituitque

544 679 715 736 genus
745 663 1032 718 humanum
1064 670 1319 736 perpetua
1372 661 1656 718 clementia
1695 674 1880 731 regno,
1913 660 2125 715 inclina

544 734 612 808 ad
644 768 856 823 precem
889 734 1457 806 humilitatis'nostraa
1495 759 1548 805 et
1597 753 1821 805 ostende
1867 751 1922 805 in
1973 751 2130 806 nobis

543 841 966 897 misericordiam
1001 850 1167 905 tuam,
1199 850 1260 895 ut
1287 842 1377 909 qui
1406 850 1594 895 contra
1623 848 1947 908 praeceptum
1980 849 2132 894 tuum

544 941 600 987 et
627 931 883 987 adversus
909 931 1154 993 instituta
1179 931 1369 1001 legalia
1397 941 1452 986 et
1478 931 1782 1001 evangeliea
1808 938 1864 985 et
1889 945 1986 999 per
2008 944 2132 998 apo.

546 1020 735 1076 stoliea
781 1021 985 1075 furtum
1041 1030 1358 1090 perpetrare
1400 1035 1507 1074 non
1558 1028 1826 1085 metuunt,
1876 1020 2131 1074 virtutem

551 1121 700 1164 tuam
727 1111 768 1179 -ι-
800 1125 896 1178 per
936 1112 1075 1165 banc
1120 1119 1426 1173 creaturam
1455 1109 1612 1178 panis
1648 1115 1702 1162 rt
1731 1110 1869 1164 casei
1900 1109 2137 1163 sentiant

553 1202 862 1266 advenisse,
911 1209 970 1254 ut
995 1203 1038 1256 si
1086 1202 1210 1270 quis
1257 1201 1324 1255 de
1361 1201 1467 1264 bis,
1520 1216 1748 1269 quorum
1782 1201 1995 1266 nomina
2047 1201 2136 1256 hic

553 1303 742 1348 tenent
786 1291 1080 1356 coinserta,
1133 1291 1249 1345 sive
1277 1292 1344 1348 de
1389 1291 1472 1345 his
1503 1292 1682 1352 rebus,
1721 1306 1841 1361 qua:
1872 1292 1927 1345 in
1955 1292 2135 1345 brevi-

548 1382 670 1435 culo
693 1389 972 1444 tenentur,
1008 1381 1212 1450 aliquid
1261 1379 1472 1436 furatus
1507 1391 1614 1446 est,
1668 1391 1761 1435 aut
1791 1382 2140 1436 consentiens

552 1471 672 1532 fuit.
695 1481 792 1526 aut
815 1471 1056 1541 quolibet
1104 1471 1264 1526 modo
1285 1473 1602 1534 commixtu,
1639 1481 1732 1525 aut
1756 1472 1803 1526 si
1830 1472 2056 1526 reddere
2085 1472 2138 1526 in

549 1561 804 1629 praesenti
834 1562 918 1620 vel
956 1561 1202 1625 confiteri
1228 1562 1463 1618 noluerit
1510 1577 1694 1616 coram
1735 1562 2007 1625 omnibus,
2040 1575 2138 1630 pa-

549 1651 639 1706 nis
668 1651 748 1707 vel
779 1653 922 1707 casei
949 1653 1108 1708 istius
1142 1662 1352 1722 partem
1405 1653 1587 1706 datam
1639 1651 1987 1721 transglutire
2033 1665 2140 1705 non

2226 487 2282 532 et
2317 493 2498 542 verus,
2527 489 2776 535 scrutans
2803 496 2962 535 renes
2987 490 3043 534 et
3071 479 3234 535 corda
3252 520 3266 542 ,
3300 487 3356 534 et
3380 487 3436 532 tu
3465 475 3618 531 solus
3645 479 3797 532 sciens

2228 570 2581 638 cogitationes
2601 571 2899 626 hominum.
2931 571 3008 626 Ne
3028 572 3446 642 perdasjustum
3476 585 3608 625 cum
3636 569 3796 638 impio.

2229 662 2324 715 sed
2354 661 2660 730 aequitatem
2693 663 3081 720 misericordiae
3125 671 3228 717 tua:
3261 661 3316 715 iu
3351 661 3462 714 illis
3489 660 3729 722 ostende,
3755 669 3802 711 ut

2231 750 2501 828 quomodo
2525 751 2577 804 in
2606 765 2744 820 aqua
2776 752 3165 807 benedictionis
3190 758 3244 806 et
3275 746 3678 803 maledictionis
3719 763 3801 816 pu-

2232 840 2470 897 dicitiam
2503 851 2556 896 et
2582 850 2764 913 typum
2792 842 3079 897 deerevisti
3104 842 3273 896 veteri
3292 840 3578 911 quondam
3610 838 3659 890 in
3688 837 3803 907 lege,

2234 933 2307 986 ita
2336 949 2551 1003 quoque
2580 935 2782 990 nostris
2814 935 3144 1004 temporibus
3169 934 3223 988 in
3253 933 3355 986 hac
3382 946 3537 985 nunc
3569 938 3656 981 tua
3679 945 3805 983 crea-

2237 1029 2356 1074 tura
2385 1035 2614 1090 operare
2661 1023 2941 1085 miracula,
2983 1033 3040 1077 ut
3084 1035 3274 1078 omnes
3305 1020 3447 1076 fines
3480 1028 3644 1072 terra:
3678 1018 3806 1072 time-

2237 1112 2580 1182 rentjudicia
2610 1122 2723 1181 tua,
2774 1116 2900 1185 quia
2929 1125 2983 1170 tu
3019 1129 3079 1170 es
3105 1114 3248 1168 Deus
3287 1110 3622 1167 benedictus
3645 1109 3693 1161 in
3735 1123 3804 1162 se-

2237 1202 2356 1256 cula
2381 1203 2708 1259 seculorum.
2740 1205 2938 1261 Amen.

2771 1294 2904 1350 Item
2945 1297 3284 1351 exorcisnms.
3625 1369 3628 1372 ἢ

2313 1384 2582 1440 Exoreizo
2621 1395 2673 1440 te
2714 1397 2964 1443 creatura
3011 1389 3166 1459 panis
3203 1397 3260 1443 et
3300 1387 3472 1453 casei,
3522 1400 3623 1457 per
3669 1387 3807 1441 Deum

2241 1478 2690 1546 omnipotentem,
2714 1492 2768 1534 et
2792 1480 2978 1536 Jesum
3008 1482 3284 1537 Christum
3303 1482 3510 1536 Filium
3526 1481 3644 1548 ejus
3664 1480 3811 1535 Dnum

2242 1583 2400 1622 nrum
2426 1580 2483 1624 et
2505 1569 2768 1640 Spiritum
2809 1582 3057 1628 sanctum
3098 1574 3492 1644 procedentem
3533 1589 3565 1627 a
3592 1571 3738 1628 Patre
3769 1583 3811 1632 et

2244 1656 2382 1712 Filio
2409 1674 2573 1714 unum
2619 1660 2792 1716 Deum
2832 1663 2885 1718 in
2915 1662 3199 1728 Trinitate,
3228 1663 3471 1732 judicem
3497 1664 3736 1716 vivorum
3762 1677 3812 1716 ac

554 1741 750 1809 possit,
780 1742 876 1798 sed
901 1751 1149 1812 spumatu
1197 1756 1294 1797 ore
1331 1758 1396 1797 ac
1425 1753 1584 1810 sputo
1640 1742 1902 1812 sanguine
1955 1742 2149 1806 mixto,
2179 1749 2226 1807 Β
2255 1756 2613 1803 mortuorum.
2631 1750 2836 1822 Adjuro
2861 1764 2912 1808 te
2931 1769 3027 1822 per
3045 1762 3261 1808 sanctos
3286 1754 3519 1823 angelos
3543 1751 3658 1820 ejus
3679 1762 3813 1822 atque

553 1833 907 1904 faucibusque
929 1834 1239 1891 constrictis
1265 1835 1582 1890 convinclus
1621 1843 1921 1905 appareat:
1954 1843 2010 1889 et
2052 1835 2146 1903 qui

555 1926 819 1985 innocens
843 1936 897 1983 et
925 1926 1122 1982 illaesus
1161 1937 1270 1989 est,
1325 1942 1445 1980 cum
1472 1927 1771 1994 gratiarum
1820 1925 2034 1980 actione
2063 1939 2151 1978 su-

2253 1851 2352 1907 per
2394 1854 2610 1895 omnem
2656 1843 2905 1898 militiam
2947 1845 3089 1911 cmli,
3123 1854 3179 1898 ut
3209 1846 3254 1899 si
3285 1845 3375 1915 qui
3413 1860 3486 1899 ex
3519 1846 3609 1898 his
3632 1857 3814 1898 sumere

2255 1928 2509 1996 voluerit,
2538 1940 2610 1995 te,
2637 1933 2730 2002 qui
2760 1934 2827 1990 de
2850 1934 2935 1989 his
2962 1950 3084 2004 qua:
3109 1935 3161 1989 in
3191 1935 3291 1990 hoc
3319 1935 3474 1989 brevi
3508 1934 3676 2005 (253)-

2069 2096 3810 2122 _____________________________

1086 2184 1776 2279 ORATIONES
1846 2181 2321 2318 CONTRA
2403 2125 3291 2281 DJEMONIACUM.
3373 2140 3377 2144 ’

605 2463 952 2520 IMI‘OSITIO
994 2461 1183 2518 MANE
1196 2460 1787 2590 Uélilwl‘lIRiERGUMEN.
1840 2459 2128 2516 CA'l‘lCUv

728 2643 813 2696 Ea:
840 2642 1268 2708 Sacramenlario
1305 2641 1576 2710 Rhenaug.
1603 2641 1987 2709 antiquissimo.

637 2753 997 2824 Omnipotens
1025 2767 1228 2808 aeterne
1254 2754 1416 2817 Deus,
1453 2751 1608 2820 cujus
1637 2751 1772 2806 facie
1813 2750 1936 2809 caeli
1972 2750 2148 2805 distil-

565 2846 700 2908 lant,
755 2855 967 2899 montes
1011 2845 1155 2899 sicut
1201 2859 1324 2900 cera
1367 2845 1690 2914 liquescunt,
1736 2851 1882 2897 terra
1911 2843 2151 2907 tremuit,

570 2934 657 2987 cui
699 2942 884 3002 patent
933 2933 1135 3005 abyssi,
1186 2949 1349 3004 quem
1394 2934 1638 2990 infernus
1683 2934 1943 3002 pavescit,
1993 2948 2152 3002 quem

2267 2440 2488 2494 vissimo
2501 2441 2736 2510 Spiritus
2751 2443 2920 2496 sancti
2938 2453 3192 2512 percepto
3211 2443 3668 2514 seqltanittr.jPer.
3683 2458 3728 2512 g.
3743 2459 3812 2512 ες.

2621 2569 2751 2608 ITEII
2789 2570 2909 2608 ΑιιΑ
2948 2569 3049 2609 PRO
3089 2571 3466 2612 ENERGUIESO.

2330 2661 2558 2717 Domine
2580 2673 2764 2718 sancte
2779 2662 2939 2718 Pater
2957 2665 3302 2736 omnipotens
3323 2667 3655 2734 sempiterne
3680 2665 3810 2724 Deus.

2262 2753 2516 2810 virtutem
2566 2761 2711 2807 tuam
2766 2754 2892 2808 totis
2938 2769 3104 2809 exoro
3152 2755 3445 2826 gemitibus
3502 2771 3599 2825 pro
3631 2753 3812 2822 hujus:

2262 2843 2477 2899 diabolo
2527 2858 2786 2915 oppressa
2815 2844 3070 2908 infantia,
3102 2846 3194 2914 qui
3224 2845 3389 2900 etiam
3423 2845 3662 2916 indignis
3697 2847 3813 2898 inter

2263 2947 2544 3001 pressuras
2585 2933 2795 2988 donasti
2846 2932 3179 3003 praesidium,
3209 2949 3440 3005 exsurge
3485 2950 3585 3004 pro
3613 2932 3813 2987 infancia

569 3041 758 3081 omnes
793 3027 996 3082 irarum
1034 3036 1212 3081 motus
1245 3027 1512 3096 aspiciens
1559 3027 1895 3092 humiliatur,
1921 3026 1997 3080 'I‘e
2027 3041 2156 3095 sup-
2180 3012 2226 3076 C
2261 3022 2547 3089 debellata,
2600 3033 2657 3078 et
2701 3023 2810 3078 noli
2837 3023 2928 3077 diu
2967 3023 3203 3078 retinere
3229 3023 3554 3087 vindictam,
3589 3038 3682 3077 nec
3712 3031 3812 3075 ante

569 3117 695 3186 plex
717 3117 980 3187 deprecor
1016 3117 1333 3174 Dominator
1356 3118 1490 3179 Due,
1524 3125 1584 3172 ut
1610 3117 1951 3172 invocatione
1978 3116 2154 3178 nomi-

570 3208 657 3261 nis
705 3208 780 3261 tui
833 3209 899 3262 ab
951 3209 1112 3278 hujus
1166 3207 1351 3261 famuli
1385 3207 1460 3260 tui
1491 3207 1546 3260 il.
1596 3207 1878 3261 vexatione
1903 3206 2158 3260 inimicus

572 3297 829 3355 confusus
874 3298 1156 3363 abscedat,
1201 3309 1258 3352 et
1295 3300 1364 3353 ab
1395 3299 1556 3368 hujus
1599 3299 1938 3367 possessione
1977 3297 2157 3371 anima

575 3387 805 3440 liberata
849 3389 915 3440 ad
944 3394 1221 3441 auctorem
1245 3403 1357 3442 sua:
1387 3388 1577 3442 salutis
1604 3395 1872 3452 recurrat,
1903 3387 2160 3443 liberato-

575 3495 802 3550 remque
823 3495 979 3536 suum
1001 3481 1269 3537 diabolico
1301 3480 1494 3537 fmtore
1516 3481 1759 3552 depulso,
1779 3489 1834 3536 et
1854 3481 2020 3536 odore
2041 3495 2156 3535 sua-

645 3611 795 3682 (253)
836 3611 936 3668 llic
984 3612 1183 3667 desinit
1219 3613 1410 3668 codex.
1457 3613 1662 3667 Praeter
1712 3613 1827 3666 haec
1855 3619 1962 3665 tam
1989 3610 2159 3675 varia,

579 3697 699 3753 qua:
734 3699 798 3753 ex
831 3683 985 3737 codd.
1009 3683 1190 3753 liturg.
1219 3683 1584 3753 Alemannicis
1615 3682 1916 3753 retulimus,
1947 3689 2073 3753 sunt
2109 3690 2164 3753 et

584 3752 688 3823 alia
727 3752 790 3823 id
811 3767 978 3823 genus
1009 3768 1043 3811 a
1071 3751 1211 3805 laud.
1243 3751 1446 3806 Brunio
1477 3762 1680 3823 notata.
1709 3751 2160 3823 Copioseimpri—

579 3822 690 3892 mis
713 3819 837 3890 agit?
857 3823 923 3876 de
936 3823 1091 3892 ,virga
1112 3822 1309 3886 divina,
1339 3833 1400 3876 ut
1431 3832 1588 3892 vocat
1611 3819 1805 3877 Cicero
1834 3822 1889 3892 in
1910 3820 2010 3892 lib.
2041 3835 2056 3872 ι
2088 3819 2164 3873 De

573 3889 683 3951 00‘.
713 3889 788 3945 uti
821 3889 1043 3960 quidem
1070 3893 1218 3945 varia
1259 3892 1396 3960 proh
1429 3891 1611 3945 dolor!
1647 3890 2044 3960 superstitionis
2073 3905 2164 3957 ge-

582 3977 710 4016 nera
736 3959 1152 4031 Chr’istianismo
1172 3959 1297 4015 sunt
1324 3962 1495 4026 illata,
1521 3970 1683 4031 atque
1712 3959 1873 4031 etiam
1895 3959 2162 4031 Cbri_stia_-_

576 4033 664 4086 nis
711 4031 904 4085 ritibus
935 4030 1202 4097 rebusque
1223 4033 1392 4085 sacris
1420 4032 1580 4084 veluti
1597 4027 1899 4083 'obvoluta:
1931 4047 1948 4078 ς
1989 4027 2056 4082 Ut
2086 4028 2164 4081 illi

577 4102 677 4170 ipsi
705 4102 850 4170 (utor
875 4100 934 4154 S.
965 4101 1252 4170 Augusﬁni
1276 4102 1457 4154 verbis
1479 4101 1572 4153 Tr.
1593 4100 1677 4154 Vlt
1709 4099 1760 4152 in
1787 4099 2032 4170 Joau.,c.
2052 4111 2163 4163 t,p.

576 4167 813 4239 544mm
830 4167 1092 4240 seducunt
1105 4170 1382 4240 perligatu
1393 4185 1501 4231 ras,
1529 4167 2060 4240 perincantationes,
2070 4181 2167 4240 per

570 4236 1014 4298 machinamenta
1063 4236 1284 4298 inimici'
1337 4236 1598 4293 misceant
1658 4236 2168 4306 przecantationibus

579 4311 693 4362 suis
743 4322 936 4360 nomen
967 4307 1168 4362 Christi
1194 4323 1208 4370 ;
1235 4307 1362 4375 quia
1385 4309 1496 4374 jam
1530 4322 1633 4360 nou
1660 4314 1881 4376 possunt
1907 4306 2166 4376 seducere

577 4377 940 4435 Christianos.
964 4385 1023 4428 ut
1045 4377 1174 4430 dent
1195 4374 1484 4440 venenum,
1517 4374 1719 4430 addunt
1735 4375 1906 4430 mellis
1934 4374 2160 4443 aliquid,

579 4456 642 4500 ut
679 4461 777 4514 per
810 4446 862 4499 id
901 4444 1042 4515 quod
1073 4446 1227 4500 dulce
1265 4456 1366 4512 est,
1407 4448 1571 4501 lateat
1601 4448 1744 4515 quod
1772 4460 2014 4499 amarum
2055 4455 2160 4508 est,

582 4525 637 4570 et
659 4515 875 4572 bibatur
907 4516 973 4569 ad
998 4517 1313 4584 perniciem.
1357 4535 1377 4567 ›
1414 4518 1505 4572 Sic
1531 4516 1732 4571 scimus
1758 4516 1954 4569 abusos
1999 4515 2164 4569 etiam

581 4585 845 4656 malignos
875 4585 990 4656 ipso
1037 4587 1404 4646 sacratissimo
1442 4601 1667 4656 corpore
1687 4584 1918 4656 Domini,
1954 4585 2162 4639 verbis-

581 4671 687 4724 que
716 4655 1137 4711 COnsecratoriis
1162 4672 1226 4710 ac
1246 4657 1368 4714 aliis
1403 4658 1572 4712 sacris
1598 4655 1861 4718 formulis,
1895 4655 2166 4721 rebusque

583 4727 758 4781 sacris
780 4742 918 4795 aqua
948 4725 1276 4794 baptismali,
1309 4727 1481 4780 cereis
1530 4725 1849 4788 benedictis,
1885 4724 2166 4795 particulis

576 4797 678 4857 _:cri
728 4793 973 4864 campani
1022 4793 1314 4856 benedicti,
1363 4805 1805 4850 ornamentorum
1853 4793 2163 4864 sac_erdota-.

587 4862 1006 4929 lium,etc._Nbil
1022 4865 1357 4935 frequentius
1371 4875 1454 4920 est
1469 4865 1623 4920 initio
1638 4863 1911 4934 Evangelii
1931 4862 2169 4935 8.10am

586 4937 691 4998 nis,
719 4937 858 5005 quod
883 4945 1032 4990 notat
1059 4933 1290 4990 Bruttius
1312 4937 1362 4990 in
1397 4951 1493 4990 usu
1521 4935 1756 5004 pulveris
1785 4933 2163 5005 sympatltetici

585 5001 860 5075 virgaique
907 5006 1275 5070 divinatoriae,
1319 5007 1386 5059 ad
1449 5001 1724 5059 recondita
1773 5001 2163 5075 manifestanda

589 5071 831 5139 metalla,
862 5090 1051 5144 aquas,
1102 5085 1207 5129 etc.
1246 5076 1491 5130 Incidunt
1538 5075 1700 5144 etiam
1723 5072 1914 5144 virgis
1938 5071 2165 5144 _figuram
2197 5116 2206 5130 χ

588 5158 639 5198 e.
677 5161 726 5226 c_.
767 5139 1233 5226 cruci's,unontiiia
1272 5145 1504 5226 _Gaspar,
1543 5139 2166 5226 Melchior,'Ballbasar,

2258 3121 2609 3181 conspectum
2640 3122 2790 3168 tuum
2817 3114 3038 3168 veniant
3058 3123 3343 3184 parentum
3373 3114 3596 3176 delicta,
3631 3111 3712 3181 qui
3733 3128 3811 3166 nec

2257 3220 2357 3274 pro
2387 3205 2498 3260 filio
2523 3192 2732 3276 patrem
2762 3219 2862 3261 nec
2883 3205 3024 3275 patri
3050 3204 3346 3273 promisisti
3373 3204 3549 3259 lilium
3579 3202 3807 3273 judicare,

2260 3297 2528 3354 auxiliare
2555 3313 2883 3367 quaasumus,
2921 3297 3127 3352 inimici
3159 3296 3354 3350 furtive
3385 3296 3541 3368 (9.54)
3573 3305 3807 3356 vexatum,

2261 3404 2330 3442 ne
2371 3389 2490 3443 sine
2541 3389 2867 3458 baptismate
2921 3387 3090 3443 facias
3143 3387 3258 3457 ejus
3294 3386 3538 3440 animum
3575 3403 3604 3439 a
3635 3383 3810 3439 diabolo

2261 3471 2558 3548 possidere,
2611 3480 2704 3535 sed
2752 3481 2932 3550 potius
2962 3488 3146 3534 tenera
3172 3488 3303 3534 aetas
3341 3478 3571 3548 maligni
3619 3491 3806 3547 oppres-

2264 3623 2382 3669 arte
2430 3622 2485 3667 et
2514 3613 2700 3667 fraude
2732 3613 2784 3666 in
2813 3613 3190 3667 nonnullorum
3236 3611 3489 3665 manibus
3513 3625 3573 3664 se
3597 3614 3806 3662 moveat;

2261 3683 2343 3737 2°.
2369 3684 2521 3750 Quod
2548 3698 2652 3737 non
2695 3698 2910 3752 semper
2935 3698 2993 3737 se
3015 3683 3259 3752 inclinet,
3279 3690 3334 3734 et
3355 3681 3500 3752 quod
3531 3678 3811 3752 quandoque

2264 3748 2628 3824 deceptioaut
2652 3748 2829 3807 illusio
2856 3753 3211 3813 interveniat;
3234 3751 3317 3824 ὅτε
3345 3749 3503 3824 Quod
3526 3748 3808 3824 quandoque

2265 3837 2324 3877 se
2348 3818 2578 3884 ﬂexerit,
2608 3825 2698 3878 ubi
2727 3839 2826 3877 nec
2847 3837 2986 3891 aqua
3017 3837 3117 3875 nec
3141 3819 3436 3874 metallum.
3466 3818 3662 3891 Puellae
3690 3818 3805 3881 virga

2264 3894 2368 3948 hac
2402 3893 2477 3946 uti
2525 3893 2698 3947 solitae
2747 3888 2919 3947 suasit
2966 3891 3218 3949 Brunius.
3243 3899 3302 3942 ut
3331 3888 3608 3957 precibus,
3630 3897 3806 3957 secessu

2265 3978 2423 4018 sacro
2473 3972 2528 4017 et
2570 3978 2723 4016 sacra
2759 3965 3138 4016 communione
3180 3952 3348 4014 Deum
3391 3952 3806 4028 preceturyquod

2266 4034 2381 4100 ipse
2411 4031 2680 4086 sacrificio
2703 4033 2880 4086 missae
2914 4030 3166 4093 faciebat,
3197 4025 3552 4100 rogaba'tque,
3584 4025 3697 4100 ut_si
3721 4036 3802 4088 qua

2265 4094 2459 4156 diaboli
2506 4116 2668 4170 opera
2700 4116 2766 4154 eo
2793 4102 2846 4155 in
2875 4115 2973 4171 usu
3020 4094 3403 4171 intercederet,
3428 4097 3574 4151 Deus
3597 4094 3806 4171 effectum

2269 4169 2584 4239 impediret,
2616 4173 2756 4240 quod
2799 4179 2854 4226 et
2891 4170 3120 4232 factum,
3151 4184 3250 4240 nec
3277 4169 3572 4240 quidquam
3599 4169 3802 4240 se‘virgﬁ

2270 4233 2582 4305 inclinante,
2631 4233 2709 4295 uti
2758 4241 3064 4311 legereest
3093 4240 3145 4292 in
3179 4233 3603 4311 Elogiobistor.
3654 4233 3803 4311 Bruttii

2268 4312 2417 4380 operi
2439 4302 2578 4365 edit.
2597 4327 2719 4365 nov.
2743 4302 2838 4364 an:
2858 4309 3014 4373 I750,
3034 4302 3312 4380 prmmisso
3331 4316 3369 4380 t.
3385 4307 3423 4367 Ι,
3447 4323 3500 4376 p.
3515 4319 3691 4359 xxviii.
3707 4302 3803 4379 ligi-

2273 4377 2557 4448 turpostea
2590 4395 2642 4448 p.
2670 4397 2782 4442 xw,
2806 4395 2922 4448 seq.
2952 4381 3017 4432 de
3037 4377 3275 4445 ejusdem
3298 4377 3463 4448 virga;
3478 4392 3585 4448 usu
3614 4377 3803 4427 maximo

2271 4446 2644 4520 superstitioso
2660 4453 2726 4504 ad
2741 4446 3064 4518 detegendos
3084 4448 3438 4520 facinorosos,
3452 4446 3643 4499 limites
3664 4451 3806 4518 trans-

2270 4515 2494 4590 positos,
2542 4529 2646 4590 etc.
2704 4520 2822 4585 Quo
2867 4515 2924 4572 in
2953 4531 3161 4590 genere
3207 4515 3416 4590 fraudis
3455 4530 3576 4590 cum
3609 4515 3801 4583 maxime

2271 4584 2578 4645 celebretur
2603 4584 2837 4644 Jaeo’bus
2867 4584 3067 4658 Ayfnar
3086 4627 3098 4649 ,
3131 4587 3196 4658 de
3218 4587 3409 4658 eodem
3437 4584 3658 4658 aliisque
3682 4590 3798 4658 \‘flflil

2270 4659 2564 4714 variormn.
2572 4659 2774 4725 judicia
2820 4645 2974 4711 all'e'rt
3005 4645 3236 4725 Brunius
3264 4662 3305 4725 t.
3329 4653 3417 4725 lA|_l,
3444 4670 3501 4722 p.
3535 4645 3644 4707 177.
3663 4645 3799 4725 abba-

2272 4730 2342 4783 tis
2378 4730 2539 4782 etiam
2572 4718 2812 4784 "celebris
2843 4728 2909 4779 de
2936 4726 2990 4778 la
3016 4724 3219 4794 Trappe
3245 4723 3313 4777 ad
3341 4718 3797 4794 Mallebrancbium.

2271 4800 2425 4867 cujus
2466 4799 2763 4853 acutissimi
2802 4790 3485 4867 pbilosopbilaliorumque
3518 4790 3797 4867 variasut-rg'

2271 4864 2378 4923 fert
2420 4864 2826 4922 dissertationes
2854 4875 2908 4919 et
2954 4864 3208 4932 epistolas
3233 4879 3354 4917 cum
3407 4865 3796 4932 responsornsm

2271 4949 2557 5005 utramque
2599 4946 2805 5006 partem
2852 4931 3066 4991 diverso
3095 4933 3396 5006 explicandi
3424 4931 3595 5006 modo,
3625 4938 3713 5006 qua

2272 5011 2416 5066 tione
2454 5002 2540 5062 res
2588 5002 2777 5062 saltem
2829 5007 2880 5059 in
2927 5002 3530 5076 detegendis‘metallis,
3567 5003 3793 5076 aui_?‘l'_'}5

2269 5064 2586 5134 naturaliter
2633 5075 2862 5138 accidat,
2896 5083 2988 5128 aut
3036 5064 3408 5140 svuperstitiose
3439 5087 3502 5125 ac
3528 5083 3616 5138 per
3635 5064 3793 5117 illusio-

2271 5165 2392 5226 nem
2417 5149 2706 5226 humanam
2735 5146 2817 5226 vel
2833 5144 3172 5206 diabolicam,
3196 5157 3290 5226 seu
3313 5141 3790 5226 concurreutgfﬂlif
