3962 6326
150 395 292 451 Hi5

1213 370 1605 456 canto-ass
1640 394 1914 452 CONTRA
1954 352 2455 452 υτεΜοΝιΑειεΜ.

3274 393 3411 449 Ulli

142 507 394 563 sionihus
412 496 586 559 libera
617 502 713 559 libi
746 502 955 562 referat
979 505 1182 577 gratias
1212 509 1591 577 sempiternas.
1626 509 1731 565 Per
1757 508 1806 573 Α
1835 506 2051 565 Osanna
2081 509 2133 565 in
2162 510 2412 566 excelsis.
2444 508 2605 564 Pater
2631 508 2843 563 Domini
2874 509 3040 563 nostri
3065 509 3230 563 Jhesn
3253 511 3413 563 Chri-

141 598 292 653 Dnm
344 606 586 652 nostrum
633 594 861 653 Jhesum
885 597 1162 654 Christum
1204 596 1401 654 Filium
1440 607 1609 677 tuum,
1642 599 1735 670 qui

146 694 417 740 venturus
443 692 527 740 est
548 683 821 753 judicare.
865 726 893 745 ..
922 726 936 741 .
977 703 1031 757 g.
1065 704 1152 759 gg.

148 809 287 850 ΙτΕΙΙ
336 810 458 849 ΑιιΑ
506 807 848 851 ENBRCUMEN.
898 813 1236 853 BAPTIZATUII
1291 814 1455 854 ευρειι
1499 814 1738 855 ΗΟἊΙΝΕΙΙ

573 882 669 931 ρει
706 886 736 922 Δ
778 883 1012 923 ΒΕἊΟΜΟ
1051 884 1318 923 τεχΑτυιι.

228 959 382 1012 ‘Deus
415 948 759 1024 angelorum,
789 959 931 1014 Deus
955 958 1422 1027 archangelorum,
1452 958 1593 1011 Dens
1614 973 1739 1028 pro—

148 1050 474 1119 phetarum,
503 1048 649 1103 Deus
665 1048 1051 1118 apostolorum,
1080 1046 1222 1103 Deus
1251 1058 1573 1119 martyrum,
1599 1048 1740 1103 Deus

145 1138 453 1214 virginum,
487 1140 630 1194 Deus
677 1138 839 1192 Pater
868 1137 968 1191 Dni
1004 1136 1171 1214 nostri
1203 1135 1368 1192 Jhesu
1396 1136 1618 1201 Christi,
1653 1138 1738 1190 in—

153 1212 303 1287 voco
327 1238 575 1297 sanctum
608 1240 805 1282 nomen
841 1234 990 1279 tuum
1015 1212 1274 1295 praeclare
1316 1222 1612 1292 Majestatis
1638 1232 1742 1278 tuae

156 1323 365 1398 (suppl.
404 1318 746 1376 clementiam
786 1315 1008 1386 supplex
1036 1314 1294 1387 exposco)
1331 1323 1392 1369 ut
1426 1314 1557 1369 mihi
1586 1315 1744 1368 auxi-

156 1418 301 1473 lium
333 1416 593 1484 prteslare
635 1407 873 1477 digneris
903 1407 1164 1461 adversus
1184 1406 1328 1461 hunc
1354 1404 1742 1474 nequissimum

157 1507 442 1576 spiritum,
489 1510 569 1565 ut,
614 1500 939 1567 ubicumque
984 1498 1137 1563 latet,
1161 1498 1351 1553 audito
1398 1498 1616 1553 nomine
1654 1506 1747 1553 tuo

157 1596 428 1651 velociter
458 1600 637 1656 exeat,
660 1598 717 1646 et
755 1589 990 1645 recedat.
1020 1587 1137 1659 Ipse
1161 1588 1254 1644 tibi
1288 1590 1535 1659 imperat,
1571 1589 1663 1659 qui
1695 1598 1747 1645 te

160 1697 469 1743 retrorsum
513 1682 692 1738 redire
716 1681 976 1752 precepit,
1010 1682 1133 1736 audi
1166 1696 1296 1750 ergo
1326 1692 1382 1737 et
1411 1679 1643 1737 Satanas
1665 1682 1751 1737 vi-

160 1789 292 1834 ctus
317 1786 373 1833 et
394 1781 699 1847 prostratus
724 1772 973 1828 abscede.
1002 1772 1056 1827 ln
1090 1773 1308 1829 nomine
1337 1771 1547 1828 Domini
1576 1772 1747 1828 nostri

1837 600 1933 665 sti,
1965 601 2055 670 qui
2078 601 2227 655 illum
2251 600 2492 672 refugam
2520 610 2806 671 tyrannum
2833 601 3091 670 gehennae
3120 600 3411 669 deputasti,

1836 691 1928 760 qui
1984 692 2324 763 Unigenitum
2358 702 2506 746 tuum
2536 692 2589 745 in
2625 691 2767 746 lnmc
2793 691 3051 745 mundum
3090 691 3286 745 misiSIi
3314 731 3330 753 ,
3357 700 3417 744 ut

1839 783 1989 838 illum
2038 783 2336 852 rugientem
2390 782 2599 837 leonem
2654 790 2901 836 conteret
2945 780 3115 851 (258),
3155 780 3417 834 velociter

1840 872 2090 937 adtende,
2122 873 2364 928 adcelera
2389 883 2446 926 ttt
2466 873 2666 943 eripias
2688 873 2962 926 hominem
2988 873 3093 927 tuis
3124 872 3415 925 formatum

1846 964 2116 1028 manibus,
2144 979 2174 1017 a
2209 964 2360 1018 ruina
2383 973 2436 1017 et
2466 964 2715 1018 demonio
2738 964 3057 1018 meridiano.
3092 963 3166 1016 Da
3191 964 3419 1017 Domine

1843 1063 2104 1110 terrorem
2165 1063 2310 1108 tuum
2373 1070 2536 1124 super
2579 1055 2828 1119 bestiam,
2875 1069 2994 1123 qua:
3036 1052 3420 1108 exterminavit

1842 1144 2053 1198 vineam
2085 1152 2249 1203 tuam,
2276 1142 2342 1197 da
2367 1142 2615 1197 fiduciam
2644 1143 2817 1198 servis
2849 1142 2955 1197 tuis
2983 1152 3173 1197 contra
3199 1142 3422 1208 nequis-

1844 1232 2041 1287 simum
2098 1232 2389 1287 draconem
2445 1231 2659 1287 fortiter
2705 1242 2876 1297 stare,
2933 1247 3035 1287 nec
3074 1239 3424 1301 contempnat

1844 1332 2128 1392 sperantes
2184 1323 2339 1387 inte,
2391 1329 2447 1377 et
2498 1322 2667 1387 dicat,
2716 1324 2856 1378 Sicut
2904 1322 2958 1377 in
2986 1321 3282 1377 Faraonem
3309 1319 3423 1389 jam

1845 1411 2005 1477 dixit,
2062 1411 2231 1466 Deum
2282 1427 2389 1466 non
2435 1412 2581 1477 novi,
2629 1425 2729 1467 nec
2779 1411 2943 1466 lsracl
2975 1412 3208 1476 dimitto,
3234 1420 3427 1481 urgeat

1846 1502 1996 1558 illum
2031 1501 2258 1556 Domine
2288 1502 2509 1557 dextera
2542 1510 2631 1556 tua
2660 1509 2854 1572 potens
2887 1500 3166 1556 discedere
3192 1516 3221 1553 a
3255 1501 3426 1553 famu-

1847 1591 1914 1647 lis
1951 1591 2077 1655 tuis,
2107 1605 2176 1646 ne
2204 1589 2407 1646 diutius
2429 1598 2707 1659 presutnat
2735 1591 3008 1660 captivum
3034 1598 3218 1644 tenere
3245 1587 3422 1643 homi-
3498 1652 3503 1658 ,

1848 1699 1992 1747 nem,
2029 1697 2188 1753 quem
2234 1681 2303 1735 ad
2358 1682 2646 1751 imaginem
2678 1692 2825 1735 tuam
2860 1680 3037 1735 facere
3067 1681 3321 1750 dignatus
3343 1693 3426 1733 es.

1848 1773 2053 1844 Adjuro
2069 1782 2122 1829 te
2148 1788 2278 1844 ergo
2299 1787 2522 1843 serpens
2548 1771 2769 1841 antique
2798 1785 2895 1842 per
2913 1769 3147 1838 judicem
3182 1769 3429 1824 vivorum

158 1868 336 1924 chsu
365 1864 568 1923 Christi
600 1874 655 1920 tu
694 1878 825 1935 ergo
854 1863 1183 1933 nequissime
1213 1865 1464 1929 Satanas,
1495 1864 1746 1920 inimicus
1774 1848 1819 1909 Β
1847 1874 1903 1919 et
1930 1872 2262 1921 mortuorum
2306 1880 2402 1935 per
2425 1863 2684 1918 factorem
2720 1861 2927 1924 mundi,
2955 1862 3043 1930 qui
3074 1860 3238 1915 habet
3272 1868 3428 1930 pote-

158 1961 293 2016 ﬁdei
320 1951 549 2030 generis
597 1956 839 2021 humani,
870 1957 1061 2011 mortis
1109 1964 1294 2025 raptor
1326 1955 1746 2026 (255),justici:e

158 2050 490 2114 declinator,
513 2047 778 2103 malorum
809 2047 984 2113 radix,
1003 2046 1176 2102 fomes
1189 2046 1465 2113 vitiorum,
1495 2047 1767 2104 seductor

162 2137 477 2202 hominum,
503 2137 748 2207 perditor
768 2137 1030 2207 gentium,
1056 2136 1310 2192 incitator
1335 2136 1569 2202 invidiae,
1596 2137 1748 2208 origo

163 2227 446 2294 avariciae,
474 2240 637 2281 causa
660 2226 966 2290 discordiae,
986 2226 1256 2281 excitator
1272 2225 1542 2292 dolorum,
1567 2226 1751 2282 demo-

165 2333 307 2373 nnm
360 2317 636 2388 magister,
678 2315 809 2385 quid
860 2325 974 2371 stas
1003 2324 1057 2371 et
1090 2316 1315 2380 resistis,
1350 2330 1472 2371 cum
1495 2316 1605 2371 scis
1625 2330 1747 2371 eum

166 2423 299 2468 tuas
331 2412 553 2483 perdere
576 2410 756 2466 vires?
791 2409 943 2464 Illum
962 2417 1164 2475 metue,
1185 2409 1276 2479 qui
1307 2408 1360 2463 in
1387 2409 1538 2464 lsaac
1560 2407 1751 2463 immo-

164 2506 321 2560 latus
345 2514 450 2569 est,
475 2504 528 2558 in
553 2502 748 2573 Ioseph
772 2502 1153 2567 venumdatus,
1182 2502 1235 2555 in
1258 2513 1399 2569 agno
1425 2500 1661 2563 occisus,
1694 2499 1749 2553 in

165 2594 396 2650 homine
435 2593 746 2655 crucifixus,
801 2590 999 2646 deinde
1033 2590 1420 2659 triumphator,
1468 2586 1663 2643 recede
1694 2587 1748 2641 in

168 2683 399 2739 nomine
439 2682 620 2753 Patris
674 2689 730 2734 et
758 2678 881 2735 Filii
912 2686 968 2733 et
1008 2675 1242 2746 Spiritus
1290 2675 1483 2738 sancti,
1506 2675 1597 2745 qui
1627 2689 1750 2729 eum

169 2773 343 2828 Patre
382 2780 438 2827 et
483 2770 688 2842 Spiritu
739 2777 929 2824 sancto
956 2767 1090 2822 vivit
1140 2775 1196 2822 et
1224 2775 1415 2835 regnat
1451 2780 1549 2835 per
1569 2764 1749 2819 omnia

176 2862 368 2919 secula
390 2862 714 2926 seculorum,
740 2859 932 2913 Amen.

250 2955 394 3017 Deus
438 2954 683 3009 conditor
729 2961 785 3006 et
812 2951 1063 3006 defensor
1098 2948 1313 3019 generis
1357 2946 1604 3013 humani,
1659 2947 1750 3016 qui

173 3048 452 3107 hominem
483 3045 550 3100 ad
589 3044 873 3114 imaginem
921 3051 977 3097 et
1009 3040 1414 3098 similitudinem
1445 3047 1592 3093 tuam
1641 3053 1755 3091 ma-

174 3138 343 3195 nibus
378 3136 502 3199 tuis,
544 3142 601 3189 et
646 3134 864 3203 proprio
895 3141 996 3187 tua:
1019 3130 1313 3187 divinitatis
1347 3144 1443 3185 ore
1482 3127 1749 3193 formasti,

1850 1967 2046 2013 statem
2096 1958 2316 2012 mittere
2362 1956 2491 2012 tein
2554 1955 2877 2025 gehennam,
2912 1960 2972 2005 ut
2995 1952 3064 2006 ab
3098 1952 3201 2005 hoc
3233 1949 3432 2005 famulo

1856 2048 1946 2103 Dei
1976 2046 2146 2118 (259),
2178 2048 2270 2115 qni
2301 2061 2365 2101 ex
2401 2046 2487 2101 his
2514 2043 2833 2115 supplicium
2876 2051 3024 2096 tuttm
3062 2040 3274 2103 crescit,
3298 2054 3433 2109 quo-

1852 2141 1995 2195 niam
2020 2154 2127 2195 non
2155 2138 2428 2193 hominem
2458 2135 2816 2205 contempnis,
2844 2136 2937 2189 sed
2965 2148 3113 2197 eum,
3146 2132 3236 2201 qui
3260 2130 3432 2186 donti-

1852 2238 2014 2285 nator
2064 2229 2311 2285 vivorum
2359 2238 2415 2284 et
2447 2238 2780 2285 mortuorum
2815 2234 2919 2290 est,
2952 2224 3043 2295 qui
3065 2229 3327 2278 venturus
3352 2229 3438 2276 est

1846 2324 2092 2395 judicare
2116 2323 2369 2378 stcculum
2400 2336 2495 2392 per
2518 2322 2715 2390 ignem.

1926 2413 2043 2485 (lt'x
2067 2415 2183 2467 cod.
2209 2412 2333 2466 bibl.
2356 2410 2492 2467 (λανδ.
2525 2410 2749 2465 Vindob.
2771 2409 2952 2464 Tlteol.
2977 2408 3104 2474 685,
3127 2424 3250 2463 sate.
3280 2410 3359 2475 x.)

1926 2505 2151 2571 Quando
2183 2504 2319 2558 venit
2348 2503 2540 2573 aliquis
2561 2512 2774 2556 vexatus
2808 2518 2839 2554 a
2882 2501 3121 2564 demone,
3165 2509 3288 2552 tunc
3320 2514 3439 2566 pre-

1853 2597 2029 2667 sbyter
2050 2596 2196 2666 (260)
2218 2596 2484 2666 consignct
2515 2610 2632 2649 eum
2666 2610 2783 2647 cum
2816 2593 2979 2646 tribus
3002 2591 3249 2645 collectis.
3278 2589 3437 2644 lubet

1854 2704 1971 2743 eum
2005 2697 2183 2757 postea
2218 2686 2362 2741 exire
2395 2686 2460 2739 de
2490 2683 2708 2738 ecclesia
2738 2692 2786 2737 et
2809 2680 3093 2752 despoliari
3126 2682 3439 2736 vestimentis

1854 2779 1963 2834 suis
1998 2780 2052 2834 in
2084 2788 2279 2833 secreto
2317 2777 2451 2831 loco.
2484 2775 2707 2833 Interim
2746 2785 2919 2829 autem
2958 2784 3131 2827 cantet
3167 2773 3436 2826 letaniam.

1854 2867 2137 2925 Benedicat
2176 2868 2340 2924 salem
2372 2877 2420 2923 et
2458 2883 2670 2939 aquam.
2717 2866 2862 2921 Tunc
2902 2866 3087 2919 induat
3126 2881 3243 2918 eum
3284 2865 3436 2918 uesti—

1857 2963 2041 3016 mentis
2070 2960 2213 3016 novis
2237 2960 2464 3028 aspersis
2496 2975 2613 3013 cum
2644 2975 2781 3028 aqua
2810 2958 3098 3021 benedicta,
3129 2967 3176 3010 et
3204 2966 3325 3007 tunc
3352 2972 3442 3008 vu-

1855 3052 1946 3107 dat
1973 3061 2092 3105 ante
2111 3050 2282 3104 altare
2314 3059 2360 3104 et
2378 3050 2584 3120 jejunet
2625 3065 2787 3117 usque
2823 3048 2893 3101 ad
2913 3064 3128 3108 nonam,
3153 3057 3200 3099 et
3222 3045 3437 3113 presby-

1857 3152 1937 3196 ter
1960 3150 2131 3196 cantet
2152 3142 2366 3194 missam
2388 3156 2483 3209 pro
2502 3156 2581 3202 eo,
2607 3149 2654 3193 et
2673 3140 2757 3192 det
2779 3139 2826 3192 ei
2848 3137 3168 3205 sacri/icium
3200 3153 3290 3203 per
3330 3134 3401 3187 l’l
3412 3133 3438 3186 I

175 3227 395 3297 respice
423 3238 583 3294 super
604 3222 861 3278 famulum
896 3229 1043 3275 tuum
1076 3220 1242 3283 hunc,
1269 3218 1362 3289 qui
1387 3216 1509 3272 dolo
1535 3230 1754 3284 serpen-

1860 3232 1969 3285 dies
1996 3242 2042 3285 et
2069 3240 2276 3284 maneat
2305 3204 2423 3283 cum
2445 3229 2745 3299 presbytero
2766 3244 2929 3298 usque
2959 3204 3028 3280 ad
3061 3225 3165 3280 XV
3189 3226 3299 3278 dies
3316 3266 3329 3289 ,
3357 3225 3442 3277 ni-

181 3319 259 3374 tis
286 3315 575 3386 adpetitur,
596 3328 756 3384 quem
787 3320 944 3369 vetus
961 3311 1301 3367 adversarius
1329 3317 1383 3365 et
1407 3306 1582 3363 hostia
1606 3305 1755 3375 (256)

184 3406 553 3464 reformidinis
582 3407 807 3461 horrore
836 3401 1211 3466 circumvolat,
1238 3409 1293 3455 et
1317 3413 1533 3455 sensum
1563 3396 1760 3452 mentis

182 3501 435 3554 humana:
455 3505 673 3564 stupore
703 3492 908 3562 defugit
941 3492 1109 3563 (257),
1136 3498 1344 3545 terrore
1372 3488 1681 3550 conturbat,
1706 3492 1762 3540 et

185 3599 391 3645 metum
436 3587 625 3657 trepidi
670 3585 881 3640 timoris
910 3584 1170 3655 exagitat,
1199 3581 1399 3651 repelle
1423 3580 1559 3645 Dne,
1585 3580 1760 3632 virtu-

186 3688 301 3733 tem
330 3676 549 3741 diaboli,
595 3674 815 3730 fallaces
845 3674 1085 3737 insidias,
1107 3670 1297 3742 procul
1320 3670 1517 3739 impius
1538 3678 1763 3737 tempta-
1812 3684 1813 3707 ς

189 3780 281 3825 tor
320 3767 597 3837 auﬂ'ugiat,
648 3767 719 3821 sit
761 3766 994 3821 nominis
1025 3765 1098 3820 tui
1122 3764 1276 3833 signo
1295 3761 1529 3817 famulus
1558 3769 1679 3813 tuus
1707 3767 1762 3812 et

192 3860 378 3915 animo
414 3868 556 3914 lotus
582 3868 631 3913 et
676 3873 925 3927 corpore,
968 3866 1023 3911 tu
1056 3856 1288 3927 pectoris
1342 3853 1501 3925 hujus
1548 3854 1760 3907 interna

188 3948 487 4011 custodias,
519 3957 573 4002 tu
601 3947 806 4001 viscera
840 3961 1029 4016 regas,
1058 3954 1113 4000 tu
1142 3945 1305 4001 corda
1330 3943 1658 4006 conformes,
1704 3940 1759 3994 in

186 4040 373 4096 anima
400 4040 723 4094 adversariae
744 4039 1026 4108 potestatis
1042 4043 1423 4107 temptamenta
1448 4042 1760 4090 vanescant.

187 4131 270 4185 Da
315 4129 383 4183 ad
424 4129 564 4183 hanc
610 4129 1005 4183 invocationem
1050 4128 1282 4183 nominis
1310 4127 1385 4181 tui
1416 4127 1672 4197 gratiam,
1710 4133 1765 4179 et

187 4218 285 4289 qui
314 4218 455 4273 hunc
480 4233 650 4286 usque
677 4218 932 4283 terrebat,
958 4218 1176 4272 territus
1195 4217 1392 4272 habeat
1418 4215 1479 4287 (ι.
1506 4214 1684 4284 abeat)
1710 4224 1768 4268 et

185 4309 371 4363 victus
422 4307 699 4373 abscedat,
760 4308 960 4377 tibique
1004 4307 1174 4377 possit
1223 4306 1314 4361 hic
1359 4306 1603 4360 servulus
1643 4315 1767 4360 tuus

187 4400 358 4455 corde
377 4399 695 4454 conﬁrmato
719 4408 774 4454 et
815 4408 993 4454 mente
1026 4400 1238 4455 sincera
1267 4399 1503 4453 debitum
1534 4398 1762 4468 prebere

187 4487 529 4544 famulatum.
563 4488 686 4545 Per.

1858 3320 1936 3375 hil
1960 3318 2232 3374 comedens
2256 3319 2357 3373 nisi
2374 3335 2565 3388 panem
2602 3327 2649 3373 et
2673 3317 2858 3380 salem,
2880 3328 2950 3378 et,
2975 3318 3021 3369 si
3041 3316 3306 3385 presbyter
3324 3331 3443 3379 per-
3498 3382 3503 3389 '

1859 3412 2037 3476 mittit,
2076 3411 2279 3482 pisces,
2316 3411 2614 3483 legumina,
2665 3426 2780 3463 cum
2825 3408 3177 3462 benedictione
3220 3405 3348 3460 salis
3395 3415 3443 3459 et

1859 3519 2030 3573 aquae.
2062 3503 2125 3556 Et
2146 3505 2193 3557 si
2216 3512 2340 3556 tunc
2362 3518 2465 3556 non
2488 3501 2820 3572 pra'vuluerit
2862 3499 3130 3553 inimicum
3174 3514 3441 3564 superare,

1860 3602 1984 3645 tunc
2017 3592 2178 3661 faciat
2217 3607 2383 3659 usque
2406 3591 2531 3642 dum
2554 3589 2693 3642 Deus
2720 3589 2965 3658 dignetur
2992 3604 3149 3655 super
3188 3586 3335 3638 illum
3367 3585 3446 3653 fa-

1861 3698 1974 3736 cere
1995 3680 2579 3749 misericordiam:quia
2598 3677 2851 3753 Dominus
2876 3676 3035 3740 dixit,
3062 3677 3163 3729 hoc
3190 3692 3358 3744 genus
3390 3674 3443 3727 in

1862 3770 2010 3825 nullo
2037 3778 2215 3840 potest
2253 3769 2423 3831 exire,
2455 3767 2557 3821 nisi
2598 3767 2651 3820 in
2688 3766 2933 3819 oratione
2960 3776 3016 3817 et
3037 3764 3261 3833 jejunio.
3294 3762 3448 3816 Nihil

1862 3861 2097 3915 comedes
2138 3874 2299 3930 neque
2337 3858 2495 3922 bibes,
2542 3857 2642 3910 nisi
2677 3856 2824 3924 prius
2862 3855 2927 3907 de
2969 3871 3107 3924 aqua
3140 3853 3439 3909 benedicta.

1866 3948 1989 4003 Non
2010 3950 2243 4005 comedat
2259 3949 2322 4003 de
2338 3964 2516 4019 capra.
2543 3947 2654 4001 Nec
2668 3962 2895 4009 caseum,
2920 3962 3010 3999 nec
3050 3944 3302 3998 butirum.
3331 3944 3445 3998 Nec

1864 4040 1995 4097 nihil
2014 4059 2130 4112 qua:
2155 4040 2247 4095 illa
2263 4049 2493 4111 generat.
2514 4038 2625 4093 Nec
2648 4048 2799 4107 caput
2822 4037 2963 4089 illius
2979 4037 3208 4103 pecudis.
3239 4036 3349 4089 Nec
3370 4037 3441 4090 de.

1862 4132 2023 4202 pisce.
2065 4131 2133 4185 Et
2171 4147 2332 4203 usque
2372 4131 2440 4183 ad
2476 4126 2579 4183 XV
2620 4128 2732 4182 dies
2770 4127 3024 4180 abstineat
3063 4141 3118 4179 se
3156 4125 3239 4177 ab‘
3273 4140 3437 4178 uxore

1864 4241 1983 4287 sua,
2005 4231 2052 4276 et
2068 4221 2162 4275 illa
2185 4221 2427 4275 similiter
2442 4237 2472 4272 a
2498 4219 2603 4273 uiro
2616 4232 2732 4271 suo.
2759 4215 2825 4268 Et
2850 4228 3009 4285 usque
3031 4213 3101 4266 ad
3111 4211 3318 4281 plenum
3345 4228 3435 4265 nn-

1867 4330 1990 4369 num
2016 4329 2119 4366 non
2143 4310 2368 4365 comedet
2385 4310 2536 4364 indie
2562 4307 2832 4361 Dominico
2853 4305 3048 4373 factum
3081 4319 3290 4371 panem.
3323 4301 3435 4355 Nec

1868 4403 2004 4455 hanc
2037 4417 2271 4464 carnem,
2314 4415 2432 4467 qua:
2455 4400 2508 4451 in
2522 4397 2731 4466 ipsodie
2754 4396 3031 4449 occiditur.
3069 4392 3178 4448 Nec
3210 4392 3443 4447 calidam

1869 4489 2170 4543 cererissam
2188 4489 2240 4540 in
2264 4486 2537 4540 Dominico
2564 4485 2781 4553 factam.
2808 4482 2875 4535 Et
2898 4481 3029 4535 nihil
3047 4481 3275 4534 calidum
3296 4497 3445 4534 nian-

264 4576 491 4633 Domine
551 4588 736 4633 sancte
790 4577 952 4635 Pater
983 4579 1328 4649 omnipotens
1373 4587 1579 4633 aeterne
1626 4579 1768 4632 Deus
1796 4555 1843 4614 D
1868 4584 2024 4634 ducat
2040 4596 2129 4632 nec
2157 4571 2973 4645 bibat,usquedumvixerit.Ilec
2996 4569 3381 4639 Liczan(261).

456 4706 707 4792 impress.
737 4709 935 4792 mortis
965 4710 1245 4792 adductor,
1277 4710 1403 4766 vitae
1430 4716 1633 4792 raptor.

264 4775 412 4850 (geli)
451 4775 703 4850 impress.
737 4779 909 4835 hostis
933 4781 1187 4850 antiquus
1210 4790 1391 4847 terrae,
1418 4775 1527 4835 etc.

264 4846 415 4926 ea.)
450 4845 585 4926 tege
611 4847 809 4919 censu.

455 4913 578 4994 ζεεξι.
610 4913 935 4994 contereret.

162 4988 181 5037 ἰ
265 4979 423 5065 (ἓ59)
457 4979 651 5055 Supple
679 5004 744 5041 ea:
777 4988 1186 5065 impressis:Qni
1207 4990 1284 5065 ad
1305 4986 1562 5065 Ecclesia}
1585 4988 1764 5065 sinum

193 5057 431 5136 recurrit
456 5094 471 5118 ,
511 5070 632 5136 cum
670 5066 817 5111 metu
852 5064 909 5113 et
928 5060 1170 5136 exercitu
1201 5057 1401 5136 furoris
1432 5059 1508 5112 tui
1538 5057 1767 5136 festinus

191 5123 444 5247 giigcegila‘s
475 5124 603 5194 :qui
655 5136 855 5196 quanto
916 5127 1122 5183 tardius
1155 5127 1290 5193 exis,
1316 5135 1464 5184 tanto
1492 5128 1666 5199 magis
1696 5143 1764 5182 ex

215 5210 303 5255 ns,
335 5206 437 5245 etc.

235 5331 247 5342 .
266 5262 416 5343 (260)
457 5258 593 5318 Sunt
631 5262 723 5333 qui
754 5273 942 5343 putent
973 5266 1040 5321 ab
1066 5267 1353 5322 exorcistis
1391 5281 1585 5343 munus
1615 5264 1762 5343 ordi-

194 5334 284 5412 nis
317 5334 401 5393 sui
432 5347 550 5412 esse
578 5334 959 5412 exercendum,
995 5350 1379 5412 nequaquama
1408 5335 1756 5412 presbyteris;

194 5401 321 5481 aliis
373 5410 611 5481 econtra,
647 5418 803 5469 secus
848 5401 1099 5481 videtur,
1137 5422 1167 5459 a
1189 5401 1204 5405 ’
1225 5401 1583 5481 presbyteris
1618 5405 1761 5481 quod

194 5469 285 5544 hic
320 5472 707 5544 prmscribitur,
749 5474 1181 5544 ‘exorcizandum
1225 5469 1565 5544 esschuod‘
1620 5469 1758 5542 apud

194 5538 511 5619 Graecosfit
540 5542 607 5619 ab
650 5541 870 5619 antiqua
906 5543 1220 5619 traditione,
1271 5554 1330 5598 ut
1355 5538 1497 5619 Ἰάρ...
1528 5538 1670 5619 ϐοθιξ
1709 5544 1760 5596 in

197 5609 342 5662 netis
368 5609 432 5682 ad
468 5609 852 5682 Euchologium
894 5611 1072 5682 Graec.
1122 5614 1393 5674 observat.
1444 5612 1570 5682 illuc
1597 5611 1762 5682 etiam

197 5676 570 5759 eunihChrist.
615 5676 773 5759 ἰυῇο
803 5682 857 5735 in
885 5680 1064 5759 Schol.
1112 5683 1176 5736 ad
1206 5697 1324 5751 cap.
1355 5682 1417 5735 ιι
1449 5680 1764 5759 Tertulliani

202 5743 277 5801 De
324 5743 810 5823 Prwscriptionibus
842 5791 857 5816 ,
897 5743 1285 5825 interpretatus"
1323 5766 1441 5807 can.
1482 5751 1551 5806 26
1609 5766 1743 5807 conc

1870 4711 2156 4767 Laodiceni
2191 4725 2207 4762 :
2243 4706 2395 4773 Quod
2418 4707 2495 4767 hi,
2523 4705 2610 4776 qui
2634 4720 2736 4757 non
2762 4702 2977 4776 sunt‘ab
3001 4701 3272 4776 episcopis
3306 4697 3447 4776 ordi-

1870 4783 2001 4845 nati,
2049 4792 2154 4834 tum
2187 4770 2546 4838 injecclesiis,
2581 4790 2739 4835 quam
2781 4773 2835 4845 in
2871 4770 3109 4845 domibus
3146 4772 3449 4845 erorciaure

1870 4869 1974 4906 non
1989 4838 2234 4920 possunt.
2261 4845 2573 4920 _Utrnmqt_te
2609 4842 2930 4920 auctoritate
2963 4840 3201 4920 episcopi
3236 4838 3440 4920 facien-

1870 4908 2006 4974 dmn'
2025 4934 2142 4974 esse
2170 4916 2228 4972 S.
2261 4908 2740 4977 Innocen'tinsl,ad
2764 4908 3078 4966 Decentium
3108 4908 3447 4978 Eugubinum

1871 4990 2119 5045 rescribit
2155 4985 2263 5041 :Ut
2309 4994 2482 5039 autem
2517 4983 2631 5053 ﬁat,
2674 4982 2899 5053 episcopi
2938 4990 3013 5053 est
3063 4979 3337 5053 imperare,
3387 4984 3443 5027 ut

1868 5076 2056 5113 manus
2079 5060 2126 5114 ei
2150 5056 2226 5113 vel
2255 5073 2287 5109 a
2326 5045 2639 5125 presbytero,
2672 5045 2751 5107 vel
2781 5069 2812 5105 a
2838 5045 3037 5105 creteris
3059 5045 3258 5103 clericis
3286 5045 3445 5113 impo-

1868 5140 2045 5183 natur.

1937 5196 2084 5265 (26l)
2114 5195 2340 5265 Videtur
2362 5194 2449 5265 hic
2477 5200 2668 5265 auctor
2696 5191 2879 5246 nescio
2907 5187 3029 5259 quis
3051 5182 3342 5265 designari,
3374 5195 3443 5265 ex

1866 5250 2358 5338 quatit-sumpserit
2396 5264 2509 5338 hate
2546 5262 2844 5338 scriptor__a
2872 5250 3254 5338 superstitione
3300 5250 3443 5338 haud

1865 5320 2058 5400 diem;
2078 5320 2214 5405 4,υώ
2241 5334 2399 5389 aﬂ'ert
2423 5334 2491 5387 de
2521 5320 2725 5405 selec'tu
2750 5320 2991 5405 ciborum
3016 5325 3142 5405 alio',
3165 5337 3327 5392 quam
3351 5320 3447 5405 qui

1866 5390 2215 5474 all—jejunium
2260 5411 2467 5473 spectet
2510 5418 2604 5474 seu
2654 5398 3063 5474 abstinentiam.
3109 5390 3445 5474 ζιρὶιιιηι-ὲιὶε

1866 5459 2351 5542 haberepossunt,
2399 5488 2520 5542 quae
2565 5470 2675 5542 Jos.
2712 5467 3090 5542 Catalanusmt.
3126 5462 3287 5542 lj,_p.
3313 5459 3440 5542 325,

1868 5530 2083 5604 collegit
2100 5530 2465 5599 Cotnmenta'r.
2490 5542 2557 5596 ad
2582 5540 2794 5595 ritualis
2816 5537 2882 5592 lt.
2907 5536 2973 5589 ad
3003 5532 3089 5587 illa
3133 5532 3161 5604 §
3194 5530 3259 5604 l9
3281 5530 3444 5583 verba

1871 5632 1935 5670 ne
1958 5602 2121 5669 ullam
2145 5614 2454 5669 medicinam
2486 5610 2715 5679 inﬁrmo,
2746 5607 2820 5679 vel
2845 5614 3051 5679 obsesso
3071 5602 3322 5679 prjebeat,
3347 5608 3443 5679 aut

1869 5669 2105 5746 suadeat,
2152 5699 2218 5739 ac
2253 5683 2298 5737 si
2338 5669 2597 5735 naturalis
2636 5669 2879 5746 quaedam
2910 5669 3235 5746 quibusdam
3286 5669 3449 5726 rebus

1871 5754 2032 5809 insita
2062 5744 2205 5808 esset
2236 5752 2301 5807 ad
2329 5747 2603 5823 pellendos
2632 5744 2901 5802 daemones
2924 5744 3115 5799 virtus.

3343 5887 3430 5898 ην*
