  <div class='ocr_page' id='page_1' title='image "/cluster/home/n/w/nwhite01/storage/ocr_20150623/138/hvd.32044015471774/579.png"; bbox 0 0 3962 6326; ppageno 0'>
   <div class='ocr_carea' id='block_1_1' title="bbox 592 309 777 383">
    <p class='ocr_par' dir='ltr' id='par_1_1' title="bbox 592 309 777 383">
     <span class='ocr_line' id='line_1_1' title="bbox 592 309 777 383; baseline -0.016 -15"><span class='ocrx_word' id='word_1_1' title='bbox 592 309 777 383; x_wconf 28' lang='grc' dir='ltr'>ιιι-ιι</span> 
     </span>
    </p>
   </div>
   <div class='ocr_carea' id='block_1_2' title="bbox 1393 312 3095 413">
    <p class='ocr_par' dir='ltr' id='par_1_2' title="bbox 1393 312 3095 413">
     <span class='ocr_line' id='line_1_2' title="bbox 1393 312 3095 413; baseline 0.011 -45"><span class='ocrx_word' id='word_1_2' title='bbox 1393 336 1398 341; x_wconf 81' lang='grc'><strong>-</strong></span> <span class='ocrx_word' id='word_1_3' title='bbox 1472 312 1765 372; x_wconf 77' lang='grc' dir='ltr'><strong>ΛΡΡΕΝΙ).</strong></span> <span class='ocrx_word' id='word_1_4' title='bbox 1802 317 1897 373; x_wconf 77' lang='lat' dir='ltr'><strong>AD</strong></span> <span class='ocrx_word' id='word_1_5' title='bbox 1938 315 2112 374; x_wconf 69' lang='lat' dir='ltr'><strong>SEC.</strong></span> <span class='ocrx_word' id='word_1_6' title='bbox 2144 319 2211 375; x_wconf 78' lang='grc' dir='ltr'><strong>Χ.</strong></span> <span class='ocrx_word' id='word_1_7' title='bbox 2250 351 2319 361; x_wconf 92' lang='lat'><strong>-—</strong></span> <span class='ocrx_word' id='word_1_8' title='bbox 2343 320 2779 383; x_wconf 76' lang='lat' dir='ltr'><strong>MONUMENTA</strong></span> <span class='ocrx_word' id='word_1_9' title='bbox 2814 329 3095 413; x_wconf 70' lang='grc' dir='ltr'>μτυιισ.</span> 
     </span>
    </p>
   </div>
   <div class='ocr_carea' id='block_1_3' title="bbox 3672 350 3781 411">
    <p class='ocr_par' dir='ltr' id='par_1_3' title="bbox 3672 350 3781 411">
     <span class='ocr_line' id='line_1_3' title="bbox 3672 350 3781 411; baseline 0.055 -6"><span class='ocrx_word' id='word_1_10' title='bbox 3672 350 3781 411; x_wconf 69' lang='grc' dir='ltr'>ιιικι</span> 
     </span>
    </p>
   </div>
   <div class='ocr_carea' id='block_1_4' title="bbox 588 421 3769 526">
    <p class='ocr_par' dir='ltr' id='par_1_4' title="bbox 588 421 3769 526">
     <span class='ocr_line' id='line_1_4' title="bbox 588 421 3769 526; baseline 0.014 -48"><span class='ocrx_word' id='word_1_11' title='bbox 588 422 934 481; x_wconf 82' lang='lat' dir='ltr'><strong>lNCIPlUN-T</strong></span> <span class='ocrx_word' id='word_1_12' title='bbox 962 421 1351 491; x_wconf 78' lang='lat' dir='ltr'><strong>ORATIONES</strong></span> <span class='ocrx_word' id='word_1_13' title='bbox 1374 424 1654 483; x_wconf 66' lang='lat' dir='ltr'><strong>CONTRA</strong></span> <span class='ocrx_word' id='word_1_14' title='bbox 1684 427 2158 488; x_wconf 77' lang='lat' dir='ltr'><strong>DEMONIACUM.</strong></span> <span class='ocrx_word' id='word_1_15' title='bbox 2191 438 2238 498; x_wconf 78' lang='grc' dir='ltr'>Α</span> <span class='ocrx_word' id='word_1_16' title='bbox 2267 450 2390 491; x_wconf 89' lang='lat' dir='ltr'><strong>cum</strong></span> <span class='ocrx_word' id='word_1_17' title='bbox 2446 438 2564 509; x_wconf 82' lang='grc' dir='ltr'><strong>Χρο</strong></span> <span class='ocrx_word' id='word_1_18' title='bbox 2607 439 2819 512; x_wconf 83' lang='lat' dir='ltr'><strong>gloriae,</strong></span> <span class='ocrx_word' id='word_1_19' title='bbox 2871 446 3125 517; x_wconf 61' lang='lat' dir='ltr'><strong>sig-fnum</strong></span> <span class='ocrx_word' id='word_1_20' title='bbox 3190 446 3351 504; x_wconf 86' lang='lat' dir='ltr'><strong>altum</strong></span> <span class='ocrx_word' id='word_1_21' title='bbox 3406 465 3470 508; x_wconf 83' lang='lat' dir='ltr'><strong>ac</strong></span> <span class='ocrx_word' id='word_1_22' title='bbox 3515 458 3769 526; x_wconf 75' lang='lat' dir='ltr'><strong>prolundam</strong></span> 
     </span>
    </p>
   </div>
   <div class='ocr_carea' id='block_1_5' title="bbox 995 516 1766 594">
    <p class='ocr_par' dir='ltr' id='par_1_5' title="bbox 995 516 1766 594">
     <span class='ocr_line' id='line_1_5' title="bbox 995 516 1766 594; baseline 0.006 -24"><span class='ocrx_word' id='word_1_23' title='bbox 995 516 1111 586; x_wconf 76' lang='lat' dir='ltr'><strong>(Ex-</strong></span> <span class='ocrx_word' id='word_1_24' title='bbox 1131 516 1318 572; x_wconf 88' lang='lat' dir='ltr'><strong>eodem</strong></span> <span class='ocrx_word' id='word_1_25' title='bbox 1356 519 1540 573; x_wconf 83' lang='lat' dir='ltr'><strong>codice</strong></span> <span class='ocrx_word' id='word_1_26' title='bbox 1569 518 1766 594; x_wconf 71' lang='lat'><strong>[262].)</strong></span> 
     </span>
    </p>
   </div>
   <div class='ocr_carea' id='block_1_6' title="bbox 658 605 2166 685">
    <p class='ocr_par' dir='ltr' id='par_1_6' title="bbox 658 605 2166 685">
     <span class='ocr_line' id='line_1_6' title="bbox 658 605 2166 685; baseline 0.008 -26"><span class='ocrx_word' id='word_1_27' title='bbox 658 605 864 676; x_wconf 89' lang='lat' dir='ltr'><strong>Separa</strong></span> <span class='ocrx_word' id='word_1_28' title='bbox 919 612 970 667; x_wconf 87' lang='lat' dir='ltr'><strong>te</strong></span> <span class='ocrx_word' id='word_1_29' title='bbox 1006 605 1261 661; x_wconf 87' lang='lat' dir='ltr'><strong>afamulo</strong></span> <span class='ocrx_word' id='word_1_30' title='bbox 1305 606 1397 662; x_wconf 85' lang='lat' dir='ltr'><strong>Dei</strong></span> <span class='ocrx_word' id='word_1_31' title='bbox 1456 608 1568 674; x_wconf 90' lang='lat' dir='ltr'><strong>illo,</strong></span> <span class='ocrx_word' id='word_1_32' title='bbox 1620 609 1897 668; x_wconf 88' lang='lat' dir='ltr'><strong>imnmnde</strong></span> <span class='ocrx_word' id='word_1_33' title='bbox 1944 613 2166 685; x_wconf 75' lang='lat' dir='ltr'><strong>spiritus</strong></span> 
     </span>
    </p>
   </div>
   <div class='ocr_carea' id='block_1_7' title="bbox 586 696 2167 779">
    <p class='ocr_par' dir='ltr' id='par_1_7' title="bbox 586 696 2167 779">
     <span class='ocr_line' id='line_1_7' title="bbox 586 696 2167 779; baseline 0.006 -26"><span class='ocrx_word' id='word_1_34' title='bbox 586 696 873 754; x_wconf 89' lang='lat' dir='ltr'><strong>maledicte</strong></span> <span class='ocrx_word' id='word_1_35' title='bbox 912 698 1355 768; x_wconf 88' lang='lat' dir='ltr'><strong>dampnatissimc</strong></span> <span class='ocrx_word' id='word_1_36' title='bbox 1403 700 1663 758; x_wconf 88' lang='lat' dir='ltr'><strong>Satanas!</strong></span> <span class='ocrx_word' id='word_1_37' title='bbox 1707 704 1846 761; x_wconf 86' lang='lat' dir='ltr'><strong>sicut</strong></span> <span class='ocrx_word' id='word_1_38' title='bbox 1892 710 2167 779; x_wconf 82' lang='lat' dir='ltr'><strong>separavit</strong></span> 
     </span>
    </p>
   </div>
   <div class='ocr_carea' id='block_1_8' title="bbox 583 777 2165 869">
    <p class='ocr_par' dir='ltr' id='par_1_8' title="bbox 583 777 2165 869">
     <span class='ocr_line' id='line_1_8' title="bbox 583 777 2165 869; baseline 0.008 -25"><span class='ocrx_word' id='word_1_39' title='bbox 583 777 738 859; x_wconf 87' lang='lat' dir='ltr'><strong>omps</strong></span> <span class='ocrx_word' id='word_1_40' title='bbox 764 789 836 846; x_wconf 90' lang='lat' dir='ltr'><strong>Ds</strong></span> <span class='ocrx_word' id='word_1_41' title='bbox 869 790 1064 846; x_wconf 68' lang='lat' dir='ltr'><strong>caalum</strong></span> <span class='ocrx_word' id='word_1_42' title='bbox 1087 807 1117 846; x_wconf 91' lang='lat' dir='ltr'><strong>a</strong></span> <span class='ocrx_word' id='word_1_43' title='bbox 1146 800 1310 860; x_wconf 88' lang='lat' dir='ltr'><strong>terra,</strong></span> <span class='ocrx_word' id='word_1_44' title='bbox 1346 793 1519 849; x_wconf 84' lang='lat' dir='ltr'><strong>lucem</strong></span> <span class='ocrx_word' id='word_1_45' title='bbox 1559 810 1587 850; x_wconf 91' lang='lat' dir='ltr'><strong>a</strong></span> <span class='ocrx_word' id='word_1_46' title='bbox 1616 798 1877 865; x_wconf 89' lang='lat' dir='ltr'><strong>tenebris,</strong></span> <span class='ocrx_word' id='word_1_47' title='bbox 1900 798 2165 869; x_wconf 82' lang='lat' dir='ltr'><strong>justitiam</strong></span> 
     </span>
    </p>
   </div>
   <div class='ocr_carea' id='block_1_9' title="bbox 584 881 2168 961">
    <p class='ocr_par' dir='ltr' id='par_1_9' title="bbox 584 881 2168 961">
     <span class='ocr_line' id='line_1_9' title="bbox 584 881 2168 961; baseline 0.009 -28"><span class='ocrx_word' id='word_1_48' title='bbox 584 882 653 934; x_wconf 91' lang='lat' dir='ltr'><strong>ab</strong></span> <span class='ocrx_word' id='word_1_49' title='bbox 683 881 989 950; x_wconf 81' lang='lat' dir='ltr'><strong>iniquitate,</strong></span> <span class='ocrx_word' id='word_1_50' title='bbox 1024 883 1365 938; x_wconf 85' lang='lat' dir='ltr'><strong>mendacium</strong></span> <span class='ocrx_word' id='word_1_51' title='bbox 1399 899 1428 938; x_wconf 89' lang='lat' dir='ltr'><strong>a</strong></span> <span class='ocrx_word' id='word_1_52' title='bbox 1459 887 1707 942; x_wconf 89' lang='lat' dir='ltr'><strong>veritate.</strong></span> <span class='ocrx_word' id='word_1_53' title='bbox 1760 888 1900 945; x_wconf 88' lang='lat' dir='ltr'><strong>Ecce</strong></span> <span class='ocrx_word' id='word_1_54' title='bbox 1934 892 2168 961; x_wconf 90' lang='lat' dir='ltr'><strong>imponi-</strong></span> 
     </span>
    </p>
   </div>
   <div class='ocr_carea' id='block_1_10' title="bbox 584 971 2167 1054">
    <p class='ocr_par' dir='ltr' id='par_1_10' title="bbox 584 971 2167 1054">
     <span class='ocr_line' id='line_1_10' title="bbox 584 971 2167 1054; baseline 0.011 -31"><span class='ocrx_word' id='word_1_55' title='bbox 584 980 673 1024; x_wconf 92' lang='lat' dir='ltr'><strong>tur</strong></span> <span class='ocrx_word' id='word_1_56' title='bbox 706 971 797 1025; x_wconf 91' lang='lat' dir='ltr'><strong>tibi</strong></span> <span class='ocrx_word' id='word_1_57' title='bbox 832 973 1044 1044; x_wconf 86' lang='lat' dir='ltr'><strong>signum</strong></span> <span class='ocrx_word' id='word_1_58' title='bbox 1071 973 1163 1029; x_wconf 88' lang='lat' dir='ltr'><strong>Dei</strong></span> <span class='ocrx_word' id='word_1_59' title='bbox 1211 976 1339 1041; x_wconf 91' lang='lat' dir='ltr'><strong>mei,</strong></span> <span class='ocrx_word' id='word_1_60' title='bbox 1370 978 1513 1047; x_wconf 90' lang='lat' dir='ltr'><strong>quod</strong></span> <span class='ocrx_word' id='word_1_61' title='bbox 1559 986 1612 1033; x_wconf 88' lang='lat' dir='ltr'><strong>tu</strong></span> <span class='ocrx_word' id='word_1_62' title='bbox 1646 980 1879 1052; x_wconf 81' lang='lat' dir='ltr'><strong>maligne</strong></span> <span class='ocrx_word' id='word_1_63' title='bbox 1910 983 2167 1054; x_wconf 85' lang='lat' dir='ltr'><strong>inponere</strong></span> 
     </span>
    </p>
   </div>
   <div class='ocr_carea' id='block_1_11' title="bbox 582 1063 2170 1147">
    <p class='ocr_par' dir='ltr' id='par_1_11' title="bbox 582 1063 2170 1147">
     <span class='ocr_line' id='line_1_11' title="bbox 582 1063 2170 1147; baseline 0.011 -34"><span class='ocrx_word' id='word_1_64' title='bbox 582 1074 687 1114; x_wconf 90' lang='lat' dir='ltr'><strong>non</strong></span> <span class='ocrx_word' id='word_1_65' title='bbox 717 1071 892 1130; x_wconf 89' lang='lat' dir='ltr'><strong>potes.</strong></span> <span class='ocrx_word' id='word_1_66' title='bbox 935 1063 1095 1119; x_wconf 88' lang='lat' dir='ltr'><strong>Solve</strong></span> <span class='ocrx_word' id='word_1_67' title='bbox 1138 1067 1331 1132; x_wconf 91' lang='lat' dir='ltr'><strong>nodos,</strong></span> <span class='ocrx_word' id='word_1_68' title='bbox 1360 1068 1509 1125; x_wconf 90' lang='lat' dir='ltr'><strong>solve</strong></span> <span class='ocrx_word' id='word_1_69' title='bbox 1556 1082 1799 1138; x_wconf 87' lang='lat' dir='ltr'><strong>catenas,</strong></span> <span class='ocrx_word' id='word_1_70' title='bbox 1842 1074 1989 1130; x_wconf 88' lang='lat' dir='ltr'><strong>solve</strong></span> <span class='ocrx_word' id='word_1_71' title='bbox 2035 1075 2170 1147; x_wconf 85' lang='lat' dir='ltr'><strong>liga-</strong></span> 
     </span>
    </p>
   </div>
   <div class='ocr_carea' id='block_1_12' title="bbox 582 1146 2166 1236">
    <p class='ocr_par' dir='ltr' id='par_1_12' title="bbox 582 1146 2166 1236">
     <span class='ocr_line' id='line_1_12' title="bbox 582 1146 2166 1236; baseline 0.012 -31"><span class='ocrx_word' id='word_1_72' title='bbox 582 1146 749 1207; x_wconf 87' lang='lat' dir='ltr'><strong>mina.</strong></span> <span class='ocrx_word' id='word_1_73' title='bbox 773 1153 849 1209; x_wconf 88' lang='lat' dir='ltr'><strong>Te</strong></span> <span class='ocrx_word' id='word_1_74' title='bbox 872 1156 1060 1226; x_wconf 87' lang='lat' dir='ltr'><strong>adjuro</strong></span> <span class='ocrx_word' id='word_1_75' title='bbox 1086 1157 1370 1215; x_wconf 86' lang='lat' dir='ltr'><strong>maledicte</strong></span> <span class='ocrx_word' id='word_1_76' title='bbox 1387 1160 1608 1227; x_wconf 85' lang='lat' dir='ltr'><strong>Satana,</strong></span> <span class='ocrx_word' id='word_1_77' title='bbox 1634 1162 1756 1236; x_wconf 88' lang='lat' dir='ltr'><strong>fuge</strong></span> <span class='ocrx_word' id='word_1_78' title='bbox 1782 1181 1902 1220; x_wconf 89' lang='lat' dir='ltr'><strong>cum</strong></span> <span class='ocrx_word' id='word_1_79' title='bbox 1929 1176 2047 1222; x_wconf 90' lang='lat' dir='ltr'><strong>estu</strong></span> <span class='ocrx_word' id='word_1_80' title='bbox 2077 1146 2166 1223; x_wconf 87' lang='lat' dir='ltr'><strong>tuo</strong></span> 
     </span>
    </p>
   </div>
   <div class='ocr_carea' id='block_1_13' title="bbox 581 1246 2164 1326">
    <p class='ocr_par' dir='ltr' id='par_1_13' title="bbox 581 1246 2164 1326">
     <span class='ocr_line' id='line_1_13' title="bbox 581 1246 2164 1326; baseline 0.013 -29"><span class='ocrx_word' id='word_1_81' title='bbox 581 1246 649 1299; x_wconf 91' lang='lat' dir='ltr'><strong>de</strong></span> <span class='ocrx_word' id='word_1_82' title='bbox 678 1246 877 1301; x_wconf 89' lang='lat' dir='ltr'><strong>nmndo</strong></span> <span class='ocrx_word' id='word_1_83' title='bbox 897 1246 999 1303; x_wconf 90' lang='lat' dir='ltr'><strong>hoc</strong></span> <span class='ocrx_word' id='word_1_84' title='bbox 1022 1248 1074 1304; x_wconf 93' lang='lat' dir='ltr'><strong>in</strong></span> <span class='ocrx_word' id='word_1_85' title='bbox 1106 1257 1304 1305; x_wconf 87' lang='lat' dir='ltr'><strong>terram</strong></span> <span class='ocrx_word' id='word_1_86' title='bbox 1330 1251 1571 1325; x_wconf 64' lang='lat' dir='ltr'><strong>Egypti.</strong></span> <span class='ocrx_word' id='word_1_87' title='bbox 1590 1253 1761 1326; x_wconf 89' lang='lat' dir='ltr'><strong>Crepe</strong></span> <span class='ocrx_word' id='word_1_88' title='bbox 1790 1257 2028 1315; x_wconf 87' lang='lat' dir='ltr'><strong>velocius</strong></span> <span class='ocrx_word' id='word_1_89' title='bbox 2057 1261 2164 1316; x_wconf 53' lang='lat' dir='ltr'><strong>sic.</strong></span> 
     </span>
    </p>
   </div>
   <div class='ocr_carea' id='block_1_14' title="bbox 577 1335 2161 1415">
    <p class='ocr_par' dir='ltr' id='par_1_14' title="bbox 577 1335 2161 1415">
     <span class='ocr_line' id='line_1_14' title="bbox 577 1335 2161 1415; baseline 0.011 -28"><span class='ocrx_word' id='word_1_90' title='bbox 577 1342 647 1415; x_wconf 89' lang='lat' dir='ltr'><strong>ut</strong></span> <span class='ocrx_word' id='word_1_91' title='bbox 680 1335 890 1403; x_wconf 88' lang='lat' dir='ltr'><strong>crepuit</strong></span> <span class='ocrx_word' id='word_1_92' title='bbox 927 1337 1095 1392; x_wconf 89' lang='lat' dir='ltr'><strong>draco</strong></span> <span class='ocrx_word' id='word_1_93' title='bbox 1142 1339 1196 1394; x_wconf 89' lang='lat' dir='ltr'><strong>in</strong></span> <span class='ocrx_word' id='word_1_94' title='bbox 1235 1339 1492 1397; x_wconf 89' lang='lat' dir='ltr'><strong>Babilone</strong></span> <span class='ocrx_word' id='word_1_95' title='bbox 1525 1336 1650 1400; x_wconf 85' lang='lat' dir='ltr'><strong>ante</strong></span> <span class='ocrx_word' id='word_1_96' title='bbox 1694 1345 1861 1415; x_wconf 88' lang='lat' dir='ltr'><strong>pedes</strong></span> <span class='ocrx_word' id='word_1_97' title='bbox 1894 1348 2161 1405; x_wconf 91' lang='lat' dir='ltr'><strong>Dannibel</strong></span> 
     </span>
    </p>
   </div>
   <div class='ocr_carea' id='block_1_15' title="bbox 577 1414 2163 1508">
    <p class='ocr_par' dir='ltr' id='par_1_15' title="bbox 577 1414 2163 1508">
     <span class='ocr_line' id='line_1_15' title="bbox 577 1414 2163 1508; baseline 0.013 -33"><span class='ocrx_word' id='word_1_98' title='bbox 577 1414 718 1477; x_wconf 70' lang='lat' dir='ltr'><strong>sc’rvi</strong></span> <span class='ocrx_word' id='word_1_99' title='bbox 749 1423 865 1490; x_wconf 86' lang='lat' dir='ltr'><strong>Dei,</strong></span> <span class='ocrx_word' id='word_1_100' title='bbox 904 1435 957 1481; x_wconf 92' lang='lat' dir='ltr'><strong>et</strong></span> <span class='ocrx_word' id='word_1_101' title='bbox 990 1428 1206 1484; x_wconf 87' lang='lat' dir='ltr'><strong>venient</strong></span> <span class='ocrx_word' id='word_1_102' title='bbox 1255 1439 1460 1500; x_wconf 81' lang='lat' dir='ltr'><strong>septem</strong></span> <span class='ocrx_word' id='word_1_103' title='bbox 1494 1435 1670 1505; x_wconf 80' lang='lat' dir='ltr'><strong>angeli</strong></span> <span class='ocrx_word' id='word_1_104' title='bbox 1697 1414 1987 1508; x_wconf 76' lang='lat' dir='ltr'><strong>principes</strong></span> <span class='ocrx_word' id='word_1_105' title='bbox 2017 1455 2163 1495; x_wconf 76' lang='lat' dir='ltr'><strong>can-</strong></span> 
     </span>
    </p>
   </div>
   <div class='ocr_carea' id='block_1_16' title="bbox 578 1504 2209 1597">
    <p class='ocr_par' dir='ltr' id='par_1_16' title="bbox 578 1504 2209 1597">
     <span class='ocr_line' id='line_1_16' title="bbox 578 1504 2209 1597; baseline 0.014 -30"><span class='ocrx_word' id='word_1_106' title='bbox 578 1504 713 1580; x_wconf 84' lang='lat' dir='ltr'><strong>didi,</strong></span> <span class='ocrx_word' id='word_1_107' title='bbox 741 1525 792 1571; x_wconf 93' lang='lat' dir='ltr'><strong>et</strong></span> <span class='ocrx_word' id='word_1_108' title='bbox 814 1517 1035 1575; x_wconf 87' lang='lat' dir='ltr'><strong>luccrne</strong></span> <span class='ocrx_word' id='word_1_109' title='bbox 1062 1521 1314 1577; x_wconf 86' lang='lat' dir='ltr'><strong>ardentes</strong></span> <span class='ocrx_word' id='word_1_110' title='bbox 1344 1524 1409 1579; x_wconf 91' lang='lat' dir='ltr'><strong>ad</strong></span> <span class='ocrx_word' id='word_1_111' title='bbox 1437 1504 1842 1583; x_wconf 78' lang='lat' dir='ltr'><strong>conburendum</strong></span> <span class='ocrx_word' id='word_1_112' title='bbox 1873 1538 1947 1597; x_wconf 90' lang='lat' dir='ltr'><strong>te,</strong></span> <span class='ocrx_word' id='word_1_113' title='bbox 1976 1547 2162 1589; x_wconf 87' lang='lat' dir='ltr'><strong>semen</strong></span> <span class='ocrx_word' id='word_1_114' title='bbox 2205 1563 2209 1566; x_wconf 56' lang='grc' dir='ltr'>ν</span> 
     </span>
    </p>
   </div>
   <div class='ocr_carea' id='block_1_17' title="bbox 575 1602 2157 1684">
    <p class='ocr_par' dir='ltr' id='par_1_17' title="bbox 575 1602 2157 1684">
     <span class='ocr_line' id='line_1_17' title="bbox 575 1602 2157 1684; baseline 0.015 -28"><span class='ocrx_word' id='word_1_115' title='bbox 575 1602 728 1669; x_wconf 89' lang='lat' dir='ltr'><strong>Cain,</strong></span> <span class='ocrx_word' id='word_1_116' title='bbox 763 1605 856 1661; x_wconf 74' lang='lat' dir='ltr'><strong>lilii</strong></span> <span class='ocrx_word' id='word_1_117' title='bbox 890 1610 1235 1666; x_wconf 88' lang='lat' dir='ltr'><strong>tenebrarum</strong></span> <span class='ocrx_word' id='word_1_118' title='bbox 1265 1612 1403 1671; x_wconf 73' lang='lat' dir='ltr'><strong>fictre</strong></span> <span class='ocrx_word' id='word_1_119' title='bbox 1442 1615 1685 1684; x_wconf 56' lang='lat' dir='ltr'><strong>latebras,</strong></span> <span class='ocrx_word' id='word_1_120' title='bbox 1718 1620 2035 1678; x_wconf 84' lang='lat' dir='ltr'><strong>adversator</strong></span> <span class='ocrx_word' id='word_1_121' title='bbox 2063 1639 2157 1679; x_wconf 87' lang='lat' dir='ltr'><strong>ca-</strong></span> 
     </span>
    </p>
   </div>
   <div class='ocr_carea' id='block_1_18' title="bbox 574 1696 2161 1779">
    <p class='ocr_par' dir='ltr' id='par_1_18' title="bbox 574 1696 2161 1779">
     <span class='ocr_line' id='line_1_18' title="bbox 574 1696 2161 1779; baseline 0.013 -30"><span class='ocrx_word' id='word_1_122' title='bbox 574 1696 827 1751; x_wconf 69' lang='lat' dir='ltr'><strong>sti&#39;statis.</strong></span> <span class='ocrx_word' id='word_1_123' title='bbox 878 1698 1144 1757; x_wconf 84' lang='lat' dir='ltr'><strong>Seductor</strong></span> <span class='ocrx_word' id='word_1_124' title='bbox 1178 1705 1504 1773; x_wconf 86' lang='lat' dir='ltr'><strong>animarum,</strong></span> <span class='ocrx_word' id='word_1_125' title='bbox 1551 1721 1862 1779; x_wconf 80' lang='lat' dir='ltr'><strong>aspersator</strong></span> <span class='ocrx_word' id='word_1_126' title='bbox 1891 1713 2161 1769; x_wconf 87' lang='lat' dir='ltr'><strong>heretico-</strong></span> 
     </span>
    </p>
   </div>
   <div class='ocr_carea' id='block_1_19' title="bbox 2263 526 3770 623">
    <p class='ocr_par' dir='ltr' id='par_1_19' title="bbox 2263 526 3770 623">
     <span class='ocr_line' id='line_1_19' title="bbox 2263 526 3770 623; baseline 0.02 -42"><span class='ocrx_word' id='word_1_127' title='bbox 2263 526 2519 623; x_wconf 83' lang='lat' dir='ltr'><strong>baptismi</strong></span> <span class='ocrx_word' id='word_1_128' title='bbox 2549 534 2911 623; x_wconf 29' lang='lat' dir='ltr'><strong>mysterium,‘</strong></span> <span class='ocrx_word' id='word_1_129' title='bbox 2937 534 3191 607; x_wconf 60' lang='lat' dir='ltr'><strong>sig-fnum</strong></span> <span class='ocrx_word' id='word_1_130' title='bbox 3240 539 3457 611; x_wconf 78' lang='lat' dir='ltr'><strong>salubre</strong></span> <span class='ocrx_word' id='word_1_131' title='bbox 3483 560 3545 602; x_wconf 89' lang='lat' dir='ltr'><strong>ac</strong></span> <span class='ocrx_word' id='word_1_132' title='bbox 3580 565 3770 623; x_wconf 70' lang='lat' dir='ltr'><strong>magnum</strong></span> 
     </span>
    </p>
   </div>
   <div class='ocr_carea' id='block_1_20' title="bbox 2264 615 3772 703">
    <p class='ocr_par' dir='ltr' id='par_1_20' title="bbox 2264 615 3772 703">
     <span class='ocr_line' id='line_1_20' title="bbox 2264 615 3772 703; baseline 0.021 -35"><span class='ocrx_word' id='word_1_133' title='bbox 2264 615 2444 670; x_wconf 89' lang='lat' dir='ltr'><strong>anime</strong></span> <span class='ocrx_word' id='word_1_134' title='bbox 2508 621 2858 688; x_wconf 88' lang='lat' dir='ltr'><strong>remedium,</strong></span> <span class='ocrx_word' id='word_1_135' title='bbox 2902 618 3194 703; x_wconf 65' lang='lat' dir='ltr'><strong>&#39;sig-l-num</strong></span> <span class='ocrx_word' id='word_1_136' title='bbox 3263 640 3387 684; x_wconf 88' lang='lat' dir='ltr'><strong>ante</strong></span> <span class='ocrx_word' id='word_1_137' title='bbox 3462 615 3772 700; x_wconf 62' lang='lat' dir='ltr'><strong>consecratum</strong></span> 
     </span>
    </p>
   </div>
   <div class='ocr_carea' id='block_1_21' title="bbox 2267 703 3775 797">
    <p class='ocr_par' dir='ltr' id='par_1_21' title="bbox 2267 703 3775 797">
     <span class='ocr_line' id='line_1_21' title="bbox 2267 703 3775 797; baseline 0.015 -38"><span class='ocrx_word' id='word_1_138' title='bbox 2267 703 2370 776; x_wconf 80' lang='lat' dir='ltr'><strong>Xpi</strong></span> <span class='ocrx_word' id='word_1_139' title='bbox 2403 722 2500 764; x_wconf 91' lang='lat' dir='ltr'><strong>ore</strong></span> <span class='ocrx_word' id='word_1_140' title='bbox 2527 724 2592 765; x_wconf 91' lang='lat' dir='ltr'><strong>ac</strong></span> <span class='ocrx_word' id='word_1_141' title='bbox 2618 711 2967 781; x_wconf 84' lang='lat' dir='ltr'><strong>deprecatum</strong></span> <span class='ocrx_word' id='word_1_142' title='bbox 2987 755 3002 781; x_wconf 92' lang='lat'><strong>,</strong></span> <span class='ocrx_word' id='word_1_143' title='bbox 3032 717 3178 786; x_wconf 90' lang='lat' dir='ltr'><strong>quod</strong></span> <span class='ocrx_word' id='word_1_144' title='bbox 3218 720 3535 787; x_wconf 64' lang='lat' dir='ltr'><strong>pmdixemt</strong></span> <span class='ocrx_word' id='word_1_145' title='bbox 3579 731 3775 797; x_wconf 68' lang='lat' dir='ltr'><strong>apostolis</strong></span> 
     </span>
    </p>
   </div>
   <div class='ocr_carea' id='block_1_22' title="bbox 2265 800 3776 888">
    <p class='ocr_par' dir='ltr' id='par_1_22' title="bbox 2265 800 3776 888">
     <span class='ocr_line' id='line_1_22' title="bbox 2265 800 3776 888; baseline 0.018 -38"><span class='ocrx_word' id='word_1_146' title='bbox 2265 811 2550 866; x_wconf 90' lang='lat' dir='ltr'><strong>passurum</strong></span> <span class='ocrx_word' id='word_1_147' title='bbox 2577 815 2605 855; x_wconf 84' lang='lat' dir='ltr'><strong>a</strong></span> <span class='ocrx_word' id='word_1_148' title='bbox 2635 800 2822 859; x_wconf 80' lang='lat' dir='ltr'><strong>Judeis</strong></span> <span class='ocrx_word' id='word_1_149' title='bbox 2845 819 3065 861; x_wconf 89' lang='lat' dir='ltr'><strong>crucem</strong></span> <span class='ocrx_word' id='word_1_150' title='bbox 3095 821 3193 877; x_wconf 92' lang='lat' dir='ltr'><strong>pro</strong></span> <span class='ocrx_word' id='word_1_151' title='bbox 3223 808 3395 867; x_wconf 90' lang='lat' dir='ltr'><strong>salute</strong></span> <span class='ocrx_word' id='word_1_152' title='bbox 3427 814 3621 882; x_wconf 88' lang='lat' dir='ltr'><strong>mundi;</strong></span> <span class='ocrx_word' id='word_1_153' title='bbox 3646 833 3721 888; x_wconf 84' lang='lat' dir='ltr'><strong>per</strong></span> <span class='ocrx_word' id='word_1_154' title='bbox 3739 833 3776 877; x_wconf 82' lang='lat' dir='ltr'><strong>to</strong></span> 
     </span>
    </p>
   </div>
   <div class='ocr_carea' id='block_1_23' title="bbox 2266 895 3774 978">
    <p class='ocr_par' dir='ltr' id='par_1_23' title="bbox 2266 895 3774 978">
     <span class='ocr_line' id='line_1_23' title="bbox 2266 895 3774 978; baseline 0.015 -34"><span class='ocrx_word' id='word_1_155' title='bbox 2266 907 2500 963; x_wconf 85' lang='lat' dir='ltr'><strong>namque</strong></span> <span class='ocrx_word' id='word_1_156' title='bbox 2534 895 2747 949; x_wconf 88' lang='lat' dir='ltr'><strong>auditus</strong></span> <span class='ocrx_word' id='word_1_157' title='bbox 2774 897 2953 953; x_wconf 87' lang='lat' dir='ltr'><strong>surdis</strong></span> <span class='ocrx_word' id='word_1_158' title='bbox 2989 898 3242 965; x_wconf 81' lang='lat' dir='ltr'><strong>donatur,</strong></span> <span class='ocrx_word' id='word_1_159' title='bbox 3271 901 3468 973; x_wconf 84' lang='lat' dir='ltr'><strong>leprosi</strong></span> <span class='ocrx_word' id='word_1_160' title='bbox 3492 907 3774 978; x_wconf 86' lang='lat' dir='ltr'><strong>mundantur,</strong></span> 
     </span>
    </p>
   </div>
   <div class='ocr_carea' id='block_1_24' title="bbox 2266 985 3775 1069">
    <p class='ocr_par' dir='ltr' id='par_1_24' title="bbox 2266 985 3775 1069">
     <span class='ocr_line' id='line_1_24' title="bbox 2266 985 3775 1069; baseline 0.015 -32"><span class='ocrx_word' id='word_1_161' title='bbox 2266 985 2439 1038; x_wconf 82' lang='lat' dir='ltr'><strong>morbi</strong></span> <span class='ocrx_word' id='word_1_162' title='bbox 2486 985 2672 1061; x_wconf 88' lang='lat' dir='ltr'><strong>dolore</strong></span> <span class='ocrx_word' id='word_1_163' title='bbox 2717 997 2999 1056; x_wconf 85' lang='lat' dir='ltr'><strong>sanantur,</strong></span> <span class='ocrx_word' id='word_1_164' title='bbox 3031 990 3170 1046; x_wconf 88' lang='lat' dir='ltr'><strong>vicia</strong></span> <span class='ocrx_word' id='word_1_165' title='bbox 3201 1002 3539 1063; x_wconf 86' lang='lat' dir='ltr'><strong>separantur.</strong></span> <span class='ocrx_word' id='word_1_166' title='bbox 3568 997 3775 1069; x_wconf 55' lang='lat' dir='ltr'><strong>Signum</strong></span> 
     </span>
    </p>
   </div>
   <div class='ocr_carea' id='block_1_25' title="bbox 2265 1072 3772 1156">
    <p class='ocr_par' dir='ltr' id='par_1_25' title="bbox 2265 1072 3772 1156">
     <span class='ocr_line' id='line_1_25' title="bbox 2265 1072 3772 1156; baseline 0.013 -29"><span class='ocrx_word' id='word_1_167' title='bbox 2265 1072 2493 1131; x_wconf 87' lang='lat' dir='ltr'><strong>Domine</strong></span> <span class='ocrx_word' id='word_1_168' title='bbox 2519 1076 2622 1132; x_wconf 92' lang='lat' dir='ltr'><strong>diei</strong></span> <span class='ocrx_word' id='word_1_169' title='bbox 2656 1078 2721 1151; x_wconf 80' lang='lat' dir='ltr'><strong>et</strong></span> <span class='ocrx_word' id='word_1_170' title='bbox 2747 1081 3169 1138; x_wconf 86' lang='lat' dir='ltr'><strong>resurrectionis</strong></span> <span class='ocrx_word' id='word_1_171' title='bbox 3205 1082 3333 1153; x_wconf 81' lang='lat' dir='ltr'><strong>Xpi,</strong></span> <span class='ocrx_word' id='word_1_172' title='bbox 3360 1085 3600 1156; x_wconf 64' lang='lat' dir='ltr'><strong>sig-fnum</strong></span> <span class='ocrx_word' id='word_1_173' title='bbox 3626 1091 3772 1147; x_wconf 78' lang='lat' dir='ltr'><strong>adven-</strong></span> 
     </span>
    </p>
   </div>
   <div class='ocr_carea' id='block_1_26' title="bbox 2266 1163 3777 1248">
    <p class='ocr_par' dir='ltr' id='par_1_26' title="bbox 2266 1163 3777 1248">
     <span class='ocr_line' id='line_1_26' title="bbox 2266 1163 3777 1248; baseline 0.014 -31"><span class='ocrx_word' id='word_1_174' title='bbox 2266 1171 2355 1217; x_wconf 88' lang='lat' dir='ltr'><strong>tus</strong></span> <span class='ocrx_word' id='word_1_175' title='bbox 2380 1163 2484 1234; x_wconf 92' lang='lat' dir='ltr'><strong>Sps</strong></span> <span class='ocrx_word' id='word_1_176' title='bbox 2512 1164 2589 1220; x_wconf 92' lang='lat' dir='ltr'><strong>sci</strong></span> <span class='ocrx_word' id='word_1_177' title='bbox 2617 1165 2999 1226; x_wconf 86' lang='lat' dir='ltr'><strong>descendentis</strong></span> <span class='ocrx_word' id='word_1_178' title='bbox 3029 1185 3194 1241; x_wconf 90' lang='lat' dir='ltr'><strong>super</strong></span> <span class='ocrx_word' id='word_1_179' title='bbox 3218 1183 3437 1231; x_wconf 88' lang='lat' dir='ltr'><strong>sanctos</strong></span> <span class='ocrx_word' id='word_1_180' title='bbox 3485 1180 3715 1248; x_wconf 81' lang='lat' dir='ltr'><strong>apostolos</strong></span> <span class='ocrx_word' id='word_1_181' title='bbox 3738 1193 3777 1238; x_wconf 83' lang='lat' dir='ltr'><strong>et</strong></span> 
     </span>
    </p>
   </div>
   <div class='ocr_carea' id='block_1_27' title="bbox 2264 1252 3776 1340">
    <p class='ocr_par' dir='ltr' id='par_1_27' title="bbox 2264 1252 3776 1340">
     <span class='ocr_line' id='line_1_27' title="bbox 2264 1252 3776 1340; baseline 0.011 -35"><span class='ocrx_word' id='word_1_182' title='bbox 2264 1252 2403 1322; x_wconf 81' lang='lat' dir='ltr'><strong>ignis</strong></span> <span class='ocrx_word' id='word_1_183' title='bbox 2448 1268 2611 1323; x_wconf 88' lang='lat' dir='ltr'><strong>supra</strong></span> <span class='ocrx_word' id='word_1_184' title='bbox 2654 1256 2897 1327; x_wconf 88' lang='lat' dir='ltr'><strong>singulos</strong></span> <span class='ocrx_word' id='word_1_185' title='bbox 2941 1259 3279 1316; x_wconf 87' lang='lat' dir='ltr'><strong>credentium</strong></span> <span class='ocrx_word' id='word_1_186' title='bbox 3323 1263 3545 1333; x_wconf 87' lang='lat' dir='ltr'><strong>populos</strong></span> <span class='ocrx_word' id='word_1_187' title='bbox 3572 1264 3776 1340; x_wconf 80' lang='lat' dir='ltr'><strong>Xpipri-</strong></span> 
     </span>
    </p>
   </div>
   <div class='ocr_carea' id='block_1_28' title="bbox 2263 1346 3778 1430">
    <p class='ocr_par' dir='ltr' id='par_1_28' title="bbox 2263 1346 3778 1430">
     <span class='ocr_line' id='line_1_28' title="bbox 2263 1346 3778 1430; baseline 0.013 -32"><span class='ocrx_word' id='word_1_188' title='bbox 2263 1358 2412 1398; x_wconf 89' lang='lat' dir='ltr'><strong>mum</strong></span> <span class='ocrx_word' id='word_1_189' title='bbox 2439 1353 2494 1400; x_wconf 94' lang='lat' dir='ltr'><strong>et</strong></span> <span class='ocrx_word' id='word_1_190' title='bbox 2533 1346 2587 1399; x_wconf 92' lang='lat' dir='ltr'><strong>in</strong></span> <span class='ocrx_word' id='word_1_191' title='bbox 2615 1347 2846 1404; x_wconf 87' lang='lat' dir='ltr'><strong>ecclesia</strong></span> <span class='ocrx_word' id='word_1_192' title='bbox 2872 1348 3220 1407; x_wconf 88' lang='lat' dir='ltr'><strong>Sanctorum.</strong></span> <span class='ocrx_word' id='word_1_193' title='bbox 3257 1352 3521 1426; x_wconf 58' lang='grc' dir='ltr'><strong>εἰει-ηοω</strong></span> <span class='ocrx_word' id='word_1_194' title='bbox 3562 1374 3696 1430; x_wconf 87' lang='lat' dir='ltr'><strong>super</strong></span> <span class='ocrx_word' id='word_1_195' title='bbox 3715 1376 3778 1417; x_wconf 85' lang='lat' dir='ltr'><strong>or-</strong></span> 
     </span>
    </p>
   </div>
   <div class='ocr_carea' id='block_1_29' title="bbox 2261 1434 3774 1512">
    <p class='ocr_par' dir='ltr' id='par_1_29' title="bbox 2261 1434 3774 1512">
     <span class='ocr_line' id='line_1_29' title="bbox 2261 1434 3774 1512; baseline 0.013 -23"><span class='ocrx_word' id='word_1_196' title='bbox 2261 1434 2383 1490; x_wconf 87' lang='lat' dir='ltr'><strong>bem</strong></span> <span class='ocrx_word' id='word_1_197' title='bbox 2444 1443 2722 1512; x_wconf 88' lang='lat' dir='ltr'><strong>terrarum</strong></span> <span class='ocrx_word' id='word_1_198' title='bbox 2760 1438 2867 1510; x_wconf 81' lang='lat' dir='ltr'><strong>Xpi</strong></span> <span class='ocrx_word' id='word_1_199' title='bbox 2918 1442 3271 1501; x_wconf 79' lang='lat' dir='ltr'><strong>ecclesiarum</strong></span> <span class='ocrx_word' id='word_1_200' title='bbox 3328 1448 3620 1504; x_wconf 85' lang='lat' dir='ltr'><strong>canentium</strong></span> <span class='ocrx_word' id='word_1_201' title='bbox 3664 1466 3774 1508; x_wconf 83' lang='lat' dir='ltr'><strong>more</strong></span> 
     </span>
    </p>
   </div>
   <div class='ocr_carea' id='block_1_30' title="bbox 2261 1529 3776 1611">
    <p class='ocr_par' dir='ltr' id='par_1_30' title="bbox 2261 1529 3776 1611">
     <span class='ocr_line' id='line_1_30' title="bbox 2261 1529 3776 1611; baseline 0.012 -31"><span class='ocrx_word' id='word_1_202' title='bbox 2261 1542 2494 1607; x_wconf 85' lang='lat' dir='ltr'><strong>unaeum</strong></span> <span class='ocrx_word' id='word_1_203' title='bbox 2521 1530 2702 1605; x_wconf 85' lang='lat' dir='ltr'><strong>cordis</strong></span> <span class='ocrx_word' id='word_1_204' title='bbox 2729 1529 2923 1588; x_wconf 82' lang='lat' dir='ltr'><strong>atl&#39;ectu</strong></span> <span class='ocrx_word' id='word_1_205' title='bbox 2962 1532 3285 1591; x_wconf 88' lang='lat' dir='ltr'><strong>intimatum.</strong></span> <span class='ocrx_word' id='word_1_206' title='bbox 3323 1536 3419 1593; x_wconf 87' lang='lat' dir='ltr'><strong>lbu</strong></span> <span class='ocrx_word' id='word_1_207' title='bbox 3450 1538 3562 1609; x_wconf 85' lang='lat' dir='ltr'><strong>Xpe</strong></span> <span class='ocrx_word' id='word_1_208' title='bbox 3593 1542 3776 1611; x_wconf 83' lang='lat' dir='ltr'><strong>quicum</strong></span> 
     </span>
    </p>
   </div>
   <div class='ocr_carea' id='block_1_31' title="bbox 2202 1604 3779 1705">
    <p class='ocr_par' dir='ltr' id='par_1_31' title="bbox 2202 1604 3779 1705">
     <span class='ocr_line' id='line_1_31' title="bbox 2202 1604 3779 1705; baseline 0.012 -34"><span class='ocrx_word' id='word_1_209' title='bbox 2202 1674 2207 1677; x_wconf 96' lang='lat'><em>_</em></span> <span class='ocrx_word' id='word_1_210' title='bbox 2260 1604 2422 1685; x_wconf 79' lang='lat' dir='ltr'><strong>Patre</strong></span> <span class='ocrx_word' id='word_1_211' title='bbox 2456 1616 2595 1676; x_wconf 82' lang='lat' dir='ltr'><strong>vivis</strong></span> <span class='ocrx_word' id='word_1_212' title='bbox 2634 1635 2701 1677; x_wconf 90' lang='lat' dir='ltr'><strong>ac</strong></span> <span class='ocrx_word' id='word_1_213' title='bbox 2726 1636 2930 1695; x_wconf 80' lang='lat' dir='ltr'><strong>regnas</strong></span> <span class='ocrx_word' id='word_1_214' title='bbox 2968 1625 3024 1680; x_wconf 93' lang='lat' dir='ltr'><strong>in</strong></span> <span class='ocrx_word' id='word_1_215' title='bbox 3060 1627 3268 1683; x_wconf 83' lang='lat' dir='ltr'><strong>unitate</strong></span> <span class='ocrx_word' id='word_1_216' title='bbox 3294 1627 3401 1700; x_wconf 88' lang='lat' dir='ltr'><strong>Sps</strong></span> <span class='ocrx_word' id='word_1_217' title='bbox 3443 1604 3691 1689; x_wconf 45' lang='lat' dir='ltr'><strong>sancti-Ds</strong></span> <span class='ocrx_word' id='word_1_218' title='bbox 3708 1649 3779 1705; x_wconf 79' lang='lat' dir='ltr'><strong>per</strong></span> 
     </span>
    </p>
   </div>
   <div class='ocr_carea' id='block_1_32' title="bbox 2260 1709 3045 1771">
    <p class='ocr_par' dir='ltr' id='par_1_32' title="bbox 2260 1709 3045 1771">
     <span class='ocr_line' id='line_1_32' title="bbox 2260 1709 3045 1771; baseline 0.011 -9"><span class='ocrx_word' id='word_1_219' title='bbox 2260 1709 2446 1764; x_wconf 90' lang='lat' dir='ltr'><strong>omnia</strong></span> <span class='ocrx_word' id='word_1_220' title='bbox 2478 1711 2674 1767; x_wconf 55' lang='lat' dir='ltr'><strong>saecula</strong></span> <span class='ocrx_word' id='word_1_221' title='bbox 2700 1713 3045 1771; x_wconf 65' lang='lat' dir='ltr'><strong>sreculorum.</strong></span> 
     </span>
    </p>
   </div>
   <div class='ocr_carea' id='block_1_33' title="bbox 578 1788 3776 1878">
    <p class='ocr_par' dir='ltr' id='par_1_33' title="bbox 578 1788 3776 1878">
     <span class='ocr_line' id='line_1_33' title="bbox 578 1788 3776 1878; baseline 0.009 -40"><span class='ocrx_word' id='word_1_222' title='bbox 578 1802 722 1853; x_wconf 90' lang='lat' dir='ltr'><strong>rum,</strong></span> <span class='ocrx_word' id='word_1_223' title='bbox 762 1788 993 1847; x_wconf 80' lang='lat' dir='ltr'><strong>lassatur</strong></span> <span class='ocrx_word' id='word_1_224' title='bbox 1038 1795 1358 1864; x_wconf 82' lang='lat' dir='ltr'><strong>populorum</strong></span> <span class='ocrx_word' id='word_1_225' title='bbox 1386 1838 1401 1862; x_wconf 93' lang='lat'><strong>,</strong></span> <span class='ocrx_word' id='word_1_226' title='bbox 1450 1797 1559 1853; x_wconf 79' lang='lat' dir='ltr'><strong>dux</strong></span> <span class='ocrx_word' id='word_1_227' title='bbox 1595 1800 1879 1857; x_wconf 80' lang='lat' dir='ltr'><strong>malorum.</strong></span> <span class='ocrx_word' id='word_1_228' title='bbox 1912 1803 2159 1875; x_wconf 74' lang='lat' dir='ltr'><strong>Agnosco</strong></span> <span class='ocrx_word' id='word_1_229' title='bbox 2188 1797 2234 1858; x_wconf 88' lang='lat' dir='ltr'><strong>B</strong></span> <span class='ocrx_word' id='word_1_230' title='bbox 2330 1800 2473 1855; x_wconf 80' lang='lat' dir='ltr'><strong>Alia.</strong></span> <span class='ocrx_word' id='word_1_231' title='bbox 2512 1801 2629 1870; x_wconf 89' lang='lat' dir='ltr'><strong>Dne</strong></span> <span class='ocrx_word' id='word_1_232' title='bbox 2675 1813 2863 1860; x_wconf 90' lang='lat' dir='ltr'><strong>sancte</strong></span> <span class='ocrx_word' id='word_1_233' title='bbox 2909 1805 3076 1862; x_wconf 87' lang='lat' dir='ltr'><strong>Pater</strong></span> <span class='ocrx_word' id='word_1_234' title='bbox 3124 1808 3469 1878; x_wconf 90' lang='lat' dir='ltr'><strong>omnipotens</strong></span> <span class='ocrx_word' id='word_1_235' title='bbox 3519 1820 3691 1868; x_wconf 63' lang='lat' dir='ltr'><strong>aeterne</strong></span> <span class='ocrx_word' id='word_1_236' title='bbox 3712 1814 3776 1878; x_wconf 85' lang='lat' dir='ltr'><strong>Ds,</strong></span> 
     </span>
    </p>
   </div>
   <div class='ocr_carea' id='block_1_34' title="bbox 578 1883 2160 1950">
    <p class='ocr_par' dir='ltr' id='par_1_34' title="bbox 578 1883 2160 1950">
     <span class='ocr_line' id='line_1_34' title="bbox 578 1883 2160 1950; baseline 0.012 -19"><span class='ocrx_word' id='word_1_237' title='bbox 578 1890 752 1934; x_wconf 82' lang='lat' dir='ltr'><strong>artem</strong></span> <span class='ocrx_word' id='word_1_238' title='bbox 801 1890 945 1936; x_wconf 90' lang='lat' dir='ltr'><strong>tuam</strong></span> <span class='ocrx_word' id='word_1_239' title='bbox 988 1883 1272 1941; x_wconf 89' lang='lat' dir='ltr'><strong>maledicte</strong></span> <span class='ocrx_word' id='word_1_240' title='bbox 1301 1887 1524 1945; x_wconf 87' lang='lat' dir='ltr'><strong>Satana.</strong></span> <span class='ocrx_word' id='word_1_241' title='bbox 1573 1890 1711 1949; x_wconf 89' lang='lat' dir='ltr'><strong>Ecce</strong></span> <span class='ocrx_word' id='word_1_242' title='bbox 1753 1892 2011 1949; x_wconf 84' lang='lat' dir='ltr'><strong>Gabrith</strong></span> <span class='ocrx_word' id='word_1_243' title='bbox 2049 1896 2160 1950; x_wconf 84' lang='lat' dir='ltr'><strong>An-</strong></span> 
     </span>
    </p>
   </div>
   <div class='ocr_carea' id='block_1_35' title="bbox 574 1962 2161 2049">
    <p class='ocr_par' dir='ltr' id='par_1_35' title="bbox 574 1962 2161 2049">
     <span class='ocr_line' id='line_1_35' title="bbox 574 1962 2161 2049; baseline 0.013 -29"><span class='ocrx_word' id='word_1_244' title='bbox 574 1962 725 2036; x_wconf 89' lang='lat' dir='ltr'><strong>gelus</strong></span> <span class='ocrx_word' id='word_1_245' title='bbox 755 1985 875 2025; x_wconf 91' lang='lat' dir='ltr'><strong>cum</strong></span> <span class='ocrx_word' id='word_1_246' title='bbox 909 1974 1144 2030; x_wconf 91' lang='lat' dir='ltr'><strong>turibulo</strong></span> <span class='ocrx_word' id='word_1_247' title='bbox 1171 1992 1336 2031; x_wconf 80' lang='lat' dir='ltr'><strong>aureo</strong></span> <span class='ocrx_word' id='word_1_248' title='bbox 1365 1979 1524 2049; x_wconf 86' lang='lat' dir='ltr'><strong>pleno</strong></span> <span class='ocrx_word' id='word_1_249' title='bbox 1552 1980 1775 2038; x_wconf 88' lang='lat' dir='ltr'><strong>incenso</strong></span> <span class='ocrx_word' id='word_1_250' title='bbox 1800 1984 1867 2039; x_wconf 91' lang='lat' dir='ltr'><strong>de</strong></span> <span class='ocrx_word' id='word_1_251' title='bbox 1897 1986 2161 2043; x_wconf 74' lang='lat' dir='ltr'><strong>orationi-</strong></span> 
     </span>
    </p>
   </div>
   <div class='ocr_carea' id='block_1_36' title="bbox 574 2061 2157 2145">
    <p class='ocr_par' dir='ltr' id='par_1_36' title="bbox 574 2061 2157 2145">
     <span class='ocr_line' id='line_1_36' title="bbox 574 2061 2157 2145; baseline 0.01 -31"><span class='ocrx_word' id='word_1_252' title='bbox 574 2061 675 2117; x_wconf 86' lang='lat' dir='ltr'><strong>bus</strong></span> <span class='ocrx_word' id='word_1_253' title='bbox 700 2073 1031 2119; x_wconf 90' lang='lat' dir='ltr'><strong>sanctorum.</strong></span> <span class='ocrx_word' id='word_1_254' title='bbox 1062 2066 1257 2122; x_wconf 89' lang='lat' dir='ltr'><strong>Invoco</strong></span> <span class='ocrx_word' id='word_1_255' title='bbox 1288 2080 1485 2125; x_wconf 88' lang='lat' dir='ltr'><strong>nomen</strong></span> <span class='ocrx_word' id='word_1_256' title='bbox 1518 2073 1818 2142; x_wconf 89' lang='lat' dir='ltr'><strong>majestatis</strong></span> <span class='ocrx_word' id='word_1_257' title='bbox 1848 2083 1951 2130; x_wconf 64' lang='lat' dir='ltr'><strong>tua:</strong></span> <span class='ocrx_word' id='word_1_258' title='bbox 1976 2076 2157 2145; x_wconf 90' lang='lat' dir='ltr'><strong>Pater,</strong></span> 
     </span>
    </p>
   </div>
   <div class='ocr_carea' id='block_1_37' title="bbox 574 2153 2207 2234">
    <p class='ocr_par' dir='ltr' id='par_1_37' title="bbox 574 2153 2207 2234">
     <span class='ocr_line' id='line_1_37' title="bbox 574 2153 2207 2234; baseline 0.01 -27"><span class='ocrx_word' id='word_1_259' title='bbox 574 2168 699 2207; x_wconf 87' lang='lat' dir='ltr'><strong>cum</strong></span> <span class='ocrx_word' id='word_1_260' title='bbox 732 2153 850 2225; x_wconf 79' lang='lat' dir='ltr'><strong>Xpo</strong></span> <span class='ocrx_word' id='word_1_261' title='bbox 870 2154 1006 2210; x_wconf 90' lang='lat' dir='ltr'><strong>Filio</strong></span> <span class='ocrx_word' id='word_1_262' title='bbox 1035 2166 1126 2212; x_wconf 90' lang='lat' dir='ltr'><strong>tuo</strong></span> <span class='ocrx_word' id='word_1_263' title='bbox 1146 2159 1237 2228; x_wconf 91' lang='lat' dir='ltr'><strong>qui</strong></span> <span class='ocrx_word' id='word_1_264' title='bbox 1269 2157 1396 2215; x_wconf 89' lang='lat' dir='ltr'><strong>fecit</strong></span> <span class='ocrx_word' id='word_1_265' title='bbox 1420 2162 1603 2217; x_wconf 91' lang='lat' dir='ltr'><strong>vinum</strong></span> <span class='ocrx_word' id='word_1_266' title='bbox 1635 2166 1702 2219; x_wconf 89' lang='lat' dir='ltr'><strong>de</strong></span> <span class='ocrx_word' id='word_1_267' title='bbox 1726 2180 1864 2234; x_wconf 89' lang='lat' dir='ltr'><strong>aqua</strong></span> <span class='ocrx_word' id='word_1_268' title='bbox 1893 2165 1944 2219; x_wconf 88' lang='lat' dir='ltr'><strong>in</strong></span> <span class='ocrx_word' id='word_1_269' title='bbox 1974 2166 2158 2223; x_wconf 88' lang='lat' dir='ltr'><strong>Chana</strong></span> <span class='ocrx_word' id='word_1_270' title='bbox 2200 2153 2207 2160; x_wconf 63' lang='grc'><strong>’</strong></span> 
     </span>
    </p>
   </div>
   <div class='ocr_carea' id='block_1_38' title="bbox 573 2242 2158 2322">
    <p class='ocr_par' dir='ltr' id='par_1_38' title="bbox 573 2242 2158 2322">
     <span class='ocr_line' id='line_1_38' title="bbox 573 2242 2158 2322; baseline 0.007 -24"><span class='ocrx_word' id='word_1_271' title='bbox 573 2242 810 2300; x_wconf 85' lang='lat' dir='ltr'><strong>Galileae.</strong></span> <span class='ocrx_word' id='word_1_272' title='bbox 843 2245 1153 2317; x_wconf 89' lang='lat' dir='ltr'><strong>lterumque</strong></span> <span class='ocrx_word' id='word_1_273' title='bbox 1176 2249 1449 2305; x_wconf 80' lang='lat' dir='ltr'><strong>benedixit</strong></span> <span class='ocrx_word' id='word_1_274' title='bbox 1480 2246 1720 2322; x_wconf 87' lang='lat' dir='ltr'><strong>quinque</strong></span> <span class='ocrx_word' id='word_1_275' title='bbox 1748 2270 1942 2310; x_wconf 87' lang='lat' dir='ltr'><strong>sensus</strong></span> <span class='ocrx_word' id='word_1_276' title='bbox 1980 2256 2158 2311; x_wconf 87' lang='lat' dir='ltr'><strong>homi-</strong></span> 
     </span>
    </p>
   </div>
   <div class='ocr_carea' id='block_1_39' title="bbox 569 2333 2159 2417">
    <p class='ocr_par' dir='ltr' id='par_1_39' title="bbox 569 2333 2159 2417">
     <span class='ocr_line' id='line_1_39' title="bbox 569 2333 2159 2417; baseline 0.009 -31"><span class='ocrx_word' id='word_1_277' title='bbox 569 2350 718 2387; x_wconf 90' lang='lat' dir='ltr'><strong>num.</strong></span> <span class='ocrx_word' id='word_1_278' title='bbox 767 2333 883 2389; x_wconf 86' lang='lat' dir='ltr'><strong>Non</strong></span> <span class='ocrx_word' id='word_1_279' title='bbox 927 2336 1091 2392; x_wconf 88' lang='lat' dir='ltr'><strong>lateat</strong></span> <span class='ocrx_word' id='word_1_280' title='bbox 1118 2338 1204 2393; x_wconf 91' lang='lat' dir='ltr'><strong>hic</strong></span> <span class='ocrx_word' id='word_1_281' title='bbox 1239 2337 1532 2396; x_wconf 83' lang='lat' dir='ltr'><strong>inmundus</strong></span> <span class='ocrx_word' id='word_1_282' title='bbox 1578 2344 1804 2412; x_wconf 87' lang='lat' dir='ltr'><strong>spiritus</strong></span> <span class='ocrx_word' id='word_1_283' title='bbox 1855 2346 1922 2399; x_wconf 89' lang='lat' dir='ltr'><strong>ab</strong></span> <span class='ocrx_word' id='word_1_284' title='bbox 1945 2346 2159 2417; x_wconf 90' lang='lat' dir='ltr'><strong>ungulis</strong></span> 
     </span>
    </p>
   </div>
   <div class='ocr_carea' id='block_1_40' title="bbox 576 2422 2159 2503">
    <p class='ocr_par' dir='ltr' id='par_1_40' title="bbox 576 2422 2159 2503">
     <span class='ocr_line' id='line_1_40' title="bbox 576 2422 2159 2503; baseline 0.011 -29"><span class='ocrx_word' id='word_1_285' title='bbox 576 2422 866 2493; x_wconf 79' lang='lat' dir='ltr'><strong>digitorum</strong></span> <span class='ocrx_word' id='word_1_286' title='bbox 919 2439 1092 2495; x_wconf 88' lang='lat' dir='ltr'><strong>usque</strong></span> <span class='ocrx_word' id='word_1_287' title='bbox 1139 2428 1204 2481; x_wconf 87' lang='lat' dir='ltr'><strong>ad</strong></span> <span class='ocrx_word' id='word_1_288' title='bbox 1247 2429 1509 2484; x_wconf 87' lang='lat' dir='ltr'><strong>verticem</strong></span> <span class='ocrx_word' id='word_1_289' title='bbox 1561 2432 1775 2501; x_wconf 83' lang='lat' dir='ltr'><strong>capitis.</strong></span> <span class='ocrx_word' id='word_1_290' title='bbox 1809 2434 2019 2503; x_wconf 86' lang='lat' dir='ltr'><strong>Adjuva</strong></span> <span class='ocrx_word' id='word_1_291' title='bbox 2047 2437 2159 2491; x_wconf 91' lang='lat' dir='ltr'><strong>Dne</strong></span> 
     </span>
    </p>
   </div>
   <div class='ocr_carea' id='block_1_41' title="bbox 572 2513 2156 2590">
    <p class='ocr_par' dir='ltr' id='par_1_41' title="bbox 572 2513 2156 2590">
     <span class='ocr_line' id='line_1_41' title="bbox 572 2513 2156 2590; baseline 0.009 -24"><span class='ocrx_word' id='word_1_292' title='bbox 572 2513 871 2585; x_wconf 68' lang='lat' dir='ltr'><strong>fau&#39;tu-l-lun&#39;t</strong></span> <span class='ocrx_word' id='word_1_293' title='bbox 905 2526 1051 2572; x_wconf 90' lang='lat' dir='ltr'><strong>tuum</strong></span> <span class='ocrx_word' id='word_1_294' title='bbox 1080 2516 1144 2572; x_wconf 85' lang='lat' dir='ltr'><strong>N.</strong></span> <span class='ocrx_word' id='word_1_295' title='bbox 1175 2520 1316 2574; x_wconf 90' lang='lat' dir='ltr'><strong>sicut</strong></span> <span class='ocrx_word' id='word_1_296' title='bbox 1343 2520 1609 2590; x_wconf 88' lang='lat' dir='ltr'><strong>adjuvasti</strong></span> <span class='ocrx_word' id='word_1_297' title='bbox 1638 2523 1827 2579; x_wconf 86' lang='lat' dir='ltr'><strong>Saram</strong></span> <span class='ocrx_word' id='word_1_298' title='bbox 1858 2526 2021 2582; x_wconf 87' lang='lat' dir='ltr'><strong>filiam</strong></span> <span class='ocrx_word' id='word_1_299' title='bbox 2048 2528 2156 2583; x_wconf 84' lang='lat' dir='ltr'><strong>Ra-</strong></span> 
     </span>
    </p>
   </div>
   <div class='ocr_carea' id='block_1_42' title="bbox 570 2603 2159 2673">
    <p class='ocr_par' dir='ltr' id='par_1_42' title="bbox 570 2603 2159 2673">
     <span class='ocr_line' id='line_1_42' title="bbox 570 2603 2159 2673; baseline 0.009 -17"><span class='ocrx_word' id='word_1_300' title='bbox 570 2603 728 2671; x_wconf 84' lang='lat' dir='ltr'><strong>guhel</strong></span> <span class='ocrx_word' id='word_1_301' title='bbox 756 2621 771 2657; x_wconf 86' lang='lat'><strong>:</strong></span> <span class='ocrx_word' id='word_1_302' title='bbox 797 2606 938 2660; x_wconf 90' lang='lat' dir='ltr'><strong>sicut</strong></span> <span class='ocrx_word' id='word_1_303' title='bbox 975 2607 1289 2664; x_wconf 88' lang='lat' dir='ltr'><strong>illuminasti</strong></span> <span class='ocrx_word' id='word_1_304' title='bbox 1317 2611 1502 2666; x_wconf 86' lang='lat' dir='ltr'><strong>oculos</strong></span> <span class='ocrx_word' id='word_1_305' title='bbox 1532 2611 1714 2668; x_wconf 68' lang='lat' dir='ltr'><strong>Tobiae</strong></span> <span class='ocrx_word' id='word_1_306' title='bbox 1743 2632 1755 2667; x_wconf 93' lang='lat'>:</span> <span class='ocrx_word' id='word_1_307' title='bbox 1788 2615 1928 2671; x_wconf 91' lang='lat' dir='ltr'><strong>sicut</strong></span> <span class='ocrx_word' id='word_1_308' title='bbox 1959 2617 2159 2673; x_wconf 88' lang='lat' dir='ltr'><strong>libera-</strong></span> 
     </span>
    </p>
   </div>
   <div class='ocr_carea' id='block_1_43' title="bbox 567 2693 2156 2777">
    <p class='ocr_par' dir='ltr' id='par_1_43' title="bbox 567 2693 2156 2777">
     <span class='ocr_line' id='line_1_43' title="bbox 567 2693 2156 2777; baseline 0.01 -30"><span class='ocrx_word' id='word_1_309' title='bbox 567 2694 634 2748; x_wconf 77' lang='lat' dir='ltr'><strong>sti</strong></span> <span class='ocrx_word' id='word_1_310' title='bbox 661 2693 798 2750; x_wconf 87' lang='lat' dir='ltr'><strong>Loth</strong></span> <span class='ocrx_word' id='word_1_311' title='bbox 827 2695 893 2751; x_wconf 91' lang='lat' dir='ltr'><strong>de</strong></span> <span class='ocrx_word' id='word_1_312' title='bbox 922 2696 1204 2777; x_wconf 89' lang='lat' dir='ltr'><strong>Sodomis:</strong></span> <span class='ocrx_word' id='word_1_313' title='bbox 1226 2700 1367 2757; x_wconf 89' lang='lat' dir='ltr'><strong>sicut</strong></span> <span class='ocrx_word' id='word_1_314' title='bbox 1392 2702 1633 2758; x_wconf 88' lang='lat' dir='ltr'><strong>liberasti</strong></span> <span class='ocrx_word' id='word_1_315' title='bbox 1670 2704 1836 2759; x_wconf 87' lang='lat' dir='ltr'><strong>David</strong></span> <span class='ocrx_word' id='word_1_316' title='bbox 1866 2707 2059 2777; x_wconf 75' lang='lat' dir='ltr'><strong>(suppl.</strong></span> <span class='ocrx_word' id='word_1_317' title='bbox 2091 2709 2156 2763; x_wconf 93' lang='lat' dir='ltr'><strong>de</strong></span> 
     </span>
    </p>
   </div>
   <div class='ocr_carea' id='block_1_44' title="bbox 568 2787 2156 2861">
    <p class='ocr_par' dir='ltr' id='par_1_44' title="bbox 568 2787 2156 2861">
     <span class='ocr_line' id='line_1_44' title="bbox 568 2787 2156 2861; baseline 0.011 -23"><span class='ocrx_word' id='word_1_318' title='bbox 568 2788 753 2859; x_wconf 88' lang='lat' dir='ltr'><strong>manu)</strong></span> <span class='ocrx_word' id='word_1_319' title='bbox 786 2787 915 2843; x_wconf 91' lang='lat' dir='ltr'><strong>Saul</strong></span> <span class='ocrx_word' id='word_1_320' title='bbox 950 2791 1134 2861; x_wconf 84' lang='lat' dir='ltr'><strong>regis:</strong></span> <span class='ocrx_word' id='word_1_321' title='bbox 1171 2793 1312 2848; x_wconf 90' lang='lat' dir='ltr'><strong>sicut</strong></span> <span class='ocrx_word' id='word_1_322' title='bbox 1360 2794 1602 2851; x_wconf 86' lang='lat' dir='ltr'><strong>liberasti</strong></span> <span class='ocrx_word' id='word_1_323' title='bbox 1635 2796 1854 2851; x_wconf 87' lang='lat' dir='ltr'><strong>Teclam</strong></span> <span class='ocrx_word' id='word_1_324' title='bbox 1881 2799 1947 2854; x_wconf 90' lang='lat' dir='ltr'><strong>de</strong></span> <span class='ocrx_word' id='word_1_325' title='bbox 1981 2800 2156 2856; x_wconf 84' lang='lat' dir='ltr'><strong>tribus</strong></span> 
     </span>
    </p>
   </div>
   <div class='ocr_carea' id='block_1_45' title="bbox 568 2880 2155 2959">
    <p class='ocr_par' dir='ltr' id='par_1_45' title="bbox 568 2880 2155 2959">
     <span class='ocr_line' id='line_1_45' title="bbox 568 2880 2155 2959; baseline 0.011 -29"><span class='ocrx_word' id='word_1_326' title='bbox 568 2880 871 2945; x_wconf 89' lang='lat' dir='ltr'><strong>tormentis,</strong></span> <span class='ocrx_word' id='word_1_327' title='bbox 902 2890 962 2935; x_wconf 90' lang='lat' dir='ltr'><strong>ttt</strong></span> <span class='ocrx_word' id='word_1_328' title='bbox 988 2884 1175 2938; x_wconf 88' lang='lat' dir='ltr'><strong>credat</strong></span> <span class='ocrx_word' id='word_1_329' title='bbox 1203 2885 1627 2955; x_wconf 87' lang='lat' dir='ltr'><strong>omnipotentem</strong></span> <span class='ocrx_word' id='word_1_330' title='bbox 1660 2898 1823 2959; x_wconf 90' lang='lat' dir='ltr'><strong>atque</strong></span> <span class='ocrx_word' id='word_1_331' title='bbox 1857 2890 1911 2944; x_wconf 89' lang='lat' dir='ltr'><strong>in</strong></span> <span class='ocrx_word' id='word_1_332' title='bbox 1942 2890 2035 2946; x_wconf 92' lang='lat' dir='ltr'><strong>Dei</strong></span> <span class='ocrx_word' id='word_1_333' title='bbox 2068 2907 2155 2948; x_wconf 58' lang='lat' dir='ltr'><strong>sar</strong></span> 
     </span>
    </p>
   </div>
   <div class='ocr_carea' id='block_1_46' title="bbox 564 2969 1381 3037">
    <p class='ocr_par' dir='ltr' id='par_1_46' title="bbox 564 2969 1381 3037">
     <span class='ocr_line' id='line_1_46' title="bbox 564 2969 1381 3037; baseline 0.013 -16"><span class='ocrx_word' id='word_1_334' title='bbox 564 2969 820 3037; x_wconf 89' lang='lat' dir='ltr'><strong>pientiam</strong></span> <span class='ocrx_word' id='word_1_335' title='bbox 852 2981 908 3027; x_wconf 94' lang='lat' dir='ltr'><strong>et</strong></span> <span class='ocrx_word' id='word_1_336' title='bbox 937 2974 1287 3030; x_wconf 88' lang='lat' dir='ltr'><strong>intellectum.</strong></span> <span class='ocrx_word' id='word_1_337' title='bbox 1322 2978 1381 3032; x_wconf 87' lang='lat' dir='ltr'><strong>P.</strong></span> 
     </span>
    </p>
   </div>
   <div class='ocr_carea' id='block_1_47' title="bbox 635 3062 2155 3141">
    <p class='ocr_par' dir='ltr' id='par_1_47' title="bbox 635 3062 2155 3141">
     <span class='ocr_line' id='line_1_47' title="bbox 635 3062 2155 3141; baseline 0.011 -25"><span class='ocrx_word' id='word_1_338' title='bbox 635 3062 843 3119; x_wconf 74' lang='lat' dir='ltr'><strong>Adiuro</strong></span> <span class='ocrx_word' id='word_1_339' title='bbox 873 3073 928 3119; x_wconf 89' lang='lat' dir='ltr'><strong>et</strong></span> <span class='ocrx_word' id='word_1_340' title='bbox 957 3066 1219 3137; x_wconf 88' lang='lat' dir='ltr'><strong>deprecor</strong></span> <span class='ocrx_word' id='word_1_341' title='bbox 1244 3067 1358 3123; x_wconf 88' lang='lat' dir='ltr'><strong>Due</strong></span> <span class='ocrx_word' id='word_1_342' title='bbox 1397 3070 1609 3141; x_wconf 86' lang='lat' dir='ltr'><strong>signum</strong></span> <span class='ocrx_word' id='word_1_343' title='bbox 1653 3083 1938 3131; x_wconf 90' lang='lat' dir='ltr'><strong>cruentum</strong></span> <span class='ocrx_word' id='word_1_344' title='bbox 1976 3078 2155 3132; x_wconf 89' lang='lat' dir='ltr'><strong>crucis</strong></span> 
     </span>
    </p>
   </div>
   <div class='ocr_carea' id='block_1_48' title="bbox 2261 1894 3778 1974">
    <p class='ocr_par' dir='ltr' id='par_1_48' title="bbox 2261 1894 3778 1974">
     <span class='ocr_line' id='line_1_48' title="bbox 2261 1894 3778 1974; baseline 0.006 -23"><span class='ocrx_word' id='word_1_345' title='bbox 2261 1894 2474 1951; x_wconf 87' lang='lat' dir='ltr'><strong>Osanna</strong></span> <span class='ocrx_word' id='word_1_346' title='bbox 2508 1898 2559 1952; x_wconf 93' lang='lat' dir='ltr'><strong>in</strong></span> <span class='ocrx_word' id='word_1_347' title='bbox 2591 1898 3023 1964; x_wconf 81' lang='lat' dir='ltr'><strong>excelsis,Pater</strong></span> <span class='ocrx_word' id='word_1_348' title='bbox 3051 1899 3153 1954; x_wconf 91' lang='lat' dir='ltr'><strong>Dni</strong></span> <span class='ocrx_word' id='word_1_349' title='bbox 3193 1902 3277 1955; x_wconf 93' lang='lat' dir='ltr'><strong>nri</strong></span> <span class='ocrx_word' id='word_1_350' title='bbox 3299 1902 3397 1956; x_wconf 87' lang='lat' dir='ltr'><strong>lhu</strong></span> <span class='ocrx_word' id='word_1_351' title='bbox 3429 1902 3547 1973; x_wconf 83' lang='lat' dir='ltr'><strong>Xpi,</strong></span> <span class='ocrx_word' id='word_1_352' title='bbox 3570 1904 3647 1974; x_wconf 87' lang='lat' dir='ltr'><strong>qui</strong></span> <span class='ocrx_word' id='word_1_353' title='bbox 3672 1905 3778 1959; x_wconf 83' lang='lat' dir='ltr'><strong>illum</strong></span> 
     </span>
    </p>
   </div>
   <div class='ocr_carea' id='block_1_49' title="bbox 2260 1986 3778 2063">
    <p class='ocr_par' dir='ltr' id='par_1_49' title="bbox 2260 1986 3778 2063">
     <span class='ocr_line' id='line_1_49' title="bbox 2260 1986 3778 2063; baseline 0.005 -23"><span class='ocrx_word' id='word_1_354' title='bbox 2260 1986 2440 2043; x_wconf 73' lang='lat' dir='ltr'><strong>locum</strong></span> <span class='ocrx_word' id='word_1_355' title='bbox 2483 1986 2727 2059; x_wconf 82' lang='lat' dir='ltr'><strong>refugam</strong></span> <span class='ocrx_word' id='word_1_356' title='bbox 2783 1997 3069 2060; x_wconf 82' lang='lat' dir='ltr'><strong>tyrannum</strong></span> <span class='ocrx_word' id='word_1_357' title='bbox 3113 1991 3380 2059; x_wconf 73' lang='lat' dir='ltr'><strong>gehennae</strong></span> <span class='ocrx_word' id='word_1_358' title='bbox 3419 1992 3677 2062; x_wconf 85' lang='lat' dir='ltr'><strong>deputasti,</strong></span> <span class='ocrx_word' id='word_1_359' title='bbox 3714 1996 3778 2063; x_wconf 84' lang='lat' dir='ltr'><strong>qui</strong></span> 
     </span>
    </p>
   </div>
   <div class='ocr_carea' id='block_1_50' title="bbox 2264 2078 3777 2157">
    <p class='ocr_par' dir='ltr' id='par_1_50' title="bbox 2264 2078 3777 2157">
     <span class='ocr_line' id='line_1_50' title="bbox 2264 2078 3777 2157; baseline 0.004 -24"><span class='ocrx_word' id='word_1_360' title='bbox 2264 2078 2611 2157; x_wconf 76' lang='lat' dir='ltr'><strong>Upigenitum</strong></span> <span class='ocrx_word' id='word_1_361' title='bbox 2643 2088 2793 2155; x_wconf 85' lang='lat' dir='ltr'><strong>tuum</strong></span> <span class='ocrx_word' id='word_1_362' title='bbox 2822 2081 2876 2135; x_wconf 93' lang='lat' dir='ltr'><strong>in</strong></span> <span class='ocrx_word' id='word_1_363' title='bbox 2902 2081 3050 2135; x_wconf 87' lang='lat' dir='ltr'><strong>hunc</strong></span> <span class='ocrx_word' id='word_1_364' title='bbox 3081 2082 3341 2136; x_wconf 87' lang='lat' dir='ltr'><strong>mundum</strong></span> <span class='ocrx_word' id='word_1_365' title='bbox 3370 2083 3575 2147; x_wconf 90' lang='lat' dir='ltr'><strong>misisti,</strong></span> <span class='ocrx_word' id='word_1_366' title='bbox 3600 2094 3651 2142; x_wconf 88' lang='lat' dir='ltr'><strong>ut</strong></span> <span class='ocrx_word' id='word_1_367' title='bbox 3672 2084 3777 2139; x_wconf 84' lang='lat' dir='ltr'><strong>illum</strong></span> 
     </span>
    </p>
   </div>
   <div class='ocr_carea' id='block_1_51' title="bbox 2260 2171 3779 2242">
    <p class='ocr_par' dir='ltr' id='par_1_51' title="bbox 2260 2171 3779 2242">
     <span class='ocr_line' id='line_1_51' title="bbox 2260 2171 3779 2242; baseline 0.003 -17"><span class='ocrx_word' id='word_1_368' title='bbox 2260 2171 2567 2241; x_wconf 76' lang='lat' dir='ltr'><strong>rugientem</strong></span> <span class='ocrx_word' id='word_1_369' title='bbox 2596 2171 2804 2227; x_wconf 89' lang='lat' dir='ltr'><strong>leonem</strong></span> <span class='ocrx_word' id='word_1_370' title='bbox 2835 2181 3079 2228; x_wconf 85' lang='lat' dir='ltr'><strong>conteret</strong></span> <span class='ocrx_word' id='word_1_371' title='bbox 3110 2172 3389 2242; x_wconf 81' lang='lat' dir='ltr'><strong>velociter,</strong></span> <span class='ocrx_word' id='word_1_372' title='bbox 3430 2173 3638 2230; x_wconf 87' lang='lat' dir='ltr'><strong>adtende</strong></span> <span class='ocrx_word' id='word_1_373' title='bbox 3667 2191 3779 2230; x_wconf 66' lang='grc' dir='ltr'><strong>παθη</strong></span> 
     </span>
    </p>
   </div>
   <div class='ocr_carea' id='block_1_52' title="bbox 2261 2264 3777 2334">
    <p class='ocr_par' dir='ltr' id='par_1_52' title="bbox 2261 2264 3777 2334">
     <span class='ocr_line' id='line_1_52' title="bbox 2261 2264 3777 2334; baseline 0.001 -15"><span class='ocrx_word' id='word_1_374' title='bbox 2261 2264 2374 2320; x_wconf 90' lang='lat' dir='ltr'><strong>lera</strong></span> <span class='ocrx_word' id='word_1_375' title='bbox 2410 2273 2469 2319; x_wconf 88' lang='lat' dir='ltr'><strong>ut</strong></span> <span class='ocrx_word' id='word_1_376' title='bbox 2495 2265 2694 2334; x_wconf 87' lang='lat' dir='ltr'><strong>eripias</strong></span> <span class='ocrx_word' id='word_1_377' title='bbox 2738 2265 3021 2327; x_wconf 9' lang='lat' dir='ltr'><strong>hominem,</strong></span> <span class='ocrx_word' id='word_1_378' title='bbox 3047 2268 3153 2320; x_wconf 88' lang='lat' dir='ltr'><strong>tuis</strong></span> <span class='ocrx_word' id='word_1_379' title='bbox 3200 2267 3495 2321; x_wconf 84' lang='lat' dir='ltr'><strong>formatum</strong></span> <span class='ocrx_word' id='word_1_380' title='bbox 3536 2267 3777 2321; x_wconf 81' lang='lat' dir='ltr'><strong>manibusa</strong></span> 
     </span>
    </p>
   </div>
   <div class='ocr_carea' id='block_1_53' title="bbox 2259 2356 3778 2413">
    <p class='ocr_par' dir='ltr' id='par_1_53' title="bbox 2259 2356 3778 2413">
     <span class='ocr_line' id='line_1_53' title="bbox 2259 2356 3778 2413; baseline -0.001 -2"><span class='ocrx_word' id='word_1_381' title='bbox 2259 2358 2417 2413; x_wconf 89' lang='lat' dir='ltr'><strong>ruina</strong></span> <span class='ocrx_word' id='word_1_382' title='bbox 2446 2365 2502 2411; x_wconf 89' lang='lat' dir='ltr'><strong>et</strong></span> <span class='ocrx_word' id='word_1_383' title='bbox 2528 2357 2779 2412; x_wconf 92' lang='lat' dir='ltr'><strong>demonio</strong></span> <span class='ocrx_word' id='word_1_384' title='bbox 2808 2356 3131 2411; x_wconf 89' lang='lat' dir='ltr'><strong>meridiano.</strong></span> <span class='ocrx_word' id='word_1_385' title='bbox 3159 2357 3232 2410; x_wconf 89' lang='lat' dir='ltr'><strong>Da</strong></span> <span class='ocrx_word' id='word_1_386' title='bbox 3259 2356 3376 2412; x_wconf 87' lang='lat' dir='ltr'><strong>Dne</strong></span> <span class='ocrx_word' id='word_1_387' title='bbox 3406 2366 3646 2413; x_wconf 84' lang='lat' dir='ltr'><strong>terrorem</strong></span> <span class='ocrx_word' id='word_1_388' title='bbox 3670 2368 3778 2411; x_wconf 83' lang='lat' dir='ltr'><strong>tuum</strong></span> 
     </span>
    </p>
   </div>
   <div class='ocr_carea' id='block_1_54' title="bbox 2258 2448 3776 2519">
    <p class='ocr_par' dir='ltr' id='par_1_54' title="bbox 2258 2448 3776 2519">
     <span class='ocr_line' id='line_1_54' title="bbox 2258 2448 3776 2519; baseline 0 -15"><span class='ocrx_word' id='word_1_389' title='bbox 2258 2464 2420 2518; x_wconf 87' lang='lat' dir='ltr'><strong>super</strong></span> <span class='ocrx_word' id='word_1_390' title='bbox 2451 2448 2698 2515; x_wconf 87' lang='lat' dir='ltr'><strong>bestiam,</strong></span> <span class='ocrx_word' id='word_1_391' title='bbox 2730 2465 2851 2519; x_wconf 76' lang='lat' dir='ltr'><strong>qua:</strong></span> <span class='ocrx_word' id='word_1_392' title='bbox 2879 2449 3267 2504; x_wconf 84' lang='lat' dir='ltr'><strong>extermmabit</strong></span> <span class='ocrx_word' id='word_1_393' title='bbox 3312 2449 3527 2504; x_wconf 89' lang='lat' dir='ltr'><strong>vineam</strong></span> <span class='ocrx_word' id='word_1_394' title='bbox 3557 2459 3696 2504; x_wconf 83' lang='lat' dir='ltr'><strong>tuam.</strong></span> <span class='ocrx_word' id='word_1_395' title='bbox 3722 2449 3776 2504; x_wconf 76' lang='lat' dir='ltr'><strong>Ila</strong></span> 
     </span>
    </p>
   </div>
   <div class='ocr_carea' id='block_1_55' title="bbox 2259 2539 3777 2609">
    <p class='ocr_par' dir='ltr' id='par_1_55' title="bbox 2259 2539 3777 2609">
     <span class='ocr_line' id='line_1_55' title="bbox 2259 2539 3777 2609; baseline -0.001 -15"><span class='ocrx_word' id='word_1_396' title='bbox 2259 2540 2511 2596; x_wconf 89' lang='lat' dir='ltr'><strong>fiduciam</strong></span> <span class='ocrx_word' id='word_1_397' title='bbox 2558 2541 2733 2597; x_wconf 88' lang='lat' dir='ltr'><strong>servis</strong></span> <span class='ocrx_word' id='word_1_398' title='bbox 2786 2540 2893 2595; x_wconf 89' lang='lat' dir='ltr'><strong>tuis</strong></span> <span class='ocrx_word' id='word_1_399' title='bbox 2945 2550 3131 2595; x_wconf 83' lang='lat' dir='ltr'><strong>contra</strong></span> <span class='ocrx_word' id='word_1_400' title='bbox 3198 2541 3581 2609; x_wconf 90' lang='lat' dir='ltr'><strong>nequissimum</strong></span> <span class='ocrx_word' id='word_1_401' title='bbox 3616 2539 3777 2593; x_wconf 80' lang='lat' dir='ltr'><strong>fortiter</strong></span> 
     </span>
    </p>
   </div>
   <div class='ocr_carea' id='block_1_56' title="bbox 2257 2633 3779 2706">
    <p class='ocr_par' dir='ltr' id='par_1_56' title="bbox 2257 2633 3779 2706">
     <span class='ocr_line' id='line_1_56' title="bbox 2257 2633 3779 2706; baseline -0.002 -18"><span class='ocrx_word' id='word_1_402' title='bbox 2257 2643 2403 2688; x_wconf 89' lang='lat' dir='ltr'><strong>stare</strong></span> <span class='ocrx_word' id='word_1_403' title='bbox 2430 2634 2744 2689; x_wconf 89' lang='lat' dir='ltr'><strong>draconem.</strong></span> <span class='ocrx_word' id='word_1_404' title='bbox 2779 2633 2890 2688; x_wconf 82' lang='lat' dir='ltr'><strong>Nec</strong></span> <span class='ocrx_word' id='word_1_405' title='bbox 2930 2642 3244 2706; x_wconf 85' lang='lat' dir='ltr'><strong>contemnat</strong></span> <span class='ocrx_word' id='word_1_406' title='bbox 3282 2642 3583 2703; x_wconf 89' lang='lat' dir='ltr'><strong>sperantem</strong></span> <span class='ocrx_word' id='word_1_407' title='bbox 3604 2634 3658 2694; x_wconf 55' lang='lat' dir='ltr'><strong>,in</strong></span> <span class='ocrx_word' id='word_1_408' title='bbox 3684 2641 3779 2686; x_wconf 81' lang='lat' dir='ltr'><strong>teet</strong></span> 
     </span>
    </p>
   </div>
   <div class='ocr_carea' id='block_1_57' title="bbox 2257 2723 3775 2794">
    <p class='ocr_par' dir='ltr' id='par_1_57' title="bbox 2257 2723 3775 2794">
     <span class='ocr_line' id='line_1_57' title="bbox 2257 2723 3775 2794; baseline -0.001 -17"><span class='ocrx_word' id='word_1_409' title='bbox 2257 2723 2406 2778; x_wconf 75' lang='lat' dir='ltr'><strong>dicat</strong></span> <span class='ocrx_word' id='word_1_410' title='bbox 2441 2724 2581 2778; x_wconf 87' lang='lat' dir='ltr'><strong>sicut</strong></span> <span class='ocrx_word' id='word_1_411' title='bbox 2625 2724 2678 2777; x_wconf 92' lang='lat' dir='ltr'><strong>in</strong></span> <span class='ocrx_word' id='word_1_412' title='bbox 2708 2723 2993 2778; x_wconf 83' lang='lat' dir='ltr'><strong>Pharaone</strong></span> <span class='ocrx_word' id='word_1_413' title='bbox 3020 2724 3135 2794; x_wconf 88' lang='lat' dir='ltr'><strong>jam</strong></span> <span class='ocrx_word' id='word_1_414' title='bbox 3182 2725 3320 2779; x_wconf 79' lang='lat' dir='ltr'><strong>dixit</strong></span> <span class='ocrx_word' id='word_1_415' title='bbox 3350 2742 3363 2779; x_wconf 92' lang='lat'><strong>:</strong></span> <span class='ocrx_word' id='word_1_416' title='bbox 3390 2724 3523 2780; x_wconf 88' lang='lat' dir='ltr'><strong>Dum</strong></span> <span class='ocrx_word' id='word_1_417' title='bbox 3554 2740 3645 2779; x_wconf 89' lang='lat' dir='ltr'><strong>non</strong></span> <span class='ocrx_word' id='word_1_418' title='bbox 3669 2725 3775 2787; x_wconf 82' lang='lat' dir='ltr'><strong>novi,</strong></span> 
     </span>
    </p>
   </div>
   <div class='ocr_carea' id='block_1_58' title="bbox 2254 2813 3768 2884">
    <p class='ocr_par' dir='ltr' id='par_1_58' title="bbox 2254 2813 3768 2884">
     <span class='ocr_line' id='line_1_58' title="bbox 2254 2813 3768 2884; baseline 0.002 -17"><span class='ocrx_word' id='word_1_419' title='bbox 2254 2829 2353 2869; x_wconf 91' lang='lat' dir='ltr'><strong>nec</strong></span> <span class='ocrx_word' id='word_1_420' title='bbox 2373 2813 2534 2869; x_wconf 85' lang='lat' dir='ltr'><strong>Israel</strong></span> <span class='ocrx_word' id='word_1_421' title='bbox 2556 2815 2785 2869; x_wconf 88' lang='lat' dir='ltr'><strong>dimitto.</strong></span> <span class='ocrx_word' id='word_1_422' title='bbox 2811 2814 3050 2883; x_wconf 82' lang='lat' dir='ltr'><strong>Urgueat</strong></span> <span class='ocrx_word' id='word_1_423' title='bbox 3079 2814 3227 2870; x_wconf 88' lang='lat' dir='ltr'><strong>illum</strong></span> <span class='ocrx_word' id='word_1_424' title='bbox 3252 2816 3481 2872; x_wconf 81' lang='lat' dir='ltr'><strong>dextera</strong></span> <span class='ocrx_word' id='word_1_425' title='bbox 3505 2825 3583 2870; x_wconf 88' lang='lat' dir='ltr'><strong>tua</strong></span> <span class='ocrx_word' id='word_1_426' title='bbox 3607 2824 3768 2884; x_wconf 80' lang='lat' dir='ltr'><strong>potens,</strong></span> 
     </span>
    </p>
   </div>
   <div class='ocr_carea' id='block_1_59' title="bbox 2256 2905 3778 2977">
    <p class='ocr_par' dir='ltr' id='par_1_59' title="bbox 2256 2905 3778 2977">
     <span class='ocr_line' id='line_1_59' title="bbox 2256 2905 3778 2977; baseline 0 -19"><span class='ocrx_word' id='word_1_427' title='bbox 2256 2913 2315 2959; x_wconf 90' lang='lat' dir='ltr'><strong>ut</strong></span> <span class='ocrx_word' id='word_1_428' title='bbox 2355 2906 2595 2960; x_wconf 85' lang='lat' dir='ltr'><strong>discedat</strong></span> <span class='ocrx_word' id='word_1_429' title='bbox 2639 2921 2668 2959; x_wconf 87' lang='lat' dir='ltr'><strong>a</strong></span> <span class='ocrx_word' id='word_1_430' title='bbox 2699 2905 2897 2960; x_wconf 89' lang='lat' dir='ltr'><strong>famulo</strong></span> <span class='ocrx_word' id='word_1_431' title='bbox 2932 2914 3025 2959; x_wconf 91' lang='lat' dir='ltr'><strong>tuo</strong></span> <span class='ocrx_word' id='word_1_432' title='bbox 3073 2905 3137 2959; x_wconf 85' lang='lat' dir='ltr'><strong>N.</strong></span> <span class='ocrx_word' id='word_1_433' title='bbox 3188 2906 3266 2961; x_wconf 90' lang='lat' dir='ltr'><strong>Ne</strong></span> <span class='ocrx_word' id='word_1_434' title='bbox 3309 2907 3513 2962; x_wconf 88' lang='lat' dir='ltr'><strong>diutius</strong></span> <span class='ocrx_word' id='word_1_435' title='bbox 3550 2914 3778 2977; x_wconf 57' lang='lat' dir='ltr'><strong>prrsumat</strong></span> 
     </span>
    </p>
   </div>
   <div class='ocr_carea' id='block_1_60' title="bbox 2256 2994 3776 3065">
    <p class='ocr_par' dir='ltr' id='par_1_60' title="bbox 2256 2994 3776 3065">
     <span class='ocr_line' id='line_1_60' title="bbox 2256 2994 3776 3065; baseline 0 -17"><span class='ocrx_word' id='word_1_436' title='bbox 2256 2994 2530 3063; x_wconf 87' lang='lat' dir='ltr'><strong>captivum</strong></span> <span class='ocrx_word' id='word_1_437' title='bbox 2578 3003 2762 3050; x_wconf 90' lang='lat' dir='ltr'><strong>tenere</strong></span> <span class='ocrx_word' id='word_1_438' title='bbox 2796 2994 3109 3058; x_wconf 90' lang='lat' dir='ltr'><strong>hominem,</strong></span> <span class='ocrx_word' id='word_1_439' title='bbox 3145 3010 3308 3065; x_wconf 91' lang='lat' dir='ltr'><strong>quem</strong></span> <span class='ocrx_word' id='word_1_440' title='bbox 3349 3008 3405 3050; x_wconf 90' lang='lat' dir='ltr'><strong>tu</strong></span> <span class='ocrx_word' id='word_1_441' title='bbox 3445 2997 3509 3051; x_wconf 91' lang='lat' dir='ltr'><strong>ad</strong></span> <span class='ocrx_word' id='word_1_442' title='bbox 3549 2996 3776 3065; x_wconf 79' lang='lat' dir='ltr'><strong>imaginem</strong></span> 
     </span>
    </p>
   </div>
   <div class='ocr_carea' id='block_1_61' title="bbox 2260 3084 3775 3155">
    <p class='ocr_par' dir='ltr' id='par_1_61' title="bbox 2260 3084 3775 3155">
     <span class='ocr_line' id='line_1_61' title="bbox 2260 3084 3775 3155; baseline 0 -19"><span class='ocrx_word' id='word_1_443' title='bbox 2260 3092 2407 3147; x_wconf 80' lang='lat' dir='ltr'><strong>tuam</strong></span> <span class='ocrx_word' id='word_1_444' title='bbox 2438 3084 2901 3151; x_wconf 83' lang='lat' dir='ltr'><strong>facere-dignatus</strong></span> <span class='ocrx_word' id='word_1_445' title='bbox 2928 3099 3009 3140; x_wconf 73' lang='lat' dir='ltr'><strong>es;</strong></span> <span class='ocrx_word' id='word_1_446' title='bbox 3047 3085 3252 3154; x_wconf 72' lang='lat' dir='ltr'><strong>Adiuro</strong></span> <span class='ocrx_word' id='word_1_447' title='bbox 3287 3095 3343 3140; x_wconf 91' lang='lat' dir='ltr'><strong>te</strong></span> <span class='ocrx_word' id='word_1_448' title='bbox 3372 3101 3585 3155; x_wconf 89' lang='lat' dir='ltr'><strong>serpens</strong></span> <span class='ocrx_word' id='word_1_449' title='bbox 3610 3084 3775 3151; x_wconf 80' lang='lat' dir='ltr'><strong>antique</strong></span> 
     </span>
    </p>
   </div>
   <div class='ocr_carea' id='block_1_62' title="bbox 564 3152 3774 3246">
    <p class='ocr_par' dir='ltr' id='par_1_62' title="bbox 564 3152 3774 3246">
     <span class='ocr_line' id='line_1_62' title="bbox 564 3152 3774 3246; baseline 0.007 -40"><span class='ocrx_word' id='word_1_450' title='bbox 564 3160 621 3206; x_wconf 91' lang='lat' dir='ltr'><strong>et</strong></span> <span class='ocrx_word' id='word_1_451' title='bbox 646 3152 910 3224; x_wconf 87' lang='lat' dir='ltr'><strong>Golgotha</strong></span> <span class='ocrx_word' id='word_1_452' title='bbox 951 3158 1183 3225; x_wconf 90' lang='lat' dir='ltr'><strong>speciem</strong></span> <span class='ocrx_word' id='word_1_453' title='bbox 1224 3158 1400 3215; x_wconf 74' lang='lat' dir='ltr'><strong>rubra:</strong></span> <span class='ocrx_word' id='word_1_454' title='bbox 1430 3161 1599 3229; x_wconf 90' lang='lat' dir='ltr'><strong>rupis,</strong></span> <span class='ocrx_word' id='word_1_455' title='bbox 1635 3178 1665 3217; x_wconf 92' lang='lat' dir='ltr'><strong>a</strong></span> <span class='ocrx_word' id='word_1_456' title='bbox 1693 3167 1956 3236; x_wconf 85' lang='lat' dir='ltr'><strong>sanguine</strong></span> <span class='ocrx_word' id='word_1_457' title='bbox 1993 3165 2152 3235; x_wconf 84' lang='lat' dir='ltr'><strong>hujus</strong></span> <span class='ocrx_word' id='word_1_458' title='bbox 2180 3154 2223 3216; x_wconf 89' lang='lat' dir='ltr'><strong><em>C</em></strong></span> <span class='ocrx_word' id='word_1_459' title='bbox 2254 3189 2354 3244; x_wconf 69' lang='lat' dir='ltr'><strong>per</strong></span> <span class='ocrx_word' id='word_1_460' title='bbox 2388 3175 2626 3244; x_wconf 69' lang='lat' dir='ltr'><strong>judice.“</strong></span> <span class='ocrx_word' id='word_1_461' title='bbox 2658 3175 2900 3229; x_wconf 68' lang='lat' dir='ltr'><strong>vivorum</strong></span> <span class='ocrx_word' id='word_1_462' title='bbox 2938 3183 2994 3229; x_wconf 76' lang='lat' dir='ltr'><strong>et</strong></span> <span class='ocrx_word' id='word_1_463' title='bbox 3024 3152 3399 3240; x_wconf 73' lang='lat' dir='ltr'><strong>mortuorum,</strong></span> <span class='ocrx_word' id='word_1_464' title='bbox 3442 3152 3536 3246; x_wconf 69' lang='lat' dir='ltr'><strong>per</strong></span> <span class='ocrx_word' id='word_1_465' title='bbox 3572 3176 3774 3229; x_wconf 85' lang='lat' dir='ltr'><strong>factorem</strong></span> 
     </span>
    </p>
   </div>
   <div class='ocr_carea' id='block_1_63' title="bbox 562 3241 2153 3326">
    <p class='ocr_par' dir='ltr' id='par_1_63' title="bbox 562 3241 2153 3326">
     <span class='ocr_line' id='line_1_63' title="bbox 562 3241 2153 3326; baseline 0.009 -30"><span class='ocrx_word' id='word_1_466' title='bbox 562 3241 871 3299; x_wconf 76' lang='lat' dir='ltr'><strong>Judaeorum</strong></span> <span class='ocrx_word' id='word_1_467' title='bbox 898 3246 1078 3318; x_wconf 86' lang='lat' dir='ltr'><strong>magni</strong></span> <span class='ocrx_word' id='word_1_468' title='bbox 1111 3246 1254 3319; x_wconf 85' lang='lat' dir='ltr'><strong>regis</strong></span> <span class='ocrx_word' id='word_1_469' title='bbox 1285 3248 1379 3302; x_wconf 89' lang='lat' dir='ltr'><strong>lhu</strong></span> <span class='ocrx_word' id='word_1_470' title='bbox 1410 3248 1513 3319; x_wconf 82' lang='lat' dir='ltr'><strong>Xpi</strong></span> <span class='ocrx_word' id='word_1_471' title='bbox 1544 3252 1644 3306; x_wconf 89' lang='lat' dir='ltr'><strong>Dni</strong></span> <span class='ocrx_word' id='word_1_472' title='bbox 1681 3253 1763 3308; x_wconf 93' lang='lat' dir='ltr'><strong>nri</strong></span> <span class='ocrx_word' id='word_1_473' title='bbox 1796 3255 2153 3326; x_wconf 86' lang='lat' dir='ltr'><strong>redemptoris</strong></span> 
     </span>
    </p>
   </div>
   <div class='ocr_carea' id='block_1_64' title="bbox 566 3331 2154 3411">
    <p class='ocr_par' dir='ltr' id='par_1_64' title="bbox 566 3331 2154 3411">
     <span class='ocr_line' id='line_1_64' title="bbox 566 3331 2154 3411; baseline 0.011 -24"><span class='ocrx_word' id='word_1_474' title='bbox 566 3331 815 3389; x_wconf 79' lang='lat' dir='ltr'><strong>altissimi</strong></span> <span class='ocrx_word' id='word_1_475' title='bbox 859 3338 1245 3406; x_wconf 89' lang='lat' dir='ltr'><strong>omnipotentis</strong></span> <span class='ocrx_word' id='word_1_476' title='bbox 1270 3340 1365 3396; x_wconf 93' lang='lat' dir='ltr'><strong>Dni</strong></span> <span class='ocrx_word' id='word_1_477' title='bbox 1397 3343 1656 3411; x_wconf 85' lang='lat' dir='ltr'><strong>unigeniti</strong></span> <span class='ocrx_word' id='word_1_478' title='bbox 1687 3345 1807 3400; x_wconf 83' lang='lat' dir='ltr'><strong>Filii</strong></span> <span class='ocrx_word' id='word_1_479' title='bbox 1838 3346 2037 3403; x_wconf 86' lang='lat' dir='ltr'><strong>Patris.</strong></span> <span class='ocrx_word' id='word_1_480' title='bbox 2068 3348 2154 3405; x_wconf 85' lang='lat' dir='ltr'><strong>Si-</strong></span> 
     </span>
    </p>
   </div>
   <div class='ocr_carea' id='block_1_65' title="bbox 564 3426 2152 3507">
    <p class='ocr_par' dir='ltr' id='par_1_65' title="bbox 564 3426 2152 3507">
     <span class='ocr_line' id='line_1_65' title="bbox 564 3426 2152 3507; baseline 0.011 -30"><span class='ocrx_word' id='word_1_481' title='bbox 564 3441 729 3496; x_wconf 83' lang='lat' dir='ltr'><strong>gnum</strong></span> <span class='ocrx_word' id='word_1_482' title='bbox 784 3426 1159 3484; x_wconf 89' lang='lat' dir='ltr'><strong>admirandum</strong></span> <span class='ocrx_word' id='word_1_483' title='bbox 1199 3431 1355 3487; x_wconf 90' lang='lat' dir='ltr'><strong>valde</strong></span> <span class='ocrx_word' id='word_1_484' title='bbox 1383 3433 1599 3490; x_wconf 89' lang='lat' dir='ltr'><strong>virtutis</strong></span> <span class='ocrx_word' id='word_1_485' title='bbox 1641 3439 1823 3493; x_wconf 90' lang='lat' dir='ltr'><strong>crucis</strong></span> <span class='ocrx_word' id='word_1_486' title='bbox 1853 3438 1958 3507; x_wconf 79' lang='lat' dir='ltr'><strong>Xpi</strong></span> <span class='ocrx_word' id='word_1_487' title='bbox 2003 3439 2152 3495; x_wconf 84' lang='lat' dir='ltr'><strong>altis-</strong></span> 
     </span>
    </p>
   </div>
   <div class='ocr_carea' id='block_1_66' title="bbox 566 3517 2201 3601">
    <p class='ocr_par' dir='ltr' id='par_1_66' title="bbox 566 3517 2201 3601">
     <span class='ocr_line' id='line_1_66' title="bbox 566 3517 2201 3601; baseline 0.012 -31"><span class='ocrx_word' id='word_1_488' title='bbox 566 3517 711 3595; x_wconf 84' lang='lat' dir='ltr'><strong>simi,</strong></span> <span class='ocrx_word' id='word_1_489' title='bbox 742 3526 801 3573; x_wconf 92' lang='lat' dir='ltr'><strong>ut</strong></span> <span class='ocrx_word' id='word_1_490' title='bbox 834 3519 996 3573; x_wconf 91' lang='lat' dir='ltr'><strong>istum</strong></span> <span class='ocrx_word' id='word_1_491' title='bbox 1034 3521 1306 3578; x_wconf 91' lang='lat' dir='ltr'><strong>hominem</strong></span> <span class='ocrx_word' id='word_1_492' title='bbox 1338 3535 1588 3581; x_wconf 80' lang='lat' dir='ltr'><strong>vexatum</strong></span> <span class='ocrx_word' id='word_1_493' title='bbox 1632 3544 1663 3583; x_wconf 91' lang='lat' dir='ltr'><strong>a</strong></span> <span class='ocrx_word' id='word_1_494' title='bbox 1690 3530 1922 3601; x_wconf 85' lang='lat' dir='ltr'><strong>maligna</strong></span> <span class='ocrx_word' id='word_1_495' title='bbox 1951 3532 2150 3588; x_wconf 88' lang='lat' dir='ltr'><strong>virtute</strong></span> <span class='ocrx_word' id='word_1_496' title='bbox 2198 3576 2201 3579; x_wconf 89' lang='grc'><strong><em>-</em></strong></span> 
     </span>
    </p>
   </div>
   <div class='ocr_carea' id='block_1_67' title="bbox 556 3590 1113 3680">
    <p class='ocr_par' dir='ltr' id='par_1_67' title="bbox 556 3590 1113 3680">
     <span class='ocr_line' id='line_1_67' title="bbox 556 3590 1113 3680; baseline 0.005 -17"><span class='ocrx_word' id='word_1_497' title='bbox 556 3590 796 3680; x_wconf 67' lang='lat' dir='ltr'><strong>adiuvet.</strong></span> <span class='ocrx_word' id='word_1_498' title='bbox 826 3609 930 3666; x_wconf 89' lang='lat' dir='ltr'><strong>Per</strong></span> <span class='ocrx_word' id='word_1_499' title='bbox 954 3610 1113 3667; x_wconf 90' lang='lat' dir='ltr'><strong>Dum.</strong></span> 
     </span>
    </p>
   </div>
   <div class='ocr_carea' id='block_1_68' title="bbox 630 3700 2150 3781">
    <p class='ocr_par' dir='ltr' id='par_1_68' title="bbox 630 3700 2150 3781">
     <span class='ocr_line' id='line_1_68' title="bbox 630 3700 2150 3781; baseline 0.009 -28"><span class='ocrx_word' id='word_1_500' title='bbox 630 3700 777 3756; x_wconf 84' lang='lat' dir='ltr'><strong>Alia.</strong></span> <span class='ocrx_word' id='word_1_501' title='bbox 798 3701 1066 3772; x_wconf 89' lang='lat' dir='ltr'><strong>Deprecor</strong></span> <span class='ocrx_word' id='word_1_502' title='bbox 1098 3703 1211 3760; x_wconf 91' lang='lat' dir='ltr'><strong>Dne</strong></span> <span class='ocrx_word' id='word_1_503' title='bbox 1240 3705 1326 3761; x_wconf 91' lang='lat' dir='ltr'><strong>die</strong></span> <span class='ocrx_word' id='word_1_504' title='bbox 1358 3714 1647 3778; x_wconf 83' lang='lat' dir='ltr'><strong>noctuque,</strong></span> <span class='ocrx_word' id='word_1_505' title='bbox 1689 3709 1943 3781; x_wconf 75' lang='lat' dir='ltr'><strong>sig-l-num</strong></span> <span class='ocrx_word' id='word_1_506' title='bbox 1988 3712 2150 3781; x_wconf 88' lang='lat' dir='ltr'><strong>maje-</strong></span> 
     </span>
    </p>
   </div>
   <div class='ocr_carea' id='block_1_69' title="bbox 563 3786 2149 3873">
    <p class='ocr_par' dir='ltr' id='par_1_69' title="bbox 563 3786 2149 3873">
     <span class='ocr_line' id='line_1_69' title="bbox 563 3786 2149 3873; baseline 0.011 -31"><span class='ocrx_word' id='word_1_507' title='bbox 563 3789 724 3843; x_wconf 89' lang='lat' dir='ltr'><strong>statis</strong></span> <span class='ocrx_word' id='word_1_508' title='bbox 757 3789 970 3856; x_wconf 69' lang='lat' dir='ltr'><strong>diviute,</strong></span> <span class='ocrx_word' id='word_1_509' title='bbox 1020 3792 1275 3864; x_wconf 59' lang='lat' dir='ltr'><strong>sig-fnum</strong></span> <span class='ocrx_word' id='word_1_510' title='bbox 1312 3786 1526 3861; x_wconf 80' lang='lat' dir='ltr'><strong>summe</strong></span> <span class='ocrx_word' id='word_1_511' title='bbox 1564 3786 1822 3855; x_wconf 78' lang='lat' dir='ltr'><strong>bonitatis</strong></span> <span class='ocrx_word' id='word_1_512' title='bbox 1850 3801 1944 3856; x_wconf 90' lang='lat' dir='ltr'><strong>Dei</strong></span> <span class='ocrx_word' id='word_1_513' title='bbox 1987 3811 2149 3873; x_wconf 92' lang='lat' dir='ltr'><strong>atque</strong></span> 
     </span>
    </p>
   </div>
   <div class='ocr_carea' id='block_1_70' title="bbox 562 3879 2145 3961">
    <p class='ocr_par' dir='ltr' id='par_1_70' title="bbox 562 3879 2145 3961">
     <span class='ocr_line' id='line_1_70' title="bbox 562 3879 2145 3961; baseline 0.008 -26"><span class='ocrx_word' id='word_1_514' title='bbox 562 3879 871 3948; x_wconf 80' lang='lat' dir='ltr'><strong>inefl‘abilis,</strong></span> <span class='ocrx_word' id='word_1_515' title='bbox 900 3883 1154 3955; x_wconf 56' lang='lat' dir='ltr'><strong>sig-fnum</strong></span> <span class='ocrx_word' id='word_1_516' title='bbox 1187 3902 1379 3958; x_wconf 90' lang='lat' dir='ltr'><strong>magne</strong></span> <span class='ocrx_word' id='word_1_517' title='bbox 1421 3890 1637 3958; x_wconf 85' lang='lat' dir='ltr'><strong>pietatis</strong></span> <span class='ocrx_word' id='word_1_518' title='bbox 1675 3893 1932 3961; x_wconf 65' lang='lat' dir='ltr'><strong>potentia:</strong></span> <span class='ocrx_word' id='word_1_519' title='bbox 1978 3895 2145 3948; x_wconf 85' lang='lat' dir='ltr'><strong>subli-</strong></span> 
     </span>
    </p>
   </div>
   <div class='ocr_carea' id='block_1_71' title="bbox 561 3973 2143 4055">
    <p class='ocr_par' dir='ltr' id='par_1_71' title="bbox 561 3973 2143 4055">
     <span class='ocr_line' id='line_1_71' title="bbox 561 3973 2143 4055; baseline 0.009 -29"><span class='ocrx_word' id='word_1_520' title='bbox 561 3973 683 4039; x_wconf 90' lang='lat' dir='ltr'><strong>mis,</strong></span> <span class='ocrx_word' id='word_1_521' title='bbox 721 3974 970 4044; x_wconf 51' lang='lat' dir='ltr'><strong>sig-fnum</strong></span> <span class='ocrx_word' id='word_1_522' title='bbox 1008 3977 1191 4044; x_wconf 72' lang='lat' dir='ltr'><strong>gloria:</strong></span> <span class='ocrx_word' id='word_1_523' title='bbox 1227 3980 1463 4036; x_wconf 64' lang='lat' dir='ltr'><strong>caelestis</strong></span> <span class='ocrx_word' id='word_1_524' title='bbox 1495 3981 1860 4048; x_wconf 84' lang='lat' dir='ltr'><strong>admirabilis,</strong></span> <span class='ocrx_word' id='word_1_525' title='bbox 1891 3985 2143 4055; x_wconf 56' lang='lat' dir='ltr'><strong>sigfnum</strong></span> 
     </span>
    </p>
   </div>
   <div class='ocr_carea' id='block_1_72' title="bbox 560 4066 2146 4144">
    <p class='ocr_par' dir='ltr' id='par_1_72' title="bbox 560 4066 2146 4144">
     <span class='ocr_line' id='line_1_72' title="bbox 560 4066 2146 4144; baseline 0.006 -25"><span class='ocrx_word' id='word_1_526' title='bbox 560 4066 752 4135; x_wconf 84' lang='lat' dir='ltr'><strong>salutis</strong></span> <span class='ocrx_word' id='word_1_527' title='bbox 800 4075 1016 4123; x_wconf 65' lang='lat' dir='ltr'><strong>aeternae</strong></span> <span class='ocrx_word' id='word_1_528' title='bbox 1066 4084 1130 4124; x_wconf 87' lang='lat' dir='ltr'><strong>ac</strong></span> <span class='ocrx_word' id='word_1_529' title='bbox 1172 4071 1297 4125; x_wconf 69' lang='lat' dir='ltr'><strong>vitre</strong></span> <span class='ocrx_word' id='word_1_530' title='bbox 1325 4081 1619 4141; x_wconf 64' lang='lat' dir='ltr'><strong>perpetuae,</strong></span> <span class='ocrx_word' id='word_1_531' title='bbox 1673 4073 1927 4143; x_wconf 61' lang='lat' dir='ltr'><strong>sigi-uum</strong></span> <span class='ocrx_word' id='word_1_532' title='bbox 1956 4074 2146 4144; x_wconf 75' lang='lat' dir='ltr'><strong>palma:</strong></span> 
     </span>
    </p>
   </div>
   <div class='ocr_carea' id='block_1_73' title="bbox 562 4157 2145 4233">
    <p class='ocr_par' dir='ltr' id='par_1_73' title="bbox 562 4157 2145 4233">
     <span class='ocr_line' id='line_1_73' title="bbox 562 4157 2145 4233; baseline 0.006 -23"><span class='ocrx_word' id='word_1_533' title='bbox 562 4157 913 4227; x_wconf 13' lang='lat' dir='ltr'><strong>ac&#39;victorim</strong></span> <span class='ocrx_word' id='word_1_534' title='bbox 944 4168 1264 4230; x_wconf 84' lang='lat' dir='ltr'><strong>martyrum,</strong></span> <span class='ocrx_word' id='word_1_535' title='bbox 1314 4162 1565 4231; x_wconf 56' lang='lat' dir='ltr'><strong>sig-fnum</strong></span> <span class='ocrx_word' id='word_1_536' title='bbox 1613 4163 1750 4218; x_wconf 89' lang='lat' dir='ltr'><strong>lucis</strong></span> <span class='ocrx_word' id='word_1_537' title='bbox 1801 4165 2145 4233; x_wconf 69' lang='lat' dir='ltr'><strong>sempiternae</strong></span> 
     </span>
    </p>
   </div>
   <div class='ocr_carea' id='block_1_74' title="bbox 564 4246 2148 4321">
    <p class='ocr_par' dir='ltr' id='par_1_74' title="bbox 564 4246 2148 4321">
     <span class='ocr_line' id='line_1_74' title="bbox 564 4246 2148 4321; baseline 0.006 -22"><span class='ocrx_word' id='word_1_538' title='bbox 564 4254 877 4301; x_wconf 84' lang='lat' dir='ltr'><strong>sanctorum</strong></span> <span class='ocrx_word' id='word_1_539' title='bbox 936 4248 1123 4315; x_wconf 88' lang='lat' dir='ltr'><strong>requie</strong></span> <span class='ocrx_word' id='word_1_540' title='bbox 1185 4246 1456 4302; x_wconf 80' lang='lat' dir='ltr'><strong>fructuum</strong></span> <span class='ocrx_word' id='word_1_541' title='bbox 1507 4249 1625 4305; x_wconf 87' lang='lat' dir='ltr'><strong>sine</strong></span> <span class='ocrx_word' id='word_1_542' title='bbox 1690 4250 1796 4306; x_wconf 87' lang='lat' dir='ltr'><strong>fine</strong></span> <span class='ocrx_word' id='word_1_543' title='bbox 1867 4252 1921 4306; x_wconf 93' lang='lat' dir='ltr'><strong>in</strong></span> <span class='ocrx_word' id='word_1_544' title='bbox 1983 4267 2148 4321; x_wconf 87' lang='lat' dir='ltr'><strong>regno</strong></span> 
     </span>
    </p>
   </div>
   <div class='ocr_carea' id='block_1_75' title="bbox 633 4409 2143 4483">
    <p class='ocr_par' dir='ltr' id='par_1_75' title="bbox 633 4409 2143 4483">
     <span class='ocr_line' id='line_1_75' title="bbox 633 4409 2143 4483; baseline 0.005 -19"><span class='ocrx_word' id='word_1_545' title='bbox 633 4409 781 4481; x_wconf 71' lang='lat'><strong>(262)</strong></span> <span class='ocrx_word' id='word_1_546' title='bbox 826 4410 995 4483; x_wconf 85' lang='lat' dir='ltr'><strong>Igitur</strong></span> <span class='ocrx_word' id='word_1_547' title='bbox 1020 4412 1354 4468; x_wconf 83' lang='lat' dir='ltr'><strong>orationibus</strong></span> <span class='ocrx_word' id='word_1_548' title='bbox 1377 4422 1432 4467; x_wconf 91' lang='lat' dir='ltr'><strong>et</strong></span> <span class='ocrx_word' id='word_1_549' title='bbox 1459 4416 1776 4470; x_wconf 83' lang='lat' dir='ltr'><strong>cxorcismis</strong></span> <span class='ocrx_word' id='word_1_550' title='bbox 1817 4426 2003 4472; x_wconf 89' lang='lat' dir='ltr'><strong>contra</strong></span> <span class='ocrx_word' id='word_1_551' title='bbox 2035 4418 2143 4472; x_wconf 72' lang='lat' dir='ltr'><strong>da:-</strong></span> 
     </span>
    </p>
   </div>
   <div class='ocr_carea' id='block_1_76' title="bbox 560 4485 2141 4558">
    <p class='ocr_par' dir='ltr' id='par_1_76' title="bbox 560 4485 2141 4558">
     <span class='ocr_line' id='line_1_76' title="bbox 560 4485 2141 4558; baseline 0.003 -22"><span class='ocrx_word' id='word_1_552' title='bbox 560 4496 750 4558; x_wconf 74' lang='lat' dir='ltr'><strong>ntones</strong></span> <span class='ocrx_word' id='word_1_553' title='bbox 784 4496 869 4536; x_wconf 90' lang='lat' dir='ltr'><strong>res</strong></span> <span class='ocrx_word' id='word_1_554' title='bbox 894 4490 978 4558; x_wconf 80' lang='lat' dir='ltr'><strong>est</strong></span> <span class='ocrx_word' id='word_1_555' title='bbox 1001 4485 1204 4558; x_wconf 74' lang='lat' dir='ltr'><strong>agenda</strong></span> <span class='ocrx_word' id='word_1_556' title='bbox 1233 4485 1418 4552; x_wconf 89' lang='lat' dir='ltr'><strong>procul</strong></span> <span class='ocrx_word' id='word_1_557' title='bbox 1443 4486 1669 4541; x_wconf 84' lang='lat' dir='ltr'><strong>curiosis</strong></span> <span class='ocrx_word' id='word_1_558' title='bbox 1708 4487 2141 4558; x_wconf 82' lang='lat' dir='ltr'><strong>interrogationi-</strong></span> 
     </span>
    </p>
   </div>
   <div class='ocr_carea' id='block_1_77' title="bbox 2252 3265 3772 3336">
    <p class='ocr_par' dir='ltr' id='par_1_77' title="bbox 2252 3265 3772 3336">
     <span class='ocr_line' id='line_1_77' title="bbox 2252 3265 3772 3336; baseline -0.002 -16"><span class='ocrx_word' id='word_1_559' title='bbox 2252 3266 2461 3329; x_wconf 90' lang='lat' dir='ltr'><strong>mundi,</strong></span> <span class='ocrx_word' id='word_1_560' title='bbox 2505 3281 2600 3336; x_wconf 91' lang='lat' dir='ltr'><strong>per</strong></span> <span class='ocrx_word' id='word_1_561' title='bbox 2638 3281 2762 3322; x_wconf 91' lang='lat' dir='ltr'><strong>eum</strong></span> <span class='ocrx_word' id='word_1_562' title='bbox 2801 3267 2892 3335; x_wconf 93' lang='lat' dir='ltr'><strong>qui</strong></span> <span class='ocrx_word' id='word_1_563' title='bbox 2937 3267 3101 3321; x_wconf 88' lang='lat' dir='ltr'><strong>habet</strong></span> <span class='ocrx_word' id='word_1_564' title='bbox 3140 3274 3470 3335; x_wconf 89' lang='lat' dir='ltr'><strong>potestatem</strong></span> <span class='ocrx_word' id='word_1_565' title='bbox 3513 3268 3695 3322; x_wconf 87' lang='lat' dir='ltr'><strong>mittere</strong></span> <span class='ocrx_word' id='word_1_566' title='bbox 3734 3265 3772 3317; x_wconf 86' lang='lat' dir='ltr'><strong>in</strong></span> 
     </span>
    </p>
   </div>
   <div class='ocr_carea' id='block_1_78' title="bbox 2252 3356 3773 3431">
    <p class='ocr_par' dir='ltr' id='par_1_78' title="bbox 2252 3356 3773 3431">
     <span class='ocr_line' id='line_1_78' title="bbox 2252 3356 3773 3431; baseline -0.003 -18"><span class='ocrx_word' id='word_1_567' title='bbox 2252 3358 2576 3428; x_wconf 83' lang='lat' dir='ltr'><strong>gehennam,</strong></span> <span class='ocrx_word' id='word_1_568' title='bbox 2605 3368 2661 3413; x_wconf 88' lang='lat' dir='ltr'><strong>ut</strong></span> <span class='ocrx_word' id='word_1_569' title='bbox 2692 3360 2759 3413; x_wconf 89' lang='lat' dir='ltr'><strong>ab</strong></span> <span class='ocrx_word' id='word_1_570' title='bbox 2792 3359 2894 3413; x_wconf 90' lang='lat' dir='ltr'><strong>hoc</strong></span> <span class='ocrx_word' id='word_1_571' title='bbox 2925 3357 3127 3414; x_wconf 89' lang='lat' dir='ltr'><strong>famulo</strong></span> <span class='ocrx_word' id='word_1_572' title='bbox 3156 3358 3250 3414; x_wconf 91' lang='lat' dir='ltr'><strong>Dei</strong></span> <span class='ocrx_word' id='word_1_573' title='bbox 3279 3357 3348 3414; x_wconf 84' lang='lat' dir='ltr'><strong>N.</strong></span> <span class='ocrx_word' id='word_1_574' title='bbox 3379 3361 3472 3431; x_wconf 89' lang='lat' dir='ltr'><strong>qui</strong></span> <span class='ocrx_word' id='word_1_575' title='bbox 3500 3360 3563 3414; x_wconf 90' lang='lat' dir='ltr'><strong>ad</strong></span> <span class='ocrx_word' id='word_1_576' title='bbox 3587 3356 3773 3413; x_wconf 64' lang='lat' dir='ltr'><strong>ecclesia</strong></span> 
     </span>
    </p>
   </div>
   <div class='ocr_carea' id='block_1_79' title="bbox 2254 3448 3773 3520">
    <p class='ocr_par' dir='ltr' id='par_1_79' title="bbox 2254 3448 3773 3520">
     <span class='ocr_line' id='line_1_79' title="bbox 2254 3448 3773 3520; baseline -0.003 -16"><span class='ocrx_word' id='word_1_577' title='bbox 2254 3449 2345 3504; x_wconf 88' lang='lat' dir='ltr'><strong>Dei</strong></span> <span class='ocrx_word' id='word_1_578' title='bbox 2373 3450 2631 3520; x_wconf 60' lang='lat' dir='ltr'><strong>praesepia</strong></span> <span class='ocrx_word' id='word_1_579' title='bbox 2660 3451 2919 3513; x_wconf 81' lang='lat' dir='ltr'><strong>cucurrit,</strong></span> <span class='ocrx_word' id='word_1_580' title='bbox 2955 3466 3095 3509; x_wconf 57' lang='lat' dir='ltr'><strong>cum,</strong></span> <span class='ocrx_word' id='word_1_581' title='bbox 3116 3460 3290 3516; x_wconf 88' lang='lat' dir='ltr'><strong>metu,</strong></span> <span class='ocrx_word' id='word_1_582' title='bbox 3321 3461 3379 3506; x_wconf 90' lang='lat' dir='ltr'><strong>et</strong></span> <span class='ocrx_word' id='word_1_583' title='bbox 3407 3451 3630 3507; x_wconf 77' lang='lat' dir='ltr'><strong>exercitu</strong></span> <span class='ocrx_word' id='word_1_584' title='bbox 3650 3448 3773 3507; x_wconf 64' lang='lat' dir='ltr'><strong>.furo-</strong></span> 
     </span>
    </p>
   </div>
   <div class='ocr_carea' id='block_1_80' title="bbox 2251 3537 3768 3611">
    <p class='ocr_par' dir='ltr' id='par_1_80' title="bbox 2251 3537 3768 3611">
     <span class='ocr_line' id='line_1_80' title="bbox 2251 3537 3768 3611; baseline -0.002 -20"><span class='ocrx_word' id='word_1_585' title='bbox 2251 3538 2327 3591; x_wconf 88' lang='lat' dir='ltr'><strong>ris</strong></span> <span class='ocrx_word' id='word_1_586' title='bbox 2355 3539 2428 3594; x_wconf 90' lang='lat' dir='ltr'><strong>tui</strong></span> <span class='ocrx_word' id='word_1_587' title='bbox 2458 3538 2686 3594; x_wconf 90' lang='lat' dir='ltr'><strong>festinus</strong></span> <span class='ocrx_word' id='word_1_588' title='bbox 2715 3539 2980 3603; x_wconf 87' lang='lat' dir='ltr'><strong>discedas.</strong></span> <span class='ocrx_word' id='word_1_589' title='bbox 3010 3538 3283 3611; x_wconf 68' lang='lat' dir='ltr'><strong>‘Ad-t-juro</strong></span> <span class='ocrx_word' id='word_1_590' title='bbox 3316 3549 3372 3596; x_wconf 90' lang='lat' dir='ltr'><strong>te</strong></span> <span class='ocrx_word' id='word_1_591' title='bbox 3401 3556 3504 3596; x_wconf 91' lang='lat' dir='ltr'><strong>non</strong></span> <span class='ocrx_word' id='word_1_592' title='bbox 3533 3556 3635 3595; x_wconf 86' lang='lat' dir='ltr'><strong>mea</strong></span> <span class='ocrx_word' id='word_1_593' title='bbox 3658 3537 3768 3592; x_wconf 79' lang='lat' dir='ltr'><strong>inﬁr-</strong></span> 
     </span>
    </p>
   </div>
   <div class='ocr_carea' id='block_1_81' title="bbox 2249 3625 3764 3703">
    <p class='ocr_par' dir='ltr' id='par_1_81' title="bbox 2249 3625 3764 3703">
     <span class='ocr_line' id='line_1_81' title="bbox 2249 3625 3764 3703; baseline -0.001 -20"><span class='ocrx_word' id='word_1_594' title='bbox 2249 3630 2458 3694; x_wconf 87' lang='lat' dir='ltr'><strong>mitate,</strong></span> <span class='ocrx_word' id='word_1_595' title='bbox 2504 3632 2596 3686; x_wconf 88' lang='lat' dir='ltr'><strong>sed</strong></span> <span class='ocrx_word' id='word_1_596' title='bbox 2634 3632 2834 3687; x_wconf 89' lang='lat' dir='ltr'><strong>virtute</strong></span> <span class='ocrx_word' id='word_1_597' title='bbox 2874 3631 2976 3703; x_wconf 90' lang='lat' dir='ltr'><strong>Sps</strong></span> <span class='ocrx_word' id='word_1_598' title='bbox 3015 3632 3115 3695; x_wconf 85' lang='lat' dir='ltr'><strong>sci,</strong></span> <span class='ocrx_word' id='word_1_599' title='bbox 3150 3640 3212 3686; x_wconf 93' lang='lat' dir='ltr'><strong>ut</strong></span> <span class='ocrx_word' id='word_1_600' title='bbox 3248 3631 3499 3688; x_wconf 87' lang='lat' dir='ltr'><strong>discedas</strong></span> <span class='ocrx_word' id='word_1_601' title='bbox 3526 3631 3588 3686; x_wconf 89' lang='lat' dir='ltr'><strong>ab</strong></span> <span class='ocrx_word' id='word_1_602' title='bbox 3616 3625 3764 3700; x_wconf 73' lang='lat' dir='ltr'><strong>e-l-oN.</strong></span> 
     </span>
    </p>
   </div>
   <div class='ocr_carea' id='block_1_82' title="bbox 2249 3720 3764 3793">
    <p class='ocr_par' dir='ltr' id='par_1_82' title="bbox 2249 3720 3764 3793">
     <span class='ocr_line' id='line_1_82' title="bbox 2249 3720 3764 3793; baseline -0.001 -19"><span class='ocrx_word' id='word_1_603' title='bbox 2249 3736 2409 3790; x_wconf 86' lang='lat' dir='ltr'><strong>quem</strong></span> <span class='ocrx_word' id='word_1_604' title='bbox 2436 3724 2650 3791; x_wconf 87' lang='lat' dir='ltr'><strong>omnips</strong></span> <span class='ocrx_word' id='word_1_605' title='bbox 2674 3724 2817 3777; x_wconf 89' lang='lat' dir='ltr'><strong>Deus</strong></span> <span class='ocrx_word' id='word_1_606' title='bbox 2849 3724 2917 3777; x_wconf 86' lang='lat' dir='ltr'><strong>ad</strong></span> <span class='ocrx_word' id='word_1_607' title='bbox 2953 3723 3241 3793; x_wconf 84' lang='lat' dir='ltr'><strong>imaginem</strong></span> <span class='ocrx_word' id='word_1_608' title='bbox 3268 3738 3424 3778; x_wconf 87' lang='lat' dir='ltr'><strong>suam</strong></span> <span class='ocrx_word' id='word_1_609' title='bbox 3467 3722 3602 3778; x_wconf 87' lang='lat' dir='ltr'><strong>fecit.</strong></span> <span class='ocrx_word' id='word_1_610' title='bbox 3642 3720 3764 3781; x_wconf 82' lang='lat' dir='ltr'><strong>Cede,</strong></span> 
     </span>
    </p>
   </div>
   <div class='ocr_carea' id='block_1_83' title="bbox 2196 3811 3770 3884">
    <p class='ocr_par' dir='ltr' id='par_1_83' title="bbox 2196 3811 3770 3884">
     <span class='ocr_line' id='line_1_83' title="bbox 2196 3811 3770 3884; baseline -0.002 -20"><span class='ocrx_word' id='word_1_611' title='bbox 2196 3852 2201 3857; x_wconf 89' lang='lat'><strong>.</strong></span> <span class='ocrx_word' id='word_1_612' title='bbox 2248 3812 2380 3865; x_wconf 88' lang='lat' dir='ltr'><strong>cede</strong></span> <span class='ocrx_word' id='word_1_613' title='bbox 2432 3828 2538 3866; x_wconf 87' lang='lat' dir='ltr'><strong>non</strong></span> <span class='ocrx_word' id='word_1_614' title='bbox 2582 3813 2713 3867; x_wconf 90' lang='lat' dir='ltr'><strong>mihi</strong></span> <span class='ocrx_word' id='word_1_615' title='bbox 2768 3813 2862 3868; x_wconf 90' lang='lat' dir='ltr'><strong>sed</strong></span> <span class='ocrx_word' id='word_1_616' title='bbox 2912 3813 3186 3884; x_wconf 82' lang='lat' dir='ltr'><strong>mysteriis</strong></span> <span class='ocrx_word' id='word_1_617' title='bbox 3230 3812 3358 3881; x_wconf 83' lang='lat' dir='ltr'><strong>Xpi.</strong></span> <span class='ocrx_word' id='word_1_618' title='bbox 3410 3812 3551 3867; x_wconf 88' lang='lat' dir='ltr'><strong>Illius</strong></span> <span class='ocrx_word' id='word_1_619' title='bbox 3585 3811 3770 3867; x_wconf 78' lang='lat' dir='ltr'><strong>enimn</strong></span> 
     </span>
    </p>
   </div>
   <div class='ocr_carea' id='block_1_84' title="bbox 2247 3906 3769 3980">
    <p class='ocr_par' dir='ltr' id='par_1_84' title="bbox 2247 3906 3769 3980">
     <span class='ocr_line' id='line_1_84' title="bbox 2247 3906 3769 3980; baseline -0.001 -22"><span class='ocrx_word' id='word_1_620' title='bbox 2247 3915 2544 3976; x_wconf 85' lang='lat' dir='ltr'><strong>perurguet</strong></span> <span class='ocrx_word' id='word_1_621' title='bbox 2584 3915 2840 3977; x_wconf 89' lang='lat' dir='ltr'><strong>potestas,</strong></span> <span class='ocrx_word' id='word_1_622' title='bbox 2892 3908 2984 3977; x_wconf 91' lang='lat' dir='ltr'><strong>qui</strong></span> <span class='ocrx_word' id='word_1_623' title='bbox 3030 3924 3089 3964; x_wconf 88' lang='lat' dir='ltr'><strong>se</strong></span> <span class='ocrx_word' id='word_1_624' title='bbox 3136 3906 3363 3980; x_wconf 84' lang='lat' dir='ltr'><strong>ailigens</strong></span> <span class='ocrx_word' id='word_1_625' title='bbox 3425 3908 3567 3964; x_wconf 89' lang='lat' dir='ltr'><strong>cruci</strong></span> <span class='ocrx_word' id='word_1_626' title='bbox 3608 3921 3698 3961; x_wconf 78' lang='lat' dir='ltr'><strong>sua:</strong></span> <span class='ocrx_word' id='word_1_627' title='bbox 3732 3911 3769 3956; x_wconf 84' lang='lat' dir='ltr'><strong>te</strong></span> 
     </span>
    </p>
   </div>
   <div class='ocr_carea' id='block_1_85' title="bbox 2248 3993 3767 4068">
    <p class='ocr_par' dir='ltr' id='par_1_85' title="bbox 2248 3993 3767 4068">
     <span class='ocr_line' id='line_1_85' title="bbox 2248 3993 3767 4068; baseline -0.003 -16"><span class='ocrx_word' id='word_1_628' title='bbox 2248 3997 2580 4068; x_wconf 78' lang='lat' dir='ltr'><strong>subiugavit.</strong></span> <span class='ocrx_word' id='word_1_629' title='bbox 2620 3998 2768 4054; x_wconf 82' lang='lat' dir='ltr'><strong>Illius</strong></span> <span class='ocrx_word' id='word_1_630' title='bbox 2808 3999 3089 4065; x_wconf 73' lang='lat' dir='ltr'><strong>brachium</strong></span> <span class='ocrx_word' id='word_1_631' title='bbox 3137 3999 3523 4065; x_wconf 88' lang='lat' dir='ltr'><strong>contremisce,</strong></span> <span class='ocrx_word' id='word_1_632' title='bbox 3550 3998 3628 4068; x_wconf 91' lang='lat' dir='ltr'><strong>qui</strong></span> <span class='ocrx_word' id='word_1_633' title='bbox 3655 3993 3767 4049; x_wconf 82' lang='lat' dir='ltr'><strong>addi-</strong></span> 
     </span>
    </p>
   </div>
   <div class='ocr_carea' id='block_1_86' title="bbox 2247 4082 3765 4157">
    <p class='ocr_par' dir='ltr' id='par_1_86' title="bbox 2247 4082 3765 4157">
     <span class='ocr_line' id='line_1_86' title="bbox 2247 4082 3765 4157; baseline -0.005 -18"><span class='ocrx_word' id='word_1_634' title='bbox 2247 4097 2364 4140; x_wconf 87' lang='lat' dir='ltr'><strong>ctas</strong></span> <span class='ocrx_word' id='word_1_635' title='bbox 2405 4086 2717 4157; x_wconf 82' lang='lat' dir='ltr'><strong>gemitibus.</strong></span> <span class='ocrx_word' id='word_1_636' title='bbox 2744 4086 2941 4142; x_wconf 90' lang='lat' dir='ltr'><strong>inferni</strong></span> <span class='ocrx_word' id='word_1_637' title='bbox 2989 4088 3200 4142; x_wconf 88' lang='lat' dir='ltr'><strong>animas</strong></span> <span class='ocrx_word' id='word_1_638' title='bbox 3243 4088 3312 4143; x_wconf 88' lang='lat' dir='ltr'><strong>ad</strong></span> <span class='ocrx_word' id='word_1_639' title='bbox 3346 4089 3516 4144; x_wconf 90' lang='lat' dir='ltr'><strong>lucem</strong></span> <span class='ocrx_word' id='word_1_640' title='bbox 3553 4082 3765 4157; x_wconf 68' lang='lat' dir='ltr'><strong>perduxit.</strong></span> 
     </span>
    </p>
   </div>
   <div class='ocr_carea' id='block_1_87' title="bbox 2247 4173 3765 4248">
    <p class='ocr_par' dir='ltr' id='par_1_87' title="bbox 2247 4173 3765 4248">
     <span class='ocr_line' id='line_1_87' title="bbox 2247 4173 3765 4248; baseline -0.005 -16"><span class='ocrx_word' id='word_1_641' title='bbox 2247 4176 2332 4232; x_wconf 89' lang='lat' dir='ltr'><strong>Sit</strong></span> <span class='ocrx_word' id='word_1_642' title='bbox 2357 4177 2451 4232; x_wconf 89' lang='lat' dir='ltr'><strong>tibi</strong></span> <span class='ocrx_word' id='word_1_643' title='bbox 2479 4184 2654 4233; x_wconf 84' lang='lat' dir='ltr'><strong>terror</strong></span> <span class='ocrx_word' id='word_1_644' title='bbox 2682 4193 2881 4248; x_wconf 84' lang='lat' dir='ltr'><strong>corpus</strong></span> <span class='ocrx_word' id='word_1_645' title='bbox 2904 4178 3159 4243; x_wconf 88' lang='lat' dir='ltr'><strong>hominis,</strong></span> <span class='ocrx_word' id='word_1_646' title='bbox 3185 4179 3255 4233; x_wconf 88' lang='lat' dir='ltr'><strong>sit</strong></span> <span class='ocrx_word' id='word_1_647' title='bbox 3280 4176 3617 4234; x_wconf 82' lang='lat' dir='ltr'><strong>tibiformido</strong></span> <span class='ocrx_word' id='word_1_648' title='bbox 3635 4173 3765 4241; x_wconf 76' lang='lat' dir='ltr'><strong>imago</strong></span> 
     </span>
    </p>
   </div>
   <div class='ocr_carea' id='block_1_88' title="bbox 2246 4261 3765 4325">
    <p class='ocr_par' dir='ltr' id='par_1_88' title="bbox 2246 4261 3765 4325">
     <span class='ocr_line' id='line_1_88' title="bbox 2246 4261 3765 4325; baseline -0.009 0"><span class='ocrx_word' id='word_1_649' title='bbox 2246 4269 2361 4325; x_wconf 87' lang='lat' dir='ltr'><strong>Dei.</strong></span> <span class='ocrx_word' id='word_1_650' title='bbox 2394 4269 2502 4324; x_wconf 84' lang='lat' dir='ltr'><strong>Nec</strong></span> <span class='ocrx_word' id='word_1_651' title='bbox 2527 4269 2769 4324; x_wconf 88' lang='lat' dir='ltr'><strong>resistas.</strong></span> <span class='ocrx_word' id='word_1_652' title='bbox 2803 4268 2915 4325; x_wconf 88' lang='lat' dir='ltr'><strong>Nec</strong></span> <span class='ocrx_word' id='word_1_653' title='bbox 2953 4268 3186 4325; x_wconf 88' lang='lat' dir='ltr'><strong>moreris</strong></span> <span class='ocrx_word' id='word_1_654' title='bbox 3207 4267 3490 4324; x_wconf 89' lang='lat' dir='ltr'><strong>discedere</strong></span> <span class='ocrx_word' id='word_1_655' title='bbox 3516 4266 3578 4321; x_wconf 90' lang='lat' dir='ltr'><strong>ab</strong></span> <span class='ocrx_word' id='word_1_656' title='bbox 3597 4261 3765 4318; x_wconf 86' lang='lat' dir='ltr'><strong>homine</strong></span> 
     </span>
    </p>
   </div>
   <div class='ocr_carea' id='block_1_89' title="bbox 2243 4415 3764 4494">
    <p class='ocr_par' dir='ltr' id='par_1_89' title="bbox 2243 4415 3764 4494">
     <span class='ocr_line' id='line_1_89' title="bbox 2243 4415 3764 4494; baseline -0.006 -19"><span class='ocrx_word' id='word_1_657' title='bbox 2243 4436 2323 4484; x_wconf 90' lang='lat' dir='ltr'><strong>re,</strong></span> <span class='ocrx_word' id='word_1_658' title='bbox 2342 4421 2441 4494; x_wconf 78' lang='lat' dir='ltr'><strong>qui</strong></span> <span class='ocrx_word' id='word_1_659' title='bbox 2467 4420 2711 4494; x_wconf 34' lang='lat' dir='ltr'><strong>hanchvel</strong></span> <span class='ocrx_word' id='word_1_660' title='bbox 2738 4419 3023 4494; x_wconf 82' lang='lat' dir='ltr'><strong>illam_rem</strong></span> <span class='ocrx_word' id='word_1_661' title='bbox 3052 4435 3080 4473; x_wconf 89' lang='lat' dir='ltr'><strong>a</strong></span> <span class='ocrx_word' id='word_1_662' title='bbox 3106 4420 3375 4494; x_wconf 67' lang='lat' dir='ltr'><strong>(immania</strong></span> <span class='ocrx_word' id='word_1_663' title='bbox 3394 4418 3561 4494; x_wconf 81' lang='lat' dir='ltr'><strong>media</strong></span> <span class='ocrx_word' id='word_1_664' title='bbox 3586 4415 3764 4494; x_wconf 47' lang='lat' dir='ltr'><strong>interro.</strong></span> 
     </span>
    </p>
   </div>
   <div class='ocr_carea' id='block_1_90' title="bbox 2244 4484 3759 4561">
    <p class='ocr_par' dir='ltr' id='par_1_90' title="bbox 2244 4484 3759 4561">
     <span class='ocr_line' id='line_1_90' title="bbox 2244 4484 3759 4561; baseline -0.004 -18"><span class='ocrx_word' id='word_1_665' title='bbox 2244 4484 2481 4561; x_wconf 82' lang='lat' dir='ltr'><strong>gatioue,</strong></span> <span class='ocrx_word' id='word_1_666' title='bbox 2511 4491 2789 4545; x_wconf 88' lang='lat' dir='ltr'><strong>addiscere</strong></span> <span class='ocrx_word' id='word_1_667' title='bbox 2816 4490 2929 4561; x_wconf 87' lang='lat' dir='ltr'><strong>vult</strong></span> <span class='ocrx_word' id='word_1_668' title='bbox 2952 4508 2965 4544; x_wconf 91' lang='lat'><strong>:</strong></span> <span class='ocrx_word' id='word_1_669' title='bbox 3004 4491 3202 4545; x_wconf 89' lang='lat' dir='ltr'><strong>etenim</strong></span> <span class='ocrx_word' id='word_1_670' title='bbox 3234 4490 3341 4544; x_wconf 89' lang='lat' dir='ltr'><strong>hoc</strong></span> <span class='ocrx_word' id='word_1_671' title='bbox 3367 4498 3470 4551; x_wconf 90' lang='lat' dir='ltr'><strong>est,</strong></span> <span class='ocrx_word' id='word_1_672' title='bbox 3498 4484 3759 4561; x_wconf 71' lang='lat' dir='ltr'><strong>beneficium</strong></span> 
     </span>
    </p>
   </div>
   <div class='ocr_carea' id='block_1_91' title="bbox 559 4533 3760 4630">
    <p class='ocr_par' dir='ltr' id='par_1_91' title="bbox 559 4533 3760 4630">
     <span class='ocr_line' id='line_1_91' title="bbox 559 4533 3760 4630; baseline -0.001 -23"><span class='ocrx_word' id='word_1_673' title='bbox 559 4533 1509 4630; x_wconf 40' lang='lat' dir='ltr'><strong>iiii}seetﬁatgiiiaiibﬁiSisini;ﬁniit</strong></span> <span class='ocrx_word' id='word_1_674' title='bbox 1534 4533 1796 4630; x_wconf 61' lang='lat' dir='ltr'><strong>obsessis.</strong></span> <span class='ocrx_word' id='word_1_675' title='bbox 1827 4533 1944 4624; x_wconf 61' lang='lat' dir='ltr'><strong>Qu;</strong></span> <span class='ocrx_word' id='word_1_676' title='bbox 1986 4559 2053 4611; x_wconf 90' lang='lat' dir='ltr'><strong>de</strong></span> <span class='ocrx_word' id='word_1_677' title='bbox 2083 4573 2141 4613; x_wconf 92' lang='lat' dir='ltr'><strong>re</strong></span> <span class='ocrx_word' id='word_1_678' title='bbox 2172 4533 2217 4592; x_wconf 74' lang='grc' dir='ltr'><strong>θ</strong></span> <span class='ocrx_word' id='word_1_679' title='bbox 2244 4533 2557 4630; x_wconf 57' lang='grc' dir='ltr'>ξιίιιιιιιιιίιιι</span> <span class='ocrx_word' id='word_1_680' title='bbox 2582 4574 2647 4614; x_wconf 89' lang='lat' dir='ltr'><strong>eo</strong></span> <span class='ocrx_word' id='word_1_681' title='bbox 2679 4558 3017 4630; x_wconf 72' lang='lat' dir='ltr'><strong>exspeCtare,</strong></span> <span class='ocrx_word' id='word_1_682' title='bbox 3046 4561 3186 4628; x_wconf 88' lang='lat' dir='ltr'><strong>quod</strong></span> <span class='ocrx_word' id='word_1_683' title='bbox 3219 4568 3366 4613; x_wconf 90' lang='lat' dir='ltr'><strong>certe</strong></span> <span class='ocrx_word' id='word_1_684' title='bbox 3392 4554 3760 4630; x_wconf 56' lang='lat' dir='ltr'><strong>superstitiosi!&quot;</strong></span> 
     </span>
    </p>
   </div>
   <div class='ocr_carea' id='block_1_92' title="bbox 561 4623 2140 4697">
    <p class='ocr_par' dir='ltr' id='par_1_92' title="bbox 561 4623 2140 4697">
     <span class='ocr_line' id='line_1_92' title="bbox 561 4623 2140 4697; baseline 0.003 -20"><span class='ocrx_word' id='word_1_685' title='bbox 561 4624 642 4677; x_wconf 86' lang='lat' dir='ltr'><strong>sic</strong></span> <span class='ocrx_word' id='word_1_686' title='bbox 670 4632 823 4697; x_wconf 79' lang='lat' dir='ltr'><strong>cavet</strong></span> <span class='ocrx_word' id='word_1_687' title='bbox 850 4623 1242 4697; x_wconf 6' lang='lat' dir='ltr'><strong>Bitualegﬂom.</strong></span> <span class='ocrx_word' id='word_1_688' title='bbox 1276 4623 1303 4697; x_wconf 84' lang='lat'>§</span> <span class='ocrx_word' id='word_1_689' title='bbox 1336 4624 1400 4678; x_wconf 75' lang='grc'><strong>15</strong></span> <span class='ocrx_word' id='word_1_690' title='bbox 1427 4643 1440 4679; x_wconf 90' lang='lat'><strong>:</strong></span> <span class='ocrx_word' id='word_1_691' title='bbox 1487 4646 1504 4677; x_wconf 85' lang='grc' dir='ltr'><strong>ι</strong></span> <span class='ocrx_word' id='word_1_692' title='bbox 1534 4626 1812 4682; x_wconf 79' lang='lat' dir='ltr'><strong>Exorcista</strong></span> <span class='ocrx_word' id='word_1_693' title='bbox 1853 4643 1919 4681; x_wconf 88' lang='lat' dir='ltr'><strong>ne</strong></span> <span class='ocrx_word' id='word_1_694' title='bbox 1945 4642 2140 4695; x_wconf 80' lang='lat' dir='ltr'><strong>evage-</strong></span> 
     </span>
    </p>
   </div>
   <div class='ocr_carea' id='block_1_93' title="bbox 565 4692 2140 4764">
    <p class='ocr_par' dir='ltr' id='par_1_93' title="bbox 565 4692 2140 4764">
     <span class='ocr_line' id='line_1_93' title="bbox 565 4692 2140 4764; baseline 0.006 -21"><span class='ocrx_word' id='word_1_695' title='bbox 565 4703 651 4764; x_wconf 77' lang='lat' dir='ltr'><strong>tur</strong></span> <span class='ocrx_word' id='word_1_696' title='bbox 698 4692 748 4745; x_wconf 88' lang='lat' dir='ltr'><strong>in</strong></span> <span class='ocrx_word' id='word_1_697' title='bbox 781 4692 1138 4764; x_wconf 85' lang='lat' dir='ltr'><strong>multiloquio,</strong></span> <span class='ocrx_word' id='word_1_698' title='bbox 1179 4692 1747 4764; x_wconf 53' lang='lat' dir='ltr'><strong>aut&#39;supervacaneis.</strong></span> <span class='ocrx_word' id='word_1_699' title='bbox 1797 4697 1880 4750; x_wconf 89' lang='lat' dir='ltr'><strong>vel</strong></span> <span class='ocrx_word' id='word_1_700' title='bbox 1912 4692 2140 4752; x_wconf 82' lang='lat' dir='ltr'><strong>curiosis</strong></span> 
     </span>
    </p>
   </div>
   <div class='ocr_carea' id='block_1_94' title="bbox 562 4761 2140 4848">
    <p class='ocr_par' dir='ltr' id='par_1_94' title="bbox 562 4761 2140 4848">
     <span class='ocr_line' id='line_1_94' title="bbox 562 4761 2140 4848; baseline 0.006 -36"><span class='ocrx_word' id='word_1_701' title='bbox 562 4761 1095 4848; x_wconf 62' lang='lat' dir='ltr'><strong>interrogationibus,</strong></span> <span class='ocrx_word' id='word_1_702' title='bbox 1118 4761 1416 4834; x_wconf 68' lang='lat' dir='ltr'><strong>praesertim</strong></span> <span class='ocrx_word' id='word_1_703' title='bbox 1439 4766 1518 4848; x_wconf 76' lang='lat' dir='ltr'><strong>de_</strong></span> <span class='ocrx_word' id='word_1_704' title='bbox 1540 4769 1699 4848; x_wconf 71' lang='lat' dir='ltr'><strong>rebus</strong></span> <span class='ocrx_word' id='word_1_705' title='bbox 1744 4766 2025 4848; x_wconf 43' lang='lat' dir='ltr'><strong>futuri_s.et_</strong></span> <span class='ocrx_word' id='word_1_706' title='bbox 2047 4782 2140 4848; x_wconf 81' lang='lat' dir='ltr'><strong>oc-_-</strong></span> 
     </span>
    </p>
   </div>
   <div class='ocr_carea' id='block_1_95' title="bbox 560 4830 2137 4904">
    <p class='ocr_par' dir='ltr' id='par_1_95' title="bbox 560 4830 2137 4904">
     <span class='ocr_line' id='line_1_95' title="bbox 560 4830 2137 4904; baseline 0.006 -22"><span class='ocrx_word' id='word_1_707' title='bbox 560 4830 723 4904; x_wconf 80' lang='lat' dir='ltr'><strong>eultis</strong></span> <span class='ocrx_word' id='word_1_708' title='bbox 752 4833 817 4904; x_wconf 77' lang='lat' dir='ltr'><strong>ad</strong></span> <span class='ocrx_word' id='word_1_709' title='bbox 848 4847 1007 4904; x_wconf 88' lang='lat' dir='ltr'><strong>suum</strong></span> <span class='ocrx_word' id='word_1_710' title='bbox 1035 4830 1227 4888; x_wconf 59' lang='lat' dir='ltr'><strong>mu&#39;nus</strong></span> <span class='ocrx_word' id='word_1_711' title='bbox 1252 4850 1355 4889; x_wconf 88' lang='lat' dir='ltr'><strong>non</strong></span> <span class='ocrx_word' id='word_1_712' title='bbox 1384 4836 1796 4903; x_wconf 83' lang='lat' dir='ltr'><strong>pertinentibus,</strong></span> <span class='ocrx_word' id='word_1_713' title='bbox 1825 4837 1917 4891; x_wconf 91' lang='lat' dir='ltr'><strong>sed</strong></span> <span class='ocrx_word' id='word_1_714' title='bbox 1946 4835 2137 4904; x_wconf 87' lang='lat' dir='ltr'><strong>jubeat</strong></span> 
     </span>
    </p>
   </div>
   <div class='ocr_carea' id='block_1_96' title="bbox 561 4901 2137 4976">
    <p class='ocr_par' dir='ltr' id='par_1_96' title="bbox 561 4901 2137 4976">
     <span class='ocr_line' id='line_1_96' title="bbox 561 4901 2137 4976; baseline 0.004 -23"><span class='ocrx_word' id='word_1_715' title='bbox 561 4901 899 4974; x_wconf 84' lang='lat' dir='ltr'><strong>immundum</strong></span> <span class='ocrx_word' id='word_1_716' title='bbox 924 4903 1179 4976; x_wconf 80' lang='lat' dir='ltr'><strong>_spiritum</strong></span> <span class='ocrx_word' id='word_1_717' title='bbox 1223 4901 1422 4976; x_wconf 80' lang='lat' dir='ltr'><strong>tacere.</strong></span> <span class='ocrx_word' id='word_1_718' title='bbox 1459 4915 1513 4959; x_wconf 89' lang='lat' dir='ltr'><strong>et</strong></span> <span class='ocrx_word' id='word_1_719' title='bbox 1549 4905 1614 4958; x_wconf 89' lang='lat' dir='ltr'><strong>ad</strong></span> <span class='ocrx_word' id='word_1_720' title='bbox 1655 4901 1981 4976; x_wconf 81' lang='lat' dir='ltr'><strong>interrogata</strong></span> <span class='ocrx_word' id='word_1_721' title='bbox 2020 4915 2137 4976; x_wconf 79' lang='lat' dir='ltr'><strong>tan-</strong></span> 
     </span>
    </p>
   </div>
   <div class='ocr_carea' id='block_1_97' title="bbox 562 4970 2130 5046">
    <p class='ocr_par' dir='ltr' id='par_1_97' title="bbox 562 4970 2130 5046">
     <span class='ocr_line' id='line_1_97' title="bbox 562 4970 2130 5046; baseline 0.003 -23"><span class='ocrx_word' id='word_1_722' title='bbox 562 4970 673 5024; x_wconf 88' lang='lat' dir='ltr'><strong>tum</strong></span> <span class='ocrx_word' id='word_1_723' title='bbox 708 4971 1053 5046; x_wconf 78' lang='lat' dir='ltr'><strong>respondere.</strong></span> <span class='ocrx_word' id='word_1_724' title='bbox 1090 4990 1107 5022; x_wconf 75' lang='grc' dir='ltr'><strong>ι</strong></span> <span class='ocrx_word' id='word_1_725' title='bbox 1135 4974 1348 5046; x_wconf 75' lang='lat' dir='ltr'><strong>Quanto</strong></span> <span class='ocrx_word' id='word_1_726' title='bbox 1376 4975 1517 5046; x_wconf 86' lang='lat' dir='ltr'><strong>istud</strong></span> <span class='ocrx_word' id='word_1_727' title='bbox 1551 4990 1673 5028; x_wconf 87' lang='lat' dir='ltr'><strong>cum</strong></span> <span class='ocrx_word' id='word_1_728' title='bbox 1713 4970 1997 5046; x_wconf 72' lang='lat' dir='ltr'><strong>dispendio</strong></span> <span class='ocrx_word' id='word_1_729' title='bbox 2016 4974 2130 5046; x_wconf 77' lang='lat' dir='ltr'><strong>fiat,</strong></span> 
     </span>
    </p>
   </div>
   <div class='ocr_carea' id='block_1_98' title="bbox 559 5040 2133 5113">
    <p class='ocr_par' dir='ltr' id='par_1_98' title="bbox 559 5040 2133 5113">
     <span class='ocr_line' id='line_1_98' title="bbox 559 5040 2133 5113; baseline 0.004 -21"><span class='ocrx_word' id='word_1_730' title='bbox 559 5056 791 5113; x_wconf 85' lang='lat' dir='ltr'><strong>quamve</strong></span> <span class='ocrx_word' id='word_1_731' title='bbox 830 5040 1068 5113; x_wconf 77' lang='lat' dir='ltr'><strong>proclive</strong></span> <span class='ocrx_word' id='word_1_732' title='bbox 1113 5043 1181 5113; x_wconf 86' lang='lat' dir='ltr'><strong>sit</strong></span> <span class='ocrx_word' id='word_1_733' title='bbox 1228 5043 1313 5113; x_wconf 86' lang='lat' dir='ltr'><strong>hic</strong></span> <span class='ocrx_word' id='word_1_734' title='bbox 1359 5044 1673 5113; x_wconf 89' lang='lat' dir='ltr'><strong>delinquere</strong></span> <span class='ocrx_word' id='word_1_735' title='bbox 1722 5040 2133 5099; x_wconf 59' lang='lat' dir='ltr'><strong>ac&#39;mortaliter</strong></span> 
     </span>
    </p>
   </div>
   <div class='ocr_carea' id='block_1_99' title="bbox 556 5109 2129 5181">
    <p class='ocr_par' dir='ltr' id='par_1_99' title="bbox 556 5109 2129 5181">
     <span class='ocr_line' id='line_1_99' title="bbox 556 5109 2129 5181; baseline 0.003 -17"><span class='ocrx_word' id='word_1_736' title='bbox 556 5109 717 5167; x_wconf 85' lang='lat' dir='ltr'><strong>etiam</strong></span> <span class='ocrx_word' id='word_1_737' title='bbox 749 5109 975 5181; x_wconf 82' lang='lat' dir='ltr'><strong>peccare</strong></span> <span class='ocrx_word' id='word_1_738' title='bbox 998 5109 1110 5165; x_wconf 85' lang='lat' dir='ltr'><strong>.los.</strong></span> <span class='ocrx_word' id='word_1_739' title='bbox 1142 5112 1431 5168; x_wconf 72' lang='lat' dir='ltr'><strong>(Iatalanus</strong></span> <span class='ocrx_word' id='word_1_740' title='bbox 1475 5109 1624 5169; x_wconf 83' lang='lat' dir='ltr'><strong>notat</strong></span> <span class='ocrx_word' id='word_1_741' title='bbox 1652 5116 1703 5169; x_wconf 92' lang='lat' dir='ltr'><strong>in</strong></span> <span class='ocrx_word' id='word_1_742' title='bbox 1727 5115 2029 5169; x_wconf 87' lang='lat' dir='ltr'><strong>Comment.</strong></span> <span class='ocrx_word' id='word_1_743' title='bbox 2064 5115 2129 5169; x_wconf 89' lang='lat' dir='ltr'><strong>ad</strong></span> 
     </span>
    </p>
   </div>
   <div class='ocr_carea' id='block_1_100' title="bbox 554 5181 2128 5251">
    <p class='ocr_par' dir='ltr' id='par_1_100' title="bbox 554 5181 2128 5251">
     <span class='ocr_line' id='line_1_100' title="bbox 554 5181 2128 5251; baseline 0.001 -15"><span class='ocrx_word' id='word_1_744' title='bbox 554 5181 611 5236; x_wconf 83' lang='lat' dir='ltr'><strong>lt.</strong></span> <span class='ocrx_word' id='word_1_745' title='bbox 637 5181 675 5235; x_wconf 93' lang='lat' dir='ltr'><strong>l.</strong></span> <span class='ocrx_word' id='word_1_746' title='bbox 702 5189 743 5235; x_wconf 94' lang='lat' dir='ltr'><strong>t.</strong></span> <span class='ocrx_word' id='word_1_747' title='bbox 767 5183 829 5243; x_wconf 87' lang='lat' dir='ltr'><strong>ll,</strong></span> <span class='ocrx_word' id='word_1_748' title='bbox 862 5197 916 5251; x_wconf 92' lang='lat' dir='ltr'><strong>p.</strong></span> <span class='ocrx_word' id='word_1_749' title='bbox 941 5182 1045 5235; x_wconf 77' lang='grc'><strong>516</strong></span> <span class='ocrx_word' id='word_1_750' title='bbox 1081 5197 1146 5234; x_wconf 78' lang='lat' dir='ltr'><strong>ex</strong></span> <span class='ocrx_word' id='word_1_751' title='bbox 1172 5181 1485 5237; x_wconf 87' lang='lat' dir='ltr'><strong>Barrufaldo</strong></span> <span class='ocrx_word' id='word_1_752' title='bbox 1529 5186 1595 5238; x_wconf 86' lang='lat' dir='ltr'><strong>ad</strong></span> <span class='ocrx_word' id='word_1_753' title='bbox 1630 5186 1878 5239; x_wconf 89' lang='lat' dir='ltr'><strong>eumdem</strong></span> <span class='ocrx_word' id='word_1_754' title='bbox 1922 5184 2128 5238; x_wconf 88' lang='lat' dir='ltr'><strong>locum:</strong></span> 
     </span>
    </p>
   </div>
   <div class='ocr_carea' id='block_1_101' title="bbox 556 5251 2131 5324">
    <p class='ocr_par' dir='ltr' id='par_1_101' title="bbox 556 5251 2131 5324">
     <span class='ocr_line' id='line_1_101' title="bbox 556 5251 2131 5324; baseline 0.003 -20"><span class='ocrx_word' id='word_1_755' title='bbox 556 5259 716 5320; x_wconf 88' lang='lat' dir='ltr'><strong>atque</strong></span> <span class='ocrx_word' id='word_1_756' title='bbox 745 5252 1001 5324; x_wconf 66' lang='lat' dir='ltr'><strong>etiamad</strong></span> <span class='ocrx_word' id='word_1_757' title='bbox 1029 5251 1179 5324; x_wconf 84' lang='lat' dir='ltr'><strong>card.</strong></span> <span class='ocrx_word' id='word_1_758' title='bbox 1210 5251 1523 5320; x_wconf 89' lang='lat' dir='ltr'><strong>Cajetanum</strong></span> <span class='ocrx_word' id='word_1_759' title='bbox 1557 5256 1607 5307; x_wconf 90' lang='lat' dir='ltr'><strong>in</strong></span> <span class='ocrx_word' id='word_1_760' title='bbox 1629 5255 1766 5324; x_wconf 18' lang='lat'><strong>2.12,</strong></span> <span class='ocrx_word' id='word_1_761' title='bbox 1796 5270 1848 5324; x_wconf 86' lang='lat' dir='ltr'><strong>q.</strong></span> <span class='ocrx_word' id='word_1_762' title='bbox 1872 5253 1961 5308; x_wconf 84' lang='lat'><strong>90.</strong></span> <span class='ocrx_word' id='word_1_763' title='bbox 1988 5264 2091 5308; x_wconf 90' lang='lat' dir='ltr'><strong>art.</strong></span> <span class='ocrx_word' id='word_1_764' title='bbox 2112 5270 2131 5309; x_wconf 85' lang='grc' dir='ltr'><strong>ι</strong></span> 
     </span>
    </p>
   </div>
   <div class='ocr_carea' id='block_1_102' title="bbox 556 5320 2132 5406">
    <p class='ocr_par' dir='ltr' id='par_1_102' title="bbox 556 5320 2132 5406">
     <span class='ocr_line' id='line_1_102' title="bbox 556 5320 2132 5406; baseline 0.004 -34"><span class='ocrx_word' id='word_1_765' title='bbox 556 5330 835 5406; x_wconf 67' lang='lat' dir='ltr'><strong>provocat.</strong></span> <span class='ocrx_word' id='word_1_766' title='bbox 882 5321 1077 5377; x_wconf 82' lang='lat' dir='ltr'><strong>Notatu</strong></span> <span class='ocrx_word' id='word_1_767' title='bbox 1116 5322 1275 5404; x_wconf 75' lang='lat' dir='ltr'><strong>digna</strong></span> <span class='ocrx_word' id='word_1_768' title='bbox 1313 5333 1592 5406; x_wconf 80' lang='lat' dir='ltr'><strong>suntquae</strong></span> <span class='ocrx_word' id='word_1_769' title='bbox 1608 5320 1827 5406; x_wconf 68' lang='lat' dir='ltr'><strong>deinde</strong></span> <span class='ocrx_word' id='word_1_770' title='bbox 1843 5340 1907 5379; x_wconf 83' lang='lat' dir='ltr'><strong>ex</strong></span> <span class='ocrx_word' id='word_1_771' title='bbox 1933 5324 2132 5406; x_wconf 66' lang='lat' dir='ltr'><strong>cardiu</strong></span> 
     </span>
    </p>
   </div>
   <div class='ocr_carea' id='block_1_103' title="bbox 555 5390 2131 5461">
    <p class='ocr_par' dir='ltr' id='par_1_103' title="bbox 555 5390 2131 5461">
     <span class='ocr_line' id='line_1_103' title="bbox 555 5390 2131 5461; baseline 0.001 -15"><span class='ocrx_word' id='word_1_772' title='bbox 555 5390 742 5461; x_wconf 84' lang='lat' dir='ltr'><strong>refert.</strong></span> <span class='ocrx_word' id='word_1_773' title='bbox 778 5392 961 5460; x_wconf 89' lang='lat' dir='ltr'><strong>|taque</strong></span> <span class='ocrx_word' id='word_1_774' title='bbox 996 5408 1063 5447; x_wconf 74' lang='lat' dir='ltr'><strong>ex</strong></span> <span class='ocrx_word' id='word_1_775' title='bbox 1093 5390 1211 5461; x_wconf 78' lang='lat' dir='ltr'><strong>ejus</strong></span> <span class='ocrx_word' id='word_1_776' title='bbox 1250 5390 1515 5449; x_wconf 78' lang='lat' dir='ltr'><strong>sententia</strong></span> <span class='ocrx_word' id='word_1_777' title='bbox 1552 5414 1570 5445; x_wconf 81' lang='grc' dir='ltr'><strong>ι</strong></span> <span class='ocrx_word' id='word_1_778' title='bbox 1603 5396 1889 5450; x_wconf 89' lang='lat' dir='ltr'><strong>tenendum</strong></span> <span class='ocrx_word' id='word_1_779' title='bbox 1919 5403 2004 5450; x_wconf 90' lang='lat' dir='ltr'><strong>est</strong></span> <span class='ocrx_word' id='word_1_780' title='bbox 2031 5394 2131 5448; x_wconf 85' lang='lat' dir='ltr'><strong>im-</strong></span> 
     </span>
    </p>
   </div>
   <div class='ocr_carea' id='block_1_104' title="bbox 554 5460 2131 5546">
    <p class='ocr_par' dir='ltr' id='par_1_104' title="bbox 554 5460 2131 5546">
     <span class='ocr_line' id='line_1_104' title="bbox 554 5460 2131 5546; baseline 0.002 -32"><span class='ocrx_word' id='word_1_781' title='bbox 554 5460 745 5531; x_wconf 87' lang='lat' dir='ltr'><strong>primis</strong></span> <span class='ocrx_word' id='word_1_782' title='bbox 770 5477 1002 5546; x_wconf 18' lang='lat' dir='ltr'><strong>peccare‘</strong></span> <span class='ocrx_word' id='word_1_783' title='bbox 1023 5460 1349 5546; x_wconf 62' lang='lat' dir='ltr'><strong>mortaliter,</strong></span> <span class='ocrx_word' id='word_1_784' title='bbox 1366 5465 1456 5534; x_wconf 89' lang='lat' dir='ltr'><strong>qui</strong></span> <span class='ocrx_word' id='word_1_785' title='bbox 1484 5464 1675 5546; x_wconf 73' lang='lat' dir='ltr'><strong>longos</strong></span> <span class='ocrx_word' id='word_1_786' title='bbox 1697 5475 1751 5521; x_wconf 91' lang='lat' dir='ltr'><strong>et</strong></span> <span class='ocrx_word' id='word_1_787' title='bbox 1778 5464 1994 5546; x_wconf 69' lang='lat' dir='ltr'><strong>inutiles</strong></span> <span class='ocrx_word' id='word_1_788' title='bbox 2019 5479 2131 5546; x_wconf 75' lang='lat' dir='ltr'><strong>ser-</strong></span> 
     </span>
    </p>
   </div>
   <div class='ocr_carea' id='block_1_105' title="bbox 554 5533 2127 5606">
    <p class='ocr_par' dir='ltr' id='par_1_105' title="bbox 554 5533 2127 5606">
     <span class='ocr_line' id='line_1_105' title="bbox 554 5533 2127 5606; baseline 0.004 -24"><span class='ocrx_word' id='word_1_789' title='bbox 554 5545 746 5586; x_wconf 87' lang='lat' dir='ltr'><strong>mones</strong></span> <span class='ocrx_word' id='word_1_790' title='bbox 773 5548 893 5587; x_wconf 89' lang='lat' dir='ltr'><strong>cum</strong></span> <span class='ocrx_word' id='word_1_791' title='bbox 922 5533 1169 5606; x_wconf 81' lang='lat' dir='ltr'><strong>daemone</strong></span> <span class='ocrx_word' id='word_1_792' title='bbox 1194 5533 1477 5590; x_wconf 83' lang='lat' dir='ltr'><strong>obsidente</strong></span> <span class='ocrx_word' id='word_1_793' title='bbox 1520 5533 1704 5600; x_wconf 72' lang='lat' dir='ltr'><strong>habet,</strong></span> <span class='ocrx_word' id='word_1_794' title='bbox 1734 5535 1859 5606; x_wconf 87' lang='lat' dir='ltr'><strong>quia</strong></span> <span class='ocrx_word' id='word_1_795' title='bbox 1880 5534 1991 5604; x_wconf 88' lang='lat' dir='ltr'><strong>jam</strong></span> <span class='ocrx_word' id='word_1_796' title='bbox 2022 5534 2127 5606; x_wconf 82' lang='lat' dir='ltr'><strong>hoc</strong></span> 
     </span>
    </p>
   </div>
   <div class='ocr_carea' id='block_1_106' title="bbox 555 5604 2189 5666">
    <p class='ocr_par' dir='ltr' id='par_1_106' title="bbox 555 5604 2189 5666">
     <span class='ocr_line' id='line_1_106' title="bbox 555 5604 2189 5666; baseline 0.004 -15"><span class='ocrx_word' id='word_1_797' title='bbox 555 5610 698 5653; x_wconf 77' lang='lat' dir='ltr'><strong>esset</strong></span> <span class='ocrx_word' id='word_1_798' title='bbox 720 5616 841 5655; x_wconf 92' lang='lat' dir='ltr'><strong>cum</strong></span> <span class='ocrx_word' id='word_1_799' title='bbox 864 5616 929 5657; x_wconf 91' lang='lat' dir='ltr'><strong>eo</strong></span> <span class='ocrx_word' id='word_1_800' title='bbox 958 5604 1250 5660; x_wconf 82' lang='lat' dir='ltr'><strong>amicitiam</strong></span> <span class='ocrx_word' id='word_1_801' title='bbox 1282 5606 1439 5666; x_wconf 87' lang='lat' dir='ltr'><strong>inire.</strong></span> <span class='ocrx_word' id='word_1_802' title='bbox 1468 5620 1588 5660; x_wconf 88' lang='lat' dir='ltr'><strong>cum</strong></span> <span class='ocrx_word' id='word_1_803' title='bbox 1616 5604 1821 5659; x_wconf 85' lang='lat' dir='ltr'><strong>tantum</strong></span> <span class='ocrx_word' id='word_1_804' title='bbox 1848 5620 1968 5660; x_wconf 88' lang='lat' dir='ltr'><strong>cttm</strong></span> <span class='ocrx_word' id='word_1_805' title='bbox 1998 5604 2126 5658; x_wconf 64' lang='lat' dir='ltr'><strong>amio</strong></span> <span class='ocrx_word' id='word_1_806' title='bbox 2186 5626 2189 5629; x_wconf 57' lang='grc' dir='ltr'>λ</span> 
     </span>
    </p>
   </div>
   <div class='ocr_carea' id='block_1_107' title="bbox 557 5667 2124 5747">
    <p class='ocr_par' dir='ltr' id='par_1_107' title="bbox 557 5667 2124 5747">
     <span class='ocr_line' id='line_1_107' title="bbox 557 5667 2124 5747; baseline 0.006 -28"><span class='ocrx_word' id='word_1_807' title='bbox 557 5667 635 5721; x_wconf 82' lang='lat' dir='ltr'><strong>cis</strong></span> <span class='ocrx_word' id='word_1_808' title='bbox 656 5667 727 5722; x_wconf 83' lang='lat' dir='ltr'><strong>ita</strong></span> <span class='ocrx_word' id='word_1_809' title='bbox 751 5670 1085 5729; x_wconf 86' lang='lat' dir='ltr'><strong>familiariter</strong></span> <span class='ocrx_word' id='word_1_810' title='bbox 1105 5691 1341 5747; x_wconf 76' lang='lat' dir='ltr'><strong>agamus.</strong></span> <span class='ocrx_word' id='word_1_811' title='bbox 1369 5675 1619 5731; x_wconf 86' lang='lat' dir='ltr'><strong>Secundo</strong></span> <span class='ocrx_word' id='word_1_812' title='bbox 1644 5674 1914 5732; x_wconf 87' lang='lat' dir='ltr'><strong>lethaliter</strong></span> <span class='ocrx_word' id='word_1_813' title='bbox 1941 5691 2124 5745; x_wconf 38' lang='lat' dir='ltr'><strong>pecca‘</strong></span> 
     </span>
    </p>
   </div>
   <div class='ocr_carea' id='block_1_108' title="bbox 2245 4619 3759 4707">
    <p class='ocr_par' dir='ltr' id='par_1_108' title="bbox 2245 4619 3759 4707">
     <span class='ocr_line' id='line_1_108' title="bbox 2245 4619 3759 4707; baseline -0.004 -22"><span class='ocrx_word' id='word_1_814' title='bbox 2245 4619 2350 4686; x_wconf 58' lang='lat' dir='ltr'><strong>est:</strong></span> <span class='ocrx_word' id='word_1_815' title='bbox 2387 4630 2592 4707; x_wconf 79' lang='lat' dir='ltr'><strong>Tertio,</strong></span> <span class='ocrx_word' id='word_1_816' title='bbox 2622 4631 2664 4707; x_wconf 77' lang='lat' dir='ltr'><strong>si</strong></span> <span class='ocrx_word' id='word_1_817' title='bbox 2685 4619 2832 4684; x_wconf 73' lang='lat' dir='ltr'><strong>adsit</strong></span> <span class='ocrx_word' id='word_1_818' title='bbox 2868 4619 3183 4707; x_wconf 71' lang='lat' dir='ltr'><strong>periculum,</strong></span> <span class='ocrx_word' id='word_1_819' title='bbox 3211 4631 3353 4699; x_wconf 92' lang='lat' dir='ltr'><strong>quod</strong></span> <span class='ocrx_word' id='word_1_820' title='bbox 3380 4619 3759 4707; x_wconf 43' lang='lat' dir='ltr'><strong>dminu&#39;npcctlllil</strong></span> 
     </span>
    </p>
   </div>
   <div class='ocr_carea' id='block_1_109' title="bbox 2247 4693 3759 4778">
    <p class='ocr_par' dir='ltr' id='par_1_109' title="bbox 2247 4693 3759 4778">
     <span class='ocr_line' id='line_1_109' title="bbox 2247 4693 3759 4778; baseline -0.003 -23"><span class='ocrx_word' id='word_1_821' title='bbox 2247 4700 2486 4778; x_wconf 78' lang='lat' dir='ltr'><strong>pericula</strong></span> <span class='ocrx_word' id='word_1_822' title='bbox 2528 4693 2751 4778; x_wconf 67' lang='lat' dir='ltr'><strong>prodat,</strong></span> <span class='ocrx_word' id='word_1_823' title='bbox 2795 4693 2919 4778; x_wconf 61' lang='lat' dir='ltr'><strong>quia</strong></span> <span class='ocrx_word' id='word_1_824' title='bbox 2945 4701 3195 4778; x_wconf 84' lang='lat' dir='ltr'><strong>graviter_</strong></span> <span class='ocrx_word' id='word_1_825' title='bbox 3229 4693 3493 4778; x_wconf 71' lang='lat' dir='ltr'><strong>tenemur,</strong></span> <span class='ocrx_word' id='word_1_826' title='bbox 3518 4693 3759 4778; x_wconf 32' lang='lat' dir='ltr'><strong>“infantia?!</strong></span> 
     </span>
    </p>
   </div>
   <div class='ocr_carea' id='block_1_110' title="bbox 2244 4767 3759 4841">
    <p class='ocr_par' dir='ltr' id='par_1_110' title="bbox 2244 4767 3759 4841">
     <span class='ocr_line' id='line_1_110' title="bbox 2244 4767 3759 4841; baseline -0.006 -16"><span class='ocrx_word' id='word_1_827' title='bbox 2244 4767 2474 4840; x_wconf 80' lang='lat' dir='ltr'><strong>proximi</strong></span> <span class='ocrx_word' id='word_1_828' title='bbox 2532 4767 2765 4841; x_wconf 44' lang='lat' dir='ltr'><strong>vitare,</strong></span> <span class='ocrx_word' id='word_1_829' title='bbox 2818 4767 3068 4841; x_wconf 70' lang='lat' dir='ltr'><strong>Quarto,</strong></span> <span class='ocrx_word' id='word_1_830' title='bbox 3150 4769 3195 4823; x_wconf 89' lang='lat' dir='ltr'><strong>si</strong></span> <span class='ocrx_word' id='word_1_831' title='bbox 3225 4770 3371 4841; x_wconf 74' lang='lat' dir='ltr'><strong>quis</strong></span> <span class='ocrx_word' id='word_1_832' title='bbox 3405 4783 3467 4822; x_wconf 84' lang='lat' dir='ltr'><strong>ea</strong></span> <span class='ocrx_word' id='word_1_833' title='bbox 3520 4767 3759 4841; x_wconf 63' lang='lat' dir='ltr'><strong>interroget</strong></span> 
     </span>
    </p>
   </div>
   <div class='ocr_carea' id='block_1_111' title="bbox 2240 4832 3759 4912">
    <p class='ocr_par' dir='ltr' id='par_1_111' title="bbox 2240 4832 3759 4912">
     <span class='ocr_line' id='line_1_111' title="bbox 2240 4832 3759 4912; baseline -0.003 -17"><span class='ocrx_word' id='word_1_834' title='bbox 2240 4832 2347 4912; x_wconf 79' lang='lat' dir='ltr'><strong>non</strong></span> <span class='ocrx_word' id='word_1_835' title='bbox 2382 4840 2771 4912; x_wconf 76' lang='lat' dir='ltr'><strong>coactive,_sed</strong></span> <span class='ocrx_word' id='word_1_836' title='bbox 2799 4832 3311 4912; x_wconf 47' lang='lat' dir='ltr'><strong>deprecativgqtiia</strong></span> <span class='ocrx_word' id='word_1_837' title='bbox 3332 4839 3464 4912; x_wconf 16' lang='lat' dir='ltr'><strong>_,Ahoc_</strong></span> <span class='ocrx_word' id='word_1_838' title='bbox 3493 4832 3759 4912; x_wconf 66' lang='lat' dir='ltr'><strong>esset</strong></span> 
     </span>
    </p>
   </div>
   <div class='ocr_carea' id='block_1_112' title="bbox 2239 4900 3758 4990">
    <p class='ocr_par' dir='ltr' id='par_1_112' title="bbox 2239 4900 3758 4990">
     <span class='ocr_line' id='line_1_112' title="bbox 2239 4900 3758 4990; baseline -0.007 -28"><span class='ocrx_word' id='word_1_839' title='bbox 2239 4910 2398 4979; x_wconf 80' lang='lat' dir='ltr'><strong>pllllls</strong></span> <span class='ocrx_word' id='word_1_840' title='bbox 2423 4900 2700 4990; x_wconf 44' lang='lat' dir='ltr'><strong>ejushlieri‘,</strong></span> <span class='ocrx_word' id='word_1_841' title='bbox 2729 4917 2783 4990; x_wconf 79' lang='lat' dir='ltr'><strong>et</strong></span> <span class='ocrx_word' id='word_1_842' title='bbox 2821 4900 3096 4990; x_wconf 69' lang='lat' dir='ltr'><strong>humiliter</strong></span> <span class='ocrx_word' id='word_1_843' title='bbox 3124 4900 3758 4990; x_wconf 23' lang='lat' dir='ltr'><strong>illi-subjici,quotidi-ilict</strong></span> 
     </span>
    </p>
   </div>
   <div class='ocr_carea' id='block_1_113' title="bbox 2241 4977 3756 5047">
    <p class='ocr_par' dir='ltr' id='par_1_113' title="bbox 2241 4977 3756 5047">
     <span class='ocr_line' id='line_1_113' title="bbox 2241 4977 3756 5047; baseline -0.003 -15"><span class='ocrx_word' id='word_1_844' title='bbox 2241 4977 2351 5032; x_wconf 84' lang='lat' dir='ltr'><strong>tum</strong></span> <span class='ocrx_word' id='word_1_845' title='bbox 2385 4977 2488 5032; x_wconf 75' lang='lat' dir='ltr'><strong>est.</strong></span> <span class='ocrx_word' id='word_1_846' title='bbox 2526 4977 2728 5034; x_wconf 85' lang='lat' dir='ltr'><strong>Deinde</strong></span> <span class='ocrx_word' id='word_1_847' title='bbox 2764 4980 3052 5034; x_wconf 84' lang='lat' dir='ltr'><strong>tenendum</strong></span> <span class='ocrx_word' id='word_1_848' title='bbox 3085 4988 3189 5042; x_wconf 87' lang='lat' dir='ltr'><strong>est,</strong></span> <span class='ocrx_word' id='word_1_849' title='bbox 3218 4979 3359 5047; x_wconf 85' lang='lat' dir='ltr'><strong>quod</strong></span> <span class='ocrx_word' id='word_1_850' title='bbox 3388 4978 3447 5031; x_wconf 46' lang='lat' dir='ltr'><strong>‘si</strong></span> <span class='ocrx_word' id='word_1_851' title='bbox 3474 4977 3756 5047; x_wconf 51' lang='lat' dir='ltr'><strong>coactiveml</strong></span> 
     </span>
    </p>
   </div>
   <div class='ocr_carea' id='block_1_114' title="bbox 2200 5038 3753 5119">
    <p class='ocr_par' dir='ltr' id='par_1_114' title="bbox 2200 5038 3753 5119">
     <span class='ocr_line' id='line_1_114' title="bbox 2200 5038 3753 5119; baseline -0.003 -17"><span class='ocrx_word' id='word_1_852' title='bbox 2200 5070 2203 5071; x_wconf 49' lang='grc' dir='ltr'><em>ν</em></span> <span class='ocrx_word' id='word_1_853' title='bbox 2240 5050 2555 5119; x_wconf 79' lang='lat' dir='ltr'><strong>imperative</strong></span> <span class='ocrx_word' id='word_1_854' title='bbox 2595 5048 2732 5103; x_wconf 89' lang='lat' dir='ltr'><strong>hanc</strong></span> <span class='ocrx_word' id='word_1_855' title='bbox 2778 5048 2859 5102; x_wconf 81' lang='lat' dir='ltr'><strong>vel</strong></span> <span class='ocrx_word' id='word_1_856' title='bbox 2892 5049 3036 5104; x_wconf 91' lang='lat' dir='ltr'><strong>illam</strong></span> <span class='ocrx_word' id='word_1_857' title='bbox 3090 5038 3202 5103; x_wconf 86' lang='lat' dir='ltr'><strong>rem</strong></span> <span class='ocrx_word' id='word_1_858' title='bbox 3238 5038 3437 5101; x_wconf 58' lang='lat' dir='ltr'><strong>&#39;vauam</strong></span> <span class='ocrx_word' id='word_1_859' title='bbox 3480 5055 3532 5099; x_wconf 90' lang='lat' dir='ltr'><strong>et</strong></span> <span class='ocrx_word' id='word_1_860' title='bbox 3565 5038 3753 5119; x_wconf 64' lang='lat' dir='ltr'><strong>inutilem</strong></span> 
     </span>
    </p>
   </div>
   <div class='ocr_carea' id='block_1_115' title="bbox 2202 5118 3751 5189">
    <p class='ocr_par' dir='ltr' id='par_1_115' title="bbox 2202 5118 3751 5189">
     <span class='ocr_line' id='line_1_115' title="bbox 2202 5118 3751 5189; baseline -0.011 -16"><span class='ocrx_word' id='word_1_861' title='bbox 2202 5141 2206 5145; x_wconf 44' lang='grc'><em>⁴</em></span> <span class='ocrx_word' id='word_1_862' title='bbox 2235 5135 2264 5173; x_wconf 89' lang='lat' dir='ltr'><strong>a</strong></span> <span class='ocrx_word' id='word_1_863' title='bbox 2296 5123 2535 5174; x_wconf 60' lang='lat' dir='ltr'><strong>«hutnore</strong></span> <span class='ocrx_word' id='word_1_864' title='bbox 2566 5120 2883 5188; x_wconf 87' lang='lat' dir='ltr'><strong>interroget,</strong></span> <span class='ocrx_word' id='word_1_865' title='bbox 2916 5129 3123 5173; x_wconf 88' lang='lat' dir='ltr'><strong>tantum</strong></span> <span class='ocrx_word' id='word_1_866' title='bbox 3159 5120 3495 5189; x_wconf 85' lang='lat' dir='ltr'><strong>committere</strong></span> <span class='ocrx_word' id='word_1_867' title='bbox 3528 5118 3751 5189; x_wconf 72' lang='lat' dir='ltr'><strong>peccatum</strong></span> 
     </span>
    </p>
   </div>
   <div class='ocr_carea' id='block_1_116' title="bbox 2234 5187 3749 5258">
    <p class='ocr_par' dir='ltr' id='par_1_116' title="bbox 2234 5187 3749 5258">
     <span class='ocr_line' id='line_1_116' title="bbox 2234 5187 3749 5258; baseline -0.008 -15"><span class='ocrx_word' id='word_1_868' title='bbox 2234 5190 2441 5244; x_wconf 84' lang='lat' dir='ltr'><strong>veniale</strong></span> <span class='ocrx_word' id='word_1_869' title='bbox 2479 5187 2828 5251; x_wconf 84' lang='lat' dir='ltr'><strong>curiositatis,</strong></span> <span class='ocrx_word' id='word_1_870' title='bbox 2869 5209 2887 5241; x_wconf 73' lang='grc' dir='ltr'><strong>ι</strong></span> <span class='ocrx_word' id='word_1_871' title='bbox 2919 5198 3024 5258; x_wconf 86' lang='lat' dir='ltr'><strong>etc.</strong></span> <span class='ocrx_word' id='word_1_872' title='bbox 3068 5189 3239 5244; x_wconf 88' lang='lat' dir='ltr'><strong>Porro</strong></span> <span class='ocrx_word' id='word_1_873' title='bbox 3273 5187 3413 5258; x_wconf 87' lang='lat' dir='ltr'><strong>male</strong></span> <span class='ocrx_word' id='word_1_874' title='bbox 3435 5194 3549 5256; x_wconf 89' lang='lat' dir='ltr'><strong>post</strong></span> <span class='ocrx_word' id='word_1_875' title='bbox 3572 5187 3749 5258; x_wconf 63' lang='lat' dir='ltr'><strong>primaut</strong></span> 
     </span>
    </p>
   </div>
   <div class='ocr_carea' id='block_1_117' title="bbox 2232 5256 3749 5334">
    <p class='ocr_par' dir='ltr' id='par_1_117' title="bbox 2232 5256 3749 5334">
     <span class='ocr_line' id='line_1_117' title="bbox 2232 5256 3749 5334; baseline -0.001 -21"><span class='ocrx_word' id='word_1_876' title='bbox 2232 5260 2532 5315; x_wconf 70' lang='lat' dir='ltr'><strong>orationem</strong></span> <span class='ocrx_word' id='word_1_877' title='bbox 2576 5259 2662 5312; x_wconf 79' lang='lat' dir='ltr'><strong>hic</strong></span> <span class='ocrx_word' id='word_1_878' title='bbox 2692 5260 2882 5334; x_wconf 76' lang='lat' dir='ltr'><strong>eodem</strong></span> <span class='ocrx_word' id='word_1_879' title='bbox 2915 5257 3072 5319; x_wconf 87' lang='lat' dir='ltr'><strong>forte.</strong></span> <span class='ocrx_word' id='word_1_880' title='bbox 3101 5272 3263 5334; x_wconf 80' lang='lat' dir='ltr'><strong>quem</strong></span> <span class='ocrx_word' id='word_1_881' title='bbox 3296 5256 3464 5334; x_wconf 62' lang='lat' dir='ltr'><strong>modq</strong></span> <span class='ocrx_word' id='word_1_882' title='bbox 3484 5256 3749 5334; x_wconf 56' lang='lat' dir='ltr'><strong>pef&#39;sllji‘fj&#39;</strong></span> 
     </span>
    </p>
   </div>
   <div class='ocr_carea' id='block_1_118' title="bbox 2235 5323 3749 5398">
    <p class='ocr_par' dir='ltr' id='par_1_118' title="bbox 2235 5323 3749 5398">
     <span class='ocr_line' id='line_1_118' title="bbox 2235 5323 3749 5398; baseline -0.007 -14"><span class='ocrx_word' id='word_1_883' title='bbox 2235 5346 2373 5393; x_wconf 79' lang='lat' dir='ltr'><strong>mus,</strong></span> <span class='ocrx_word' id='word_1_884' title='bbox 2403 5338 2626 5385; x_wconf 81' lang='lat' dir='ltr'><strong>auctore</strong></span> <span class='ocrx_word' id='word_1_885' title='bbox 2669 5328 2876 5396; x_wconf 81' lang='lat' dir='ltr'><strong>adjecta</strong></span> <span class='ocrx_word' id='word_1_886' title='bbox 2908 5338 3039 5398; x_wconf 90' lang='lat' dir='ltr'><strong>sunt</strong></span> <span class='ocrx_word' id='word_1_887' title='bbox 3056 5323 3220 5382; x_wconf 63' lang='lat' dir='ltr'><strong>verba</strong></span> <span class='ocrx_word' id='word_1_888' title='bbox 3251 5329 3363 5398; x_wconf 64' lang='lat' dir='ltr'><strong>hate</strong></span> <span class='ocrx_word' id='word_1_889' title='bbox 3387 5344 3401 5379; x_wconf 90' lang='lat'><strong>:</strong></span> <span class='ocrx_word' id='word_1_890' title='bbox 3427 5324 3593 5380; x_wconf 79' lang='lat' dir='ltr'><strong>Scribe</strong></span> <span class='ocrx_word' id='word_1_891' title='bbox 3617 5323 3667 5398; x_wconf 62' lang='lat' dir='ltr'><strong>fit</strong></span> <span class='ocrx_word' id='word_1_892' title='bbox 3689 5323 3749 5398; x_wconf 51' lang='grc' dir='ltr'><strong>ψ·</strong></span> 
     </span>
    </p>
   </div>
   <div class='ocr_carea' id='block_1_119' title="bbox 2236 5395 3745 5476">
    <p class='ocr_par' dir='ltr' id='par_1_119' title="bbox 2236 5395 3745 5476">
     <span class='ocr_line' id='line_1_119' title="bbox 2236 5395 3745 5476; baseline -0.002 -23"><span class='ocrx_word' id='word_1_893' title='bbox 2236 5400 2380 5463; x_wconf 82' lang='lat' dir='ltr'><strong>bula,</strong></span> <span class='ocrx_word' id='word_1_894' title='bbox 2406 5411 2452 5454; x_wconf 81' lang='lat' dir='ltr'><strong>et</strong></span> <span class='ocrx_word' id='word_1_895' title='bbox 2478 5398 2612 5476; x_wconf 69' lang='lat' dir='ltr'><strong>(fele,</strong></span> <span class='ocrx_word' id='word_1_896' title='bbox 2634 5409 2681 5453; x_wconf 84' lang='lat' dir='ltr'><strong>et</strong></span> <span class='ocrx_word' id='word_1_897' title='bbox 2703 5399 2771 5451; x_wconf 88' lang='lat' dir='ltr'><strong>da</strong></span> <span class='ocrx_word' id='word_1_898' title='bbox 2795 5398 2991 5476; x_wconf 61' lang='lat' dir='ltr'><strong>bibere.</strong></span> <span class='ocrx_word' id='word_1_899' title='bbox 3011 5396 3356 5476; x_wconf 75' lang='lat' dir='ltr'><strong>Orationibus</strong></span> <span class='ocrx_word' id='word_1_900' title='bbox 3392 5405 3445 5476; x_wconf 71' lang='lat' dir='ltr'><strong>et</strong></span> <span class='ocrx_word' id='word_1_901' title='bbox 3468 5395 3745 5476; x_wconf 53' lang='grc' dir='ltr'><strong>θιοφξξξιιξδχ</strong></span> 
     </span>
    </p>
   </div>
   <div class='ocr_carea' id='block_1_120' title="bbox 2237 5464 3744 5539">
    <p class='ocr_par' dir='ltr' id='par_1_120' title="bbox 2237 5464 3744 5539">
     <span class='ocr_line' id='line_1_120' title="bbox 2237 5464 3744 5539; baseline -0.003 -18"><span class='ocrx_word' id='word_1_902' title='bbox 2237 5483 2425 5525; x_wconf 82' lang='lat' dir='ltr'><strong>contra</strong></span> <span class='ocrx_word' id='word_1_903' title='bbox 2481 5470 2753 5539; x_wconf 69' lang='lat' dir='ltr'><strong>daemones</strong></span> <span class='ocrx_word' id='word_1_904' title='bbox 2795 5469 3192 5539; x_wconf 84' lang='lat' dir='ltr'><strong>procedendum</strong></span> <span class='ocrx_word' id='word_1_905' title='bbox 3239 5475 3346 5539; x_wconf 86' lang='lat' dir='ltr'><strong>est,</strong></span> <span class='ocrx_word' id='word_1_906' title='bbox 3395 5465 3543 5539; x_wconf 77' lang='lat' dir='ltr'><strong>idque</strong></span> <span class='ocrx_word' id='word_1_907' title='bbox 3586 5464 3744 5539; x_wconf 55' lang='grc' dir='ltr'>ῐὶιειξο</span> 
     </span>
    </p>
   </div>
   <div class='ocr_carea' id='block_1_121' title="bbox 2206 5531 3739 5609">
    <p class='ocr_par' dir='ltr' id='par_1_121' title="bbox 2206 5531 3739 5609">
     <span class='ocr_line' id='line_1_121' title="bbox 2206 5531 3739 5609; baseline -0.007 -15"><span class='ocrx_word' id='word_1_908' title='bbox 2206 5539 2482 5595; x_wconf 79' lang='lat' dir='ltr'><strong>formulis</strong></span> <span class='ocrx_word' id='word_1_909' title='bbox 2527 5540 2595 5593; x_wconf 88' lang='lat' dir='ltr'><strong>ab</strong></span> <span class='ocrx_word' id='word_1_910' title='bbox 2636 5531 2874 5594; x_wconf 75' lang='lat' dir='ltr'><strong>Ecclesia</strong></span> <span class='ocrx_word' id='word_1_911' title='bbox 2919 5539 3260 5609; x_wconf 70' lang='lat' dir='ltr'><strong>praescriptis</strong></span> <span class='ocrx_word' id='word_1_912' title='bbox 3293 5538 3381 5609; x_wconf 89' lang='lat' dir='ltr'><strong>hic</strong></span> <span class='ocrx_word' id='word_1_913' title='bbox 3420 5531 3499 5587; x_wconf 80' lang='lat' dir='ltr'><strong>vel</strong></span> <span class='ocrx_word' id='word_1_914' title='bbox 3544 5531 3739 5609; x_wconf 60' lang='lat' dir='ltr'><strong>maxjtttf.</strong></span> 
     </span>
    </p>
   </div>
   <div class='ocr_carea' id='block_1_122' title="bbox 2273 5594 3741 5680">
    <p class='ocr_par' dir='ltr' id='par_1_122' title="bbox 2273 5594 3741 5680">
     <span class='ocr_line' id='line_1_122' title="bbox 2273 5594 3741 5680; baseline -0.003 -18"><span class='ocrx_word' id='word_1_915' title='bbox 2273 5594 2711 5680; x_wconf 15' lang='lat' dir='ltr'><strong>uandoiquidem</strong></span> <span class='ocrx_word' id='word_1_916' title='bbox 2755 5624 2875 5664; x_wconf 89' lang='lat' dir='ltr'><strong>cum</strong></span> <span class='ocrx_word' id='word_1_917' title='bbox 2920 5594 3081 5666; x_wconf 71' lang='lat' dir='ltr'><strong>hoste</strong></span> <span class='ocrx_word' id='word_1_918' title='bbox 3129 5594 3414 5665; x_wconf 63' lang='lat' dir='ltr'><strong>vaferrimo</strong></span> <span class='ocrx_word' id='word_1_919' title='bbox 3454 5594 3741 5670; x_wconf 56' lang='lat' dir='ltr'><strong>congrediar</strong></span> 
     </span>
    </p>
   </div>
   <div class='ocr_carea' id='block_1_123' title="bbox 2273 5688 2490 5737">
    <p class='ocr_par' dir='ltr' id='par_1_123' title="bbox 2273 5688 2490 5737">
     <span class='ocr_line' id='line_1_123' title="bbox 2273 5688 2490 5737; baseline -0.014 -1"><span class='ocrx_word' id='word_1_920' title='bbox 2273 5697 2359 5737; x_wconf 91' lang='lat' dir='ltr'><strong>um</strong></span> <span class='ocrx_word' id='word_1_921' title='bbox 2390 5688 2490 5737; x_wconf 72' lang='grc' dir='ltr'><strong>ρει.</strong></span> 
     </span>
    </p>
   </div>
  </div>
