3962 6326
117 389 263 450 1149

1157 388 1549 449 ORATIONES
1583 349 1871 448 eomas
1896 360 2394 451 omuom'cdu.

3247 386 3383 445 “5)

114 509 227 565 isto
254 505 319 561 Ν.
348 481 607 589 quoniam
649 498 977 576 cumplacuit
1003 500 1143 578 Xpo,
1171 514 1231 561 ut
1270 507 1324 562 in
1357 506 1578 563 homine
1605 505 1706 561 ha-
1735 508 1784 570 Α
1810 507 2183 580 qualecunque
2238 508 2392 564 vobis
2442 507 2513 564 sit
2564 474 2781 564 nomen.
2807 506 2963 564 Exite
2999 506 3277 563 velociter.
3312 503 3391 560 De

114 600 340 654 Litaret.
368 594 435 652 Et
458 610 525 652 ne
549 610 635 651 me
671 594 1102 652 infirmissimum
1127 605 1282 668 putes
1306 596 1434 652 dum
1462 611 1547 653 me
1574 611 1704 667 pec-
1804 602 1981 670 capite
2006 600 2172 668 illius,
2215 611 2269 657 et
2296 601 2363 657 de
2393 599 2602 672 capillis
2651 598 2768 667 ejus
2797 603 2864 655 de
2915 597 3021 657 isto
3050 599 3288 663 homine,
3320 598 3388 652 de

113 705 364 747 calorem
415 691 578 746 nimis
622 706 742 747 esse
790 692 1090 762 cognoscis.
1130 691 1365 763 Imperat
1407 691 1501 748 tibi
1534 690 1702 747 Dnus.

113 787 358 857 Imperat
388 785 482 839 tibi
508 783 757 853 Maiestas
794 784 919 856 Xpi.
962 786 1197 856 Imperat
1227 786 1323 843 tibi
1352 786 1496 842 Deus
1519 784 1702 841 Pater.
1748 776 1751 779 ’

111 876 354 946 [ruperat
407 875 503 931 tibi
545 873 714 931 Filius
761 885 816 931 et
859 875 1093 947 Spiritus
1133 892 1278 933 scus.
1325 868 1575 948 Imperat
1610 876 1704 932 tibi

110 965 485 1035 apostolorum
533 966 683 1029 tides,
717 966 792 1020 sci
834 966 978 1021 Petri
1015 977 1065 1021 et
1092 966 1264 1033 Pauli,
1301 977 1353 1023 et
1397 978 1707 1024 ceterorum

111 1056 509 1125 apostolorum.
542 1056 776 1128 Imperat
807 1059 903 1113 tibi
936 1052 1263 1131 indulgentia
1297 1058 1704 1115 Confessorum.

109 1146 354 1219 Imperat
385 1150 479 1204 tibi
506 1149 799 1222 Martyrum
833 1152 1072 1223 sanguis.
1128 1152 1365 1222 Imperat
1392 1154 1493 1209 tibi
1521 1169 1709 1210 sacra-

110 1249 365 1294 mentum
412 1240 612 1296 crucis.
671 1239 901 1314 Imperat
954 1241 1047 1297 tibi
1102 1242 1466 1298 misteriorum
1513 1244 1709 1300 virtus.

115 1327 224 1384 Exi
284 1339 673 1401 transgressor,
718 1332 805 1386 exi
849 1332 1103 1388 seductor
1168 1334 1358 1403 plenus
1397 1335 1543 1390 omni
1590 1335 1712 1391 dolo

110 1426 173 1471 et
222 1416 458 1484 fallacia,
499 1420 747 1475 veritatis
787 1422 1056 1488 inimicus,
1104 1424 1425 1480 innocentiie
1452 1440 1710 1497 persecu-

112 1519 227 1565 tor.
279 1510 354 1564 Da
405 1511 581 1567 locum
634 1513 956 1577 durissimo,
1003 1516 1069 1569 da
1123 1514 1297 1571 locum
1362 1518 1706 1587 impiissime.

115 1601 207 1655 Da
250 1603 427 1658 locum
456 1604 577 1674 Xpo
624 1605 679 1661 in
720 1621 828 1676 quo
872 1607 1004 1662 nihil
1045 1609 1298 1665 invenisti
1344 1610 1411 1666 de
1459 1610 1716 1680 operibus

114 1695 265 1761 tuis,
295 1696 385 1766 qui
422 1704 473 1751 te
499 1697 813 1766 expoliavit,
842 1700 933 1768 qui
972 1715 1199 1770 regnum
1243 1711 1393 1755 tuum
1420 1701 1709 1774 deSIruxit,

111 1785 215 1855 qui
250 1795 303 1840 te
328 1787 529 1841 vietum
566 1788 773 1860 ligavit,
803 1800 859 1843 et
885 1804 1013 1844 vasa
1043 1798 1131 1845 tua
1160 1790 1393 1862 disrupit
1417 1792 1711 1869 (diripuit),

1805 687 2036 771 vertice,
2064 691 2130 747 de.
2152 690 2352 757 fronte,
2387 691 2452 747 de
2475 691 2799 761 superciliis,
2823 691 2889 745 de
2923 691 3116 756 oculis,
3149 689 3217 745 de
3249 698 3379 744 temo

1807 782 2050 853 poribus.
2079 784 2146 839 de
2173 782 2416 849 auribus,
2446 783 2511 839 de
2555 782 2794 848 naribus,
2828 782 2896 838 de
2919 780 3135 847 fistulis,
3165 783 3232 836 de
3263 795 3385 834 mu-

1812 871 2052 942 tilagine,
2105 873 2169 929 de
2211 873 2465 939 maxillis,
2521 874 2589 929 de
2616 872 2819 944 lingua,
2852 874 2918 929 de
2959 875 3058 928 sub
3087 873 3292 943 lingua,
3323 872 3390 924 de.

1810 963 2081 1028 dentibus,
2139 964 2205 1019 de
2266 979 2386 1030 ore,
2451 965 2520 1020 de
2575 972 2807 1035 gutture,
2857 963 2924 1019 de
2947 963 3092 1036 gula,
3132 963 3198 1017 de
3220 962 3390 1017 altera

1811 1055 1955 1125 gula,
1997 1055 2064 1110 de
2100 1071 2226 1121 uva,
2250 1056 2317 1112 de
2342 1054 2541 1127 palato,
2571 1056 2637 1112 de
2660 1071 2807 1121 aere,
2832 1056 2896 1110 de
2926 1055 3165 1110 anhelitu
3200 1055 3390 1124 ipsius,

1810 1146 1877 1201 de
1926 1154 2165 1217 pectore,
2209 1147 2274 1201 de
2304 1147 2652 1217 cogitatione,
2692 1148 2757 1202 de
2796 1146 2977 1210 labiis,
3029 1148 3095 1201 de
3121 1144 3389 1209 faucibus.

1812 1234 1879 1290 de
1902 1235 2168 1306 gengivis,
2200 1235 2267 1290 de
2282 1222 2521 1306 utroque
2560 1235 2720 1302 collo,
2757 1237 2823 1291 de
2855 1236 3088 1304 ungulis,
3102 1235 3183 1291 de
3203 1235 3397 1289 hu’meo
3428 1304 3431 1307 Ἴ

1812 1329 1909 1392 ris,
1960 1330 2028 1383 de
2085 1328 2341 1400 scapulis,
2397 1329 2463 1384 de
2504 1327 2741 1394 ascellis,
2798 1328 2863 1383 de
2902 1325 3300 1397 interscapulis,
3328 1327 3396 1380 de

1813 1417 1998 1483 dorso,
2051 1417 2118 1473 de
2168 1420 2402 1483 cervice,
2457 1417 2523 1472 de
2567 1418 2814 1488 spineta,
2864 1425 2917 1472 et
2958 1417 3023 1472 de
3046 1414 3312 1480 medullis,
3343 1424 3398 1468 et

1813 1505 1988 1569 evola,
2013 1504 2245 1574 procede
2274 1505 2601 1560 constrictus
2653 1519 2749 1575 per
2772 1504 3067 1576 potentiam
3095 1519 3200 1559 sese
3220 1502 3402 1558 Trini-

1815 1595 1943 1647 tatis
1971 1604 2025 1649 et
2051 1609 2246 1649 nomen
2278 1594 2368 1649 Dei
2404 1594 2812 1665 omnipotentis.
2873 1591 3058 1663 Etfuge
3082 1582 3402 1663 liquefaetus

1815 1684 1881 1739 de
1907 1692 2119 1748 ventre,
2147 1684 2214 1739 de
2245 1684 2566 1749 visceribus,
2600 1685 2665 1738 de
2696 1683 3014 1751 femoribus,
3039 1684 3106 1738 de
3131 1684 3401 1755 genitibns

1816 1776 1876 1847 (Ι.
1910 1776 2159 1847 genibus)
2194 1778 2259 1832 de
2301 1774 2686 1846 sutl'raginihns
2729 1784 2785 1831 et
2830 1777 2993 1842 suris,
3024 1776 3090 1831 de
3125 1776 3402 1841 cruribus,

111 1877 215 1944 qui
257 1885 308 1929 te
338 1877 564 1946 projeeit
602 1878 657 1932 in
689 1878 940 1934 tenebras
968 1881 1294 1949 exteriores,
1337 1883 1427 1938 ubi
1466 1864 1559 1939 tibi
1588 1899 1711 1938 cum

1817 1867 1882 1919 de
1905 1875 2141 1935 quatuor
2167 1866 2457 1928 talonibus,
2483 1866 2550 1921 de
2571 1864 2818 1936 pedibus,
2849 1866 2913 1920 de
2942 1864 3160 1935 plantis,
3186 1866 3264 1940 vde
3291 1866 3403 1919 cal-
3466 1868 3479 1877 '

112 1965 391 2021 ministris
434 1967 539 2023 tuis
581 1969 687 2023 erit
733 1981 1069 2039 praparatus
1120 1972 1394 2029 interitus.
1435 1972 1541 2030 Sed
1582 1975 1712 2043 quid

116 2072 272 2112 nunc
307 2058 616 2115 turbulente
642 2062 947 2132 recogitas?
973 2064 1102 2132 quid
1134 2066 1421 2138 temerarie
1444 2074 1713 2121 retractas

111 2162 248 2202 reus
277 2150 636 2229 omnipotenti
684 2153 813 2219 Deo,
852 2155 1006 2223 cujus
1069 2164 1437 2226 transgressor
1473 2172 1552 2222 es,
1587 2171 1713 2212 reus

110 2239 217 2295 Ihu
246 2240 368 2312 Xpo
392 2242 530 2298 Filio
554 2244 694 2313 ejus,
719 2261 880 2315 quem
922 2255 1186 2316 temptare
1209 2265 1373 2304 ausus
1398 2264 1478 2315 es,
1505 2259 1561 2303 et
1584 2265 1708 2304 cru-

112 2331 344 2404 cifigere
402 2336 778 2404 praesumsisti,
809 2351 932 2393 reus
958 2339 1194 2411 humano
1214 2342 1424 2411 generi,
1451 2341 1540 2396 cui
1566 2356 1713 2397 mors

115 2422 234 2476 tuis
269 2424 713 2491 persuasionibus
743 2427 908 2481 venit.
947 2427 1150 2497 Adjnro
1184 2440 1234 2483 te
1267 2445 1399 2499 ergo
1422 2430 1588 2485 draco
1619 2446 1714 2486 ne-

115 2513 385 2582 quissime
436 2514 490 2568 in
519 2516 737 2570 nomine
769 2516 908 2588 Agni
950 2517 1302 2584 immaculati,
1336 2519 1429 2588 qui
1474 2519 1715 2574 ambulat

112 2621 285 2677 super
312 2606 550 2679 aspidem
587 2617 641 2662 et
669 2607 1002 2673 basiliseum,
1030 2611 1122 2680 qui
1168 2610 1454 2665 conculcat
1499 2610 1711 2666 leonem

112 2709 181 2754 et
208 2699 535 2773 draconem,
564 2707 624 2753 ut
650 2699 901 2755 discedas
949 2701 1018 2756 ab
1044 2702 1261 2756 homine
1311 2702 1414 2757 isto
1453 2701 1517 2755 N.
1560 2712 1615 2757 et
1643 2702 1712 2758 ab

113 2789 355 2845 ecclesia
397 2788 515 2843 Dei.
540 2788 913 2847 Conlremisce
938 2799 993 2845 et
1018 2791 1194 2864 effuge
1221 2793 1469 2848 invocato
1492 2793 1713 2848 nomine

116 2879 365 2935 Domini.
413 2880 562 2937 Illius
582 2896 744 2951 quem
778 2882 935 2938 inferi
980 2891 1237 2950 tremunt,
1266 2885 1352 2940 cui
1380 2884 1624 2941 Virtutes
1656 2894 1714 2942 et

116 2973 534 3029 nominationes
588 2974 831 3043 subjecte
904 2985 1064 3042 sunt,
1113 2993 1273 3047 quem
1316 2977 1610 3034 Cherubim
1656 2986 1713 3034 et

118 3065 411 3135 Seraphim
456 3065 749 3135 indefessis,
772 3067 996 3124 vocibus
1041 3069 1299 3124 clamant.
1350 3070 1586 3140 Imperat
1614 3070 1712 3126 tibi

119 3159 364 3215 Verbum
390 3173 518 3213 caro
544 3157 768 3214 factum.
797 3160 1031 3231 Imperat
1062 3161 1157 3216 tibi
1182 3172 1345 3217 natus
1373 3177 1441 3217 ex
1469 3158 1707 3233 Virgine.

1813 1962 2020 2027 caneis,
2069 1961 2136 2015 de
2164 1960 2429 2026 articulis,
2470 1960 2538 2015 de
2577 1946 2991 2025 interarticulis,
3024 1962 3091 2015 de
3140 1960 3406 2031 unguibus

1812 2054 2085 2120 onmibus,
2114 2055 2181 2109 de
2212 2053 2461 2108 medullis
2488 2053 2780 2117 universis,
2809 2054 2874 2108 de
2904 2053 3075 2118 venis,
3106 2053 3172 2107 de
3191 2052 3407 2107 ossibus

1814 2145 2045 2207 eunetis,
2086 2145 2152 2199 de
2197 2144 2399 2209 nervis,
2458 2145 2525 2197 de
2572 2143 2807 2205 arteriis,
2844 2143 2910 2197 de
2944 2142 3196 2197 omnibus
3224 2142 3407 2197 carni-

1812 2237 1934 2300 bus,
1990 2236 2055 2290 de
2079 2234 2225 2290 omni
2254 2233 2520 2302 sanguine
2553 2241 2676 2300 Suo,
2704 2234 2773 2289 de
2803 2234 2950 2288 omni
2983 2234 3209 2288 humore
3230 2232 3405 2298 illius,

1813 2326 1880 2378 de
1903 2323 2030 2378 totis
2054 2324 2294 2393 quinque
2324 2323 2572 2378 sensibus
2623 2323 2760 2393 ejus,
2793 2322 2858 2376 dc
2885 2320 3403 2392 genitalibusglocis,

1812 2414 2136 2481 desemine,
2191 2413 2257 2467 de
2290 2414 2580 2484 unguibus,
2637 2412 2704 2467 de
2737 2413 2973 2482 pectine,
3023 2412 3089 2467 de
3119 2411 3317 2475 vesica,
3342 2412 3409 2467 de

1813 2506 2078 2561 foramine
2105 2504 2233 2570 alvi,
2266 2506 2329 2561 de
2351 2504 2517 2569 mina,
2546 2504 2613 2559 de
2635 2503 2853 2569 sudore,
2880 2502 2948 2557 de
2969 2502 3116 2556 omni
3133 2503 3408 2573 egestione

1812 2596 2001 2665 ipsius.
2033 2595 2335 2662 Expellaris
2378 2594 2430 2648 in
2461 2593 2681 2648 nomine
2712 2593 2806 2648 Ihu
2854 2592 2957 2663 Xpi
3011 2593 3279 2659 crucitixi,
3313 2593 3406 2663 qui

1812 2687 2135 2743 resurrexit.
2169 2686 2266 2740 Exi
2299 2687 2366 2741 de
2391 2685 2536 2749 felle,
2587 2686 2654 2740 de
2683 2692 2862 2755 epate,
2894 2672 2961 2738 de
2980 2681 3254 2752 junctnris
3281 2698 3405 2738 om-

1811 2778 1994 2842 nibus,
2028 2776 2095 2831 de
2119 2775 2412 2841 intestinis,
2447 2774 2514 2831 de
2540 2774 2849 2838 stomacho,
2890 2782 2948 2828 et
2983 2772 3306 2837 ventriculo,
3340 2773 3410 2829 de

1812 2868 1999 2939 Splene
2019 2868 2241 2923 omnino
2262 2867 2515 2939 procede,
2540 2881 2818 2936 nunquam
2844 2879 3159 2919 reversurus
3185 2864 3278 2919 ibi.
3304 2864 3406 2919 Exi

1812 2961 1877 3015 de
1932 2958 2109 3029 adipe,
2169 2959 2235 3013 de
2265 2957 2512 3022 reticulo,
2548 2958 2613 3012 de
2644 2956 2978 3023 ranunculis,
3020 2958 3087 3013 de
3116 2956 3308 3016 corde.
3339 2953 3409 3023 de

1811 3052 2099 3117 subcorde,
2133 3051 2199 3106 de
2222 3049 2590 3121 pulmonibus,
2622 3049 2690 3103 de
2721 3049 2975 3104 omnibus
2998 3048 3180 3105 cordis
3206 3055 3259 3102 et
3283 3045 3403 3117 pul-

1812 3159 2033 3199 nionum
2087 3141 2332 3213 corporis
2380 3149 2435 3196 et
2481 3140 2757 3195 carnibus.
2810 3139 2909 3194 Exi
2943 3140 3011 3194 de
3055 3137 3298 3202 renibus,
3337 3135 3441 3225 de‘

116 3248 360 3319 Imperat
405 3247 503 3303 ubi
538 3248 664 3303 ιιιυε
686 3229 1020 3316 Ναιατέηυε,
1051 3251 1142 3321 qui
1188 3259 1262 3317 ιε,
1291 3265 1414 3306 cum
1454 3250 1508 3305 in
1552 3229 1714 3306 disci.
1740 3238 1788 3302 C
1821 3237 2034 3300 lumbis,
2069 3236 2136 3291 de
2168 3235 2394 3298 terihus,
2424 3233 2492 3288 de
2522 3232 2714 3297 costis,
2755 3233 2821 3289 de
2857 3231 3023 3297 hillis,
3047 3231 3116 3288 de
3138 3230 3313 3295 collis,
3342 3229 3409 3283 de

116 3341 269 3412 pulis
292 3340 408 3395 suis
439 3349 856 3412 eontempneres
882 3341 1053 3414 (26.5),
1083 3343 1275 3398 elisum
1306 3353 1359 3398 et
1382 3351 1715 3414 prostratum

118 3436 277 3507 exire
297 3433 462 3504 jussit
498 3435 567 3490 ab
599 3434 818 3490 homine
867 3452 881 3489 :
935 3449 1043 3504 quo
1091 3442 1356 3505 praesente
1396 3450 1518 3490 cum
1557 3443 1613 3490 te
1648 3435 1717 3490 ab

120 3517 347 3589 homine
370 3535 699 3596 separasset,
727 3540 829 3580 nec
859 3540 1153 3596 porcorum
1176 3539 1395 3595 gregem
1425 3539 1717 3594 praesume-

118 3616 225 3681 bas
254 3616 588 3687 contingere.
636 3616 849 3672 Recede
892 3630 1035 3671 nunc
1078 3614 1357 3685 adjuratus
1405 3616 1457 3670 in
1499 3614 1755 3681 nomine,

119 3705 246 3779 ejus
292 3705 362 3760 ab
407 3704 648 3772 homine,
681 3720 842 3777 quem
888 3706 1003 3775 ipse
1040 3703 1346 3774 plasmavit.
1386 3705 1588 3759 Durum
1621 3702 1717 3758 tibi

122 3805 214 3850 est
244 3803 436 3851 contra
464 3797 739 3850 stimulum
767 3797 1076 3852 calcitrare.
1111 3795 1316 3850 Durum
1349 3796 1446 3851 tibi
1472 3805 1556 3851 est
1581 3794 1718 3850 velle

122 3887 470 3951 consistere,
515 3887 643 3957 quia
685 3897 891 3958 quanto
942 3889 1149 3944 tardius
1191 3888 1378 3951 exies,
1428 3896 1580 3943 tanto
1622 3887 1718 3943 tibi

123 3978 450 4049 supplicium
483 3981 701 4047 crescit,
732 3982 988 4050 quoniam
1031 3997 1137 4037 non
1170 3982 1446 4037 hominem
1477 3992 1720 4038 contem-
1750 4056 1753 4059 η

123 4070 278 4141 pnis,
308 4070 401 4125 sed
425 4070 573 4126 illum
602 4073 694 4142 qui
726 4073 1037 4130 dominator
1063 4075 1307 4131 vivorum
1336 4084 1441 4141 est,
1470 4075 1563 4146 qui
1589 4091 1719 4131 ven-

128 4170 291 4216 turus
329 4170 412 4216 est
430 4161 678 4231 judicare
703 4164 963 4219 saeculum
990 4179 1085 4234 per
1118 4166 1319 4236 ignem.
1345 4166 1437 4237 qui
1467 4182 1591 4223 cum
1617 4165 1722 4221 Pa-

126 4263 217 4309 tre
270 4263 327 4309 et
354 4254 490 4309 Filio
519 4263 575 4310 et
596 4254 800 4326 Spiritu
850 4266 1041 4313 saneto
1082 4258 1215 4314 vivit
1261 4268 1317 4314 et
1346 4269 1535 4330 regnat
1555 4261 1719 4327 Deus,

125 4359 230 4415 per
264 4344 446 4400 omnia
491 4360 618 4401 saec.
657 4346 840 4402 saecul.
880 4347 1077 4402 Amen.
1148 4348 1293 4403 Alia.
1319 4349 1461 4404 Deus
1487 4350 1578 4419 qui
1623 4349 1755 4405 lm—.

127 4449 297 4489 manu
335 4433 522 4505 generi
569 4434 730 4492 saluti
777 4444 882 4495 etc.
931 4436 1074 4493 Alia.
1099 4437 1371 4495 Virtutum
1420 4437 1723 4494 caelestium

130 4520 279 4576 Deus
307 4533 416 4576 etc.

202 4610 443 4677 Alia._ln
477 4613 694 4668 nomine
726 4612 822 4669 Dei
875 4611 1076 4679 Patris,
1115 4621 1171 4669 et
1206 4613 1354 4679 Filii,
1399 4621 1454 4669 et
1481 4611 1721 4685 Spiritus

131 4703 237 4761 sci.
270 4700 507 4770 Conjuro
546 4712 598 4759 te
639 4712 696 4759 et
720 4704 962 4761 obtestor
1010 4712 1062 4761 te
1097 4705 1331 4772 diabole,
1385 4721 1484 4777 per
1520 4721 1719 4762 nomen

132 4796 237 4850 Dni
270 4795 353 4852 nri
383 4795 477 4849 Ihu
504 4795 631 4866 Xpi,
665 4806 719 4853 et
766 4798 1053 4867 imperium
1082 4797 1221 4868 ejus,
1259 4805 1316 4854 et
1343 4812 1440 4869 per
1459 4798 1720 4854 virtutem
1745 4856 1749 4860 ,

132 4895 342 4942 sanctae
405 4885 714 4953 Trinitatis,
768 4896 824 4943 et
878 4904 976 4958 per
1002 4888 1452 4958 omnipotentiam
1496 4888 1634 4960 ejus,
1660 4895 1723 4943 ut

136 4991 307 5031 exeas
323 4974 575 5042 Satanas,
594 4978 844 5033 et’omnis
865 4978 1133 5043 diabolica
1153 4987 1397 5049 potestas
1411 4979 1480 5035 de
1500 4979 1720 5035 homine

138 5069 244 5125 isto
275 5067 344 5123 N.
371 5068 577 5139 absque
602 5069 823 5127 laesione
854 5073 1050 5128 animae
1075 5081 1131 5129 et
1157 5072 1401 5142 corporis
1421 5072 1525 5128 sui.
1553 5072 1726 5127 Exeas

138 5163 364 5217 omnino
408 5177 507 5218 nec
535 5171 701 5229 stare,
764 5178 865 5219 nec
891 5164 1224 5230 discurrere,
1273 5177 1373 5219 nec
1403 5164 1592 5229 latere,
1624 5179 1725 5219 nec

140 5254 372 5312 servire.
399 5255 452 5309 in
489 5270 718 5326 corpore
758 5256 938 5322 istius,
965 5265 1022 5312 et
1065 5256 1280 5327 spiritu,
1303 5264 1360 5312 et
1388 5256 1594 5321 anima,
1633 5266 1755 5315 aut.

140 5345 472 5401 vestimento
499 5360 823 5415 praesumas,
860 5347 956 5402 sed
978 5346 1239 5420 profugus
1261 5345 1543 5402 abscedas.
1596 5346 1729 5402 Nul-

143 5435 369 5506 Iumque
390 5437 682 5510 vestigium
712 5449 805 5493 aut
849 5438 1092 5493 dolorem
1124 5438 1179 5493 in
1211 5438 1391 5493 anima
1427 5439 1603 5506 istius,
1640 5440 1727 5497 vel

145 5528 200 5583 in
245 5543 410 5586 carne
459 5545 553 5586 seu
603 5530 817 5586 ossibus
866 5529 1228 5599 derelinquas.
1284 5527 1442 5584 Exite
1480 5526 1727 5586 inmundi

147 5619 393 5690 spiritus,
446 5622 759 5692 quicunque
819 5620 978 5688 estis,
1028 5628 1123 5675 aut
1172 5633 1335 5685 unus,
1384 5628 1480 5675 aut
1522 5619 1727 5690 plures,

1816 3329 2107 3394 vertebris,
2145 3328 2211 3383 de
2253 3326 2492 3391 natibus,
2526 3326 2593 3381 de
2632 3326 3014 3391 internatihus,
3065 3326 3130 3381 de
3156 3323 3411 3379 omnibus

1818 3420 1971 3476 fibris
1999 3419 2278 3484 vitalibus,
2306 3417 2373 3471 de
2399 3412 2598 3480 anima,
2629 3417 2695 3473 de
2724 3408 3001 3481 umbilico,
3035 3418 3100 3472 de
3139 3414 3410 3470 mammil-

1820 3511 1903 3577 lis,
1935 3510 2000 3565 de
2029 3509 2337 3574 intervivio,
2364 3507 2430 3563 de
2457 3506 2623 3572 mula,
2655 3506 2719 3562 de
2743 3506 3001 3562 intestino
3023 3506 3317 3575 grossiore,
3342 3504 3410 3557 de

1816 3607 1962 3678 pilis,
2005 3606 2072 3660 de
2097 3603 2243 3658 omni
2278 3602 2401 3657 cute
2431 3600 2622 3673 ipsius,
2654 3601 2719 3656 de
2751 3609 2863 3656 toto
2914 3616 3144 3669 corpore
3174 3599 3313 3667 ejus,
3344 3599 3410 3652 de

1818 3697 2030 3753 cunctis
2058 3694 2301 3758 cibariis,
2337 3702 2393 3747 et
2420 3691 2567 3746 omni
2597 3705 2737 3761 pane
2767 3705 2888 3753 suo,
2928 3690 2994 3745 de
3022 3697 3134 3743 toto
3158 3695 3307 3758 potu,
3341 3687 3409 3741 de

1818 3784 1967 3845 omni
1997 3787 2142 3841 victu
2185 3783 2329 3839 illius
2356 3782 2638 3837 abscedes.
2671 3780 2781 3835 Nec
2809 3779 3270 3850 adpropinquare,
3303 3791 3404 3832 nec

1819 3882 1992 3938 malos
2015 3872 2315 3942 aeris,'nec
2359 3874 2607 3930 fendidos
2634 3887 2873 3937 orrares,
2904 3871 2985 3927 vel
3020 3871 3243 3926 insidias
3275 3869 3411 3923 ullas

1818 3975 1869 4030 ei
1894 3975 2141 4045 ingerere
2161 3983 2498 4040 praesumas;
2540 3965 2633 4021 sed
2680 3963 2935 4035 expulsus
2963 3973 3116 4018 extra
3149 3961 3409 4016 nmndum

1820 4067 1983 4122 istum
2009 4080 2107 4137 per
2135 4063 2391 4118 virtutem
2423 4067 2478 4115 et
2513 4058 2727 4127 signum
2755 4064 2960 4111 sanctae
2993 4053 3173 4111 crucis
3196 4053 3412 4108 redem-

1818 4158 1997 4230 ptoris
2035 4156 2205 4212 nostri
2235 4155 2330 4211 Ihu
2357 4154 2462 4225 Xpi
2501 4167 2621 4223 quae
2661 4159 2745 4207 est
2769 4150 2937 4222 (sunt)
2966 4165 3114 4205 arma
3146 4147 3415 4204 Christia-

1823 4263 2019 4305 norum
2074 4256 2130 4301 et
2176 4244 2486 4316 triumphus
2537 4241 2636 4297 Dni
2673 4240 2768 4296 Ihu
2816 4238 3115 4295 Salvator-is
3159 4236 3263 4291 ori.
3306 4234 3437 4324 Per]

1823 4356 1984 4412 quem
2038 4340 2215 4394 victus
2270 4345 2327 4392 et
2383 4330 2581 4407 ligatus
2624 4346 2702 4395 es,
2736 4339 3003 4400 utpasser
3043 4329 3093 4381 in
3123 4326 3433 4391 solitudine

1823 4446 2050 4495 vacuus,
2108 4429 2325 4484 deserta
2372 4441 2497 4480 mox
2540 4424 2786 4481 concitus
2809 4429 2862 4476 et
2886 4419 3211 4475 constrictus
3237 4424 3410 4487 petas.

1827 4521 1933 4577 Per
1967 4518 2365 4574 invocationem
2404 4524 2459 4569 et
2480 4515 2733 4569 virtutem
2775 4511 3009 4565 nominis
3040 4509 3129 4563 Dei
3162 4506 3408 4576 omnipo-

1749 4580 1801 4643 D
1828 4613 2016 4677 tentis,
2046 4609 2133 4667 exi
2167 4610 2220 4664 in
2250 4609 2349 4663 ista
2379 4607 2537 4669 hora,
2578 4613 2634 4658 et
2666 4604 2719 4657 in
2750 4602 2853 4657 isto
2881 4608 3159 4655 momento
3185 4597 3411 4667 spiritus

1823 4702 2101 4767 inmunde,
2151 4699 2244 4770 qui
2304 4696 2546 4752 invasisti
2600 4694 2745 4747 hunc
2795 4689 3067 4746 hominem
3122 4687 3188 4743 N.
3222 4687 3435 4769 Evolat.“

1821 4796 2115 4851 Evanesce.
2148 4791 2301 4845 Hunc
2340 4789 2613 4845 hominem
2652 4799 2863 4850 sanum,
2894 4783 3186 4854 integrum,
3213 4788 3268 4836 et
3303 4774 3414 4835 sin-

1821 4901 2007 4944 cerum
2053 4897 2278 4953 corpore
2309 4891 2364 4937 et
2388 4879 2592 4943 anima,
2639 4888 2691 4933 et
2715 4876 2907 4947 spiritu
2942 4875 2995 4929 in
3042 4874 3142 4929 Dni
3173 4873 3266 4928 Ihu
3296 4886 3413 4925 ser-

1820 4979 1954 5033 vitio
1985 4956 2037 5033 in
2068 4983 2389 5046 perpetuum
2418 4969 2755 5038 derelinqne.
2798 4968 2897 5023 Exi
2929 4963 3410 5024 anathematizato,

1829 5086 1935 5127 non
1978 5082 2283 5130 remaneas,
2340 5078 2439 5119 nec
2474 5060 2827 5117 abscondaris
2858 5060 2911 5114 in
2961 5058 3067 5112 ulla
3091 5059 3410 5122 compagine

1828 5161 2197 5217 metnhrorum
2248 5154 2425 5218 istius,
2457 5160 2548 5207 aut
2587 5151 2712 5204 flatu
2743 5149 2880 5218 ejus,
2913 5147 2966 5202 in
2994 5145 3104 5201 ullo
3128 5145 3412 5198 domormn

1827 5252 2025 5324 angulo
2054 5265 2275 5307 suarmn
2323 5263 2420 5319 per
2457 5245 2624 5301 ullum
2651 5250 3050 5313 argumentum,
3079 5244 3174 5291 aut
3200 5233 3411 5288 callidi-

1829 5358 1998 5405 tatem
2040 5356 2093 5401 te
2142 5343 2324 5400 celare
2380 5355 2698 5414 pnesumas.
2739 5337 2923 5408 Neque
2967 5348 3088 5405 quae
3133 5339 3261 5386 sunt
3294 5328 3414 5400 ejus

1828 5440 2131 5510 contingas,
2167 5444 2262 5491 aut
2288 5434 2563 5491 obsideas.
2602 5430 2719 5486 Non
2751 5426 3072 5483 vestimenta
3107 5422 3269 5486 illius,
3305 5436 3412 5476 non

1830 5534 1997 5594 viros,
2022 5545 2130 5586 non
2164 5526 2434 5592 heminas,
2468 5540 2575 5579 non
2607 5535 2826 5592 pecora,
2857 5534 2964 5572 non
2992 5516 3262 5587 jumenta,
3292 5526 3415 5582 qua:

1833 5642 1927 5682 sua
1978 5632 2104 5680 sunt
2134 5621 2242 5678 ullo
2270 5621 2429 5677 modo
2477 5615 2732 5673 invadere
2756 5623 3050 5690 praesumus
3078 5622 3093 5673 ;
3140 5603 3236 5662 sed
3264 5611 3412 5677 cate-

222 5798 371 5871 (263)
419 5816 664 5871 ιηψνσσ..
720 5772 839 5855 cum
888 5797 1176 5868 discipulos
1214 5793 1329 5865 ejus
1378 5804 1899 5861 eontemneres,cte.
