3962 5386
512 338 536 392 Ι

1382 328 1675 394 APPEND.
1716 328 1808 415 AD
1845 323 2017 383 SASC.
2063 321 2130 375 Χ.
2170 350 2240 360 -—-
2281 314 3021 389 MONUMENTALITUBG.

3640 306 3768 366 H5!

507 457 669 511 natus
718 452 775 501 et
828 443 1070 501 frenatus
1106 458 1203 514 per
1230 442 1516 512 imperium
1566 450 1623 496 et
1648 447 1992 511 potestatem,
2031 444 2086 490 et
2114 437 2164 495 Α
2190 445 2318 499 ceps
2347 430 2398 483 in
2428 443 2536 498 quo
2561 404 3128 499 potestatembabeat.
3148 438 3272 493 pars
3304 422 3512 493 iniqua,
3548 438 3653 478 nec
3682 424 3763 477 in.

507 549 734 606 regnum
766 532 864 588 Dni
889 535 971 599 nri
1015 532 1108 606 lhu
1135 531 1243 603 Xpi
1277 530 1541 595 creatoris
1571 528 1757 584 mundi
1796 526 1920 583 exul
1948 524 2084 580 eii‘u-

510 628 647 698 gias,
676 635 967 696 partesque
988 623 1109 680 illas
1133 632 1308 694 petas,
1337 622 1426 677 ubi
1450 621 1616 676 ullam
1654 626 1958 679 creaturam
1990 615 2086 670 Dei

509 717 693 774 ledere
748 702 1065 788 praesumas.
1118 716 1196 771 Da
1251 731 1375 771 mox
1410 715 1672 770 honorem
1704 712 1816 765 Deo
1843 708 2088 777 omnipo-

511 808 644 878 tenti
666 808 819 878 cujus
856 808 1039 862 omnia
1075 807 1424 863 dominantur
1451 804 1700 874 imperio,
1732 801 1817 856 cui
1846 801 2087 855 incessa-

508 899 637 954 bilia
692 898 953 954 obediunt
1002 899 1290 954 elementa.
1345 897 1532 954 Virtus
1572 894 1715 949 illius
1743 902 1796 948 te
1829 889 2085 960 expellat,

506 999 562 1045 et
607 990 761 1045 exire
814 998 974 1061 cogat
1014 1007 1137 1047 cum
1168 992 1313 1046 omni
1343 990 1500 1045 turba
1543 998 1655 1052 tua,
1697 986 1788 1056 qui
1812 985 1879 1040 de
1919 982 2084 1038 Maria

505 1077 823 1148 Magdalena
886 1089 1095 1151 septem
1155 1080 1362 1151 iugavit
1415 1080 1699 1135 daemonia.
1758 1078 1859 1145 Qui
1922 1088 2087 1142 regna

506 1170 702 1224 mortis
731 1185 835 1251 per
861 1179 912 1226 te
942 1171 1160 1225 inventa
1207 1172 1494 1235 destruxit,
1526 1179 1582 1226 et
1609 1171 1673 1225 de
1702 1179 1967 1240 potestate
1996 1180 2085 1225 tua

505 1259 710 1316 electos
762 1276 892 1317 suos
939 1262 1181 1316 abstulit.
1229 1263 1345 1333 Ipse
1379 1270 1463 1317 est
1492 1262 1754 1316 Dominus
1798 1263 2084 1325 virtutum,

505 1351 623 1422 ipse
656 1362 741 1408 est
789 1368 884 1409 rex
910 1354 1117 1425 gloriae,
1144 1356 1235 1426 qui
1279 1372 1345 1410 ex
1370 1370 1468 1410 ore
1515 1354 1696 1410 Patris
1722 1354 1919 1423 prodiit
1959 1363 2087 1408 ante

504 1439 810 1498 luciferum.
845 1443 1028 1514 Teque
1052 1446 1431 1516 deprecamur,
1451 1454 1505 1500 ct
1532 1446 1847 1500 invocamus
1874 1454 1924 1500 te
1947 1444 2089 1501 Deus

506 1548 662 1605 omps
693 1544 881 1592 sancta
915 1535 1179 1604 Trinitas,
1210 1547 1267 1593 ut
1323 1538 1794 1605 hunc‘hominem,
1826 1538 2086 1607 pietatem

507 1636 657 1681 tuam
718 1636 1012 1697 petentem,
1053 1627 1248 1696 jubeas
1299 1629 1580 1684 emundari
1617 1630 1684 1684 ab
1712 1629 1861 1683 omni
1890 1629 2086 1683 insidia

506 1715 833 1782 daemonum,
864 1726 920 1772 et
943 1716 1146 1773 doloris
1180 1718 1517 1774 immissione
1544 1732 1757 1774 eorum.
1786 1716 1843 1771 ln
1867 1718 2087 1772 nomine

2189 518 2338 589 gredi
2369 527 2678 588 praesumat.
2698 516 2809 570 Nec
2836 516 3071 568 animam
3102 514 3265 578 illius,
3294 528 3398 567 nec
3420 527 3627 581 corpus
3654 512 3763 581 ejus

2188 626 2421 680 nequam
2480 610 2703 685 spiritus
2748 608 2942 663 lwdere
2980 606 3063 662 vel
3108 607 3355 677 fatigare,
3386 615 3488 659 aut
3542 612 3764 666 terrere,

2188 711 2283 757 aut
2310 699 2753 770 temptationibus
2782 698 2999 753 titillare
3024 705 3336 767 praesumat.
3354 694 3485 750 Per.

2362 796 2494 847 ιτειι
2523 805 2842 845 BENEDICTIO
2876 803 3080 843 ειη-[Α
3108 802 3272 843 suasa
3305 801 3596 841 INFIBIUI.

2258 880 2425 937 Sanet
2460 888 2516 935 te
2541 880 2680 934 Deus
2718 878 2902 943 Pater,
2936 878 3027 946 qui
3056 885 3106 931 te
3136 876 3365 937 ereavit.
3398 884 3565 930 sanet
3601 882 3655 929 te
3679 874 3769 929 Fi-

2186 971 2292 1026 lius
2321 971 2439 1035 Dei,
2474 970 2565 1041 qui
2620 984 2720 1039 pro
2772 978 2823 1022 te
2855 982 3046 1038 passus
3091 975 3196 1030 est,
3234 974 3389 1019 sanet
3438 974 3495 1019 te
3536 963 3768 1033 Spiritus

2187 1072 2426 1131 sanctus,
2448 1065 2540 1134 qui
2582 1065 2635 1120 in
2669 1074 2720 1117 te
2746 1060 2946 1116 effusus
2978 1069 3082 1124 est,
3101 1069 3253 1131 sanet
3279 1069 3330 1114 te
3355 1060 3495 1115 ﬁdes
3517 1068 3634 1123 tua,
3657 1074 3769 1127 qua
3808 1106 3815 1114 .

2186 1168 2240 1214 te
2276 1158 2525 1214 liberavit
2581 1157 2649 1212 ab
2682 1156 2827 1211 omni
2869 1154 3172 1223 iniquitate.
3211 1152 3511 1207 Benedicat
3549 1161 3609 1206 te
3636 1150 3770 1206 Deus

2184 1247 2367 1312 Pater,
2413 1255 2469 1300 et
2504 1244 2772 1301 custodiat
2826 1253 2877 1297 te
2906 1242 3074 1297 Filius
3104 1241 3222 1306 Dei,
3260 1240 3541 1294 illuminet
3572 1250 3628 1293 te
3656 1237 3770 1307 Spi—

2186 1337 2324 1392 rittts
2374 1344 2616 1399 sanctus,
2670 1343 2729 1389 ut
2756 1334 2959 1389 habeas
2992 1333 3154 1387 vitam
3182 1340 3447 1387 aeternam
3482 1330 3539 1383 in
3575 1328 3768 1383 secula

2187 1427 2531 1484 srecnlorum.
2586 1427 2780 1479 Amen.
2812 1422 3106 1478 Benedicat
3134 1430 3187 1475 te
3216 1419 3378 1474 Pater
3416 1418 3770 1486 omnipotens

2186 1519 2252 1573 de
2267 1516 2427 1581 coalo,
2451 1515 2544 1585 qui
2573 1516 2627 1571 in
2653 1506 2920 1584 principio
2940 1522 3133 1567 cuncta
3160 1510 3367 1566 creavit
3383 1508 3581 1564 verbo.
3608 1507 3772 1562 Bene-

2187 1607 2332 1662 dicat
2371 1615 2423 1661 te
2455 1605 2625 1661 Filius
2658 1604 2777 1669 Dei,
2808 1604 2901 1674 qui
2941 1603 3008 1658 de
3037 1602 3167 1657 sede
3194 1609 3428 1670 paterna
3462 1600 3535 1653 ad
3562 1613 3668 1652 nos
3690 1614 3772 1653 reo

2186 1696 2475 1752 dimendos
2493 1697 2681 1752 venire
2704 1695 2957 1766 dignatus
2985 1700 3087 1748 est.
3113 1690 3413 1749 Benedicat
3445 1699 3504 1745 te
3536 1690 3773 1759 Spiritus

470 1796 604 1878 .lliu
657 1817 713 1863 et
759 1808 997 1878 Spiritus
1030 1810 1107 1865 sci
1149 1810 1385 1879 petimus
1414 1810 1557 1865 Deus
1610 1809 1791 1875 Pater,
1834 1816 1895 1862 ut
1915 1808 2087 1863 virtus

2200 1796 2432 1851 sanctus,
2468 1788 2561 1857 qui
2599 1789 2653 1841 in
2680 1786 2862 1857 Specie
2884 1784 3165 1847 columbae,
3190 1783 3244 1837 in
3266 1782 3494 1837 ﬂumine
3521 1779 3773 1836 Iordanis

510 1906 600 1951 tua
631 1898 910 1954 adferatur
935 1901 987 1954 in
1010 1901 1154 1955 hunc
1186 1901 1458 1957 hominem
1495 1916 1699 1969 aegrum
1741 1908 1796 1954 et
1824 1897 2087 1954 corrobo-

509 2001 635 2041 rare
686 2002 807 2042 eum
837 1990 1075 2060 digneris
1113 1992 1181 2045 ad
1231 1992 1398 2052 vitam
1435 1999 1718 2046 aeternam.
1752 1988 2009 2059 Legimus
2035 1998 2092 2044 et

510 2081 785 2136 credimus
842 2081 957 2136 Dne
1006 2083 1061 2137 in
1110 2082 1405 2153 Evangelio
1444 2091 1634 2141 sancto
1662 2090 1772 2145 tuo,
1801 2081 2090 2148 quodcum

510 2173 658 2226 omni
688 2172 913 2242 imperio
946 2175 1091 2229 Dnus
1117 2175 1205 2230 lbs
1240 2173 1410 2228 Filius
1450 2182 1575 2227 tuus
1604 2172 1829 2242 spiritus
1859 2171 2094 2225 immun-

510 2263 611 2319 dos
658 2264 934 2333 ejiciebat,
985 2274 1039 2319 et
1082 2265 1366 2334 passiones
1393 2263 1461 2317 ab
1485 2263 1616 2332 ipsis
1644 2261 1822 2317 illatas
1844 2267 2093 2329 potenter

509 2352 757 2417 curabat,
816 2362 876 2409 ut
925 2353 1240 2423 impleretur
1263 2352 1405 2424 quod
1456 2352 1657 2407 dictum
1693 2363 1831 2406 csta
1864 2348 2092 2403 Domino

508 2459 607 2513 pcr
630 2444 841 2499 Esaiam
876 2445 1191 2516 prophetam
1225 2464 1238 2500 :
1269 2446 1385 2516 Ipse
1413 2445 1755 2499 inﬁrmitates
1801 2450 2015 2496 nostras
2037 2446 2091 2496 et

510 2535 858 2604 :egritudines
910 2535 1166 2603 portavit,
1219 2543 1276 2590 et
1324 2535 1492 2588 livore
1512 2548 1613 2589 suo
1658 2533 1843 2603 plagas
1874 2539 2091 2586 nostras

511 2626 746 2698 sanavit.
797 2625 874 2680 Tu
931 2626 1157 2682 Domine
1208 2624 1459 2680 Salvator
1486 2623 1669 2679 mundi
1701 2622 1958 2693 apostolis
1983 2621 2091 2676 tuis

510 2716 716 2770 sanctis
759 2723 814 2769 et
857 2716 1110 2772 omnibus
1161 2717 1216 2771 itt
1281 2724 1332 2771 te
1376 2714 1724 2769 credentibus
1766 2720 2089 2783 potestatem

511 2806 707 2861 dedisti
759 2806 982 2877 spiritus
1022 2806 1310 2860 inmundos
1367 2805 1433 2859 de
1485 2804 1737 2859 omnibus
1784 2800 2005 2870 ejicere,
2037 2807 2092 2854 et

512 2913 705 2963 curare
725 2884 915 2953 omnes
948 2897 1287 2968 languentes,
1326 2904 1381 2951 et
1403 2910 1594 2950 omnes
1623 2893 1969 2948 inﬁrmitates
1994 2906 2093 2961 per

514 2986 912 3043 invocatinnem
943 2980 1117 3044 sancti
1150 2987 1384 3043 nominis
1427 2987 1525 3042 tui.
1560 2986 1638 3039 Tu
1667 2984 1874 3046 dixisti,
1902 2981 2091 3039 Omnis

512 3077 819 3147 quicunque
872 3079 1207 3135 invocaverit
1254 3093 1449 3133 nomen
1502 3075 1735 3138 Domini,
1779 3076 1865 3130 hic
1912 3074 2091 3129 salvus

511 3169 632 3224 erit.
692 3159 757 3223 Et
806 3171 1165 3240 quodcunque
1203 3170 1467 3239 petieritis
1518 3167 1730 3221 Patrem
1775 3166 1828 3220 in
1875 3136 2162 3220 nontinec
2193 3154 2473 3240 “ﬁt”?
2507 3154 2678 3240 ίξ¹¹¹¹¹¹ν

513 3274 638 3315 meo
665 3261 813 3315 dabit
842 3261 1015 3315 vobis.
1041 3260 1120 3314 Tu
1148 3261 1372 3314 Domine
1394 3258 1603 3322 dixisti,
1629 3257 1804 3312 Siros
1824 3272 1946 3311 cum
1972 3256 2093 3311 sitis

513 3350 643 3405 ntali
693 3352 865 3405 nostis
917 3346 1054 3405 bona
1092 3350 1222 3404 dare
1271 3349 1398 3403 ﬁliis
1436 3348 1648 3409 vestris,
1692 3356 1894 3417 quanto
1925 3347 2096 3417 magis

512 3440 678 3494 Pater
706 3448 887 3495 vester
919 3441 985 3494 de
1018 3439 1158 3495 coelo
1203 3439 1350 3493 dabit
1398 3439 1648 3507 spiritum
1678 3437 1876 3492 bonum
1901 3447 2094 3507 peten-

514 3531 663 3585 tibus
692 3545 771 3584 se.
804 3529 883 3583 Tu
915 3530 1142 3599 Domine
1181 3529 1389 3594 dixisti,
1422 3528 1479 3583 Si
1505 3527 1805 3585 habueritis
1830 3527 2011 3593 iidem,
2040 3535 2096 3582 et

511 3620 761 3677 dixeritis
777 3622 945 3676 monti
968 3621 1116 3684 huic,
1135 3619 1351 3684 Transi,
1365 3627 1420 3673 et
1436 3619 1680 3673 transiet.
1699 3617 1806 3672 Nos
1821 3617 2096 3673 credimus

517 3711 809 3766 Dominum
869 3722 918 3768 te
946 3727 1066 3768 esse
1107 3710 1537 3779 omnipotentem
1569 3717 1623 3763 et
1657 3708 1837 3764 omnia
1866 3708 2023 3777 apud,
2044 3717 2097 3762 te

514 3803 797 3873 possibilia
835 3819 976 3859 esse.
1010 3803 1193 3873 Teque
1223 3811 1409 3856 sancta
1456 3798 1716 3863 Trinitas,
1757 3798 2095 3862 invocamus,

511 3896 714 3951 exaudi
742 3912 840 3951 nos
865 3895 977 3951 Dne
1030 3895 1121 3950 lhu
1146 3894 1400 3949 Salvator
1423 3900 1627 3955 noster,
1654 3899 1705 3945 et
1731 3906 1826 3960 per
1848 3900 2096 3945 sanetum

519 3987 725 4044 Nomen
752 3998 898 4043 tuum
921 3988 1154 4058 petimus
1174 3986 1411 4049 Patrem,
1439 3992 1493 4038 ct
1523 3983 1737 4046 Filium,
1759 3992 1813 4037 et
1836 3981 2097 4050 Spiritum

514 4086 791 4142 sanctum,
856 4085 915 4130 ut
966 4091 1184 4131 servum
1222 4084 1370 4128 tuum
1410 4074 1629 4128 nomine
1654 4070 1719 4124 N.
1749 4070 1817 4124 ab
1845 4069 1992 4124 omni
2018 4070 2100 4123 in-

515 4183 682 4223 cursu
714 4166 1007 4221 demonum
1046 4165 1352 4228 emundari,
1386 4172 1442 4218 et
1468 4177 1683 4217 omnem
1729 4160 2097 4213 infirmitatem

520 4273 683 4325 quam
738 4256 982 4325 ingessit,
1034 4262 1127 4307 aut
1175 4254 1230 4307 in
1277 4254 1472 4306 anima:
1503 4261 1595 4305 aut
1634 4250 1686 4303 in
1710 4264 1936 4317 corpore
1960 4246 2099 4302 illius

521 4345 789 4400 medicina
819 4355 909 4397 tua
927 4341 1118 4413 jubeas
1141 4341 1344 4396 sanari.
1373 4340 1452 4395 Tu
1479 4339 1591 4394 Due
1616 4338 1796 4392 dixisti
1834 4352 1938 4391 non
1965 4353 2101 4406 opus

517 4434 672 4489 sanis
726 4432 954 4496 medico,
1012 4432 1105 4487 sed
1136 4431 1376 4502 aegrotis,
1403 4440 1459 4484 et
1493 4430 1744 4496 dignatus
1784 4443 1845 4483 es
1875 4428 2096 4482 dicere:

2192 1875 2330 1931 alvei
2364 1891 2527 1945 super
2561 1875 2737 1945 Xpum
2785 1875 2922 1929 Dnm
2960 1873 3246 1944 requievit.
3285 1870 3492 1927 Sancta
3531 1870 3777 1925 Trinitas

2189 1978 2246 2023 et
2272 1967 2647 2038 inseparabilis
2675 1966 2856 2021 unitas
2879 1973 2932 2020 te
2956 1963 3239 2019 henedicat
3273 1971 3327 2018 et
3348 1961 3596 2016 animam
3630 1970 3775 2018 tuam

2190 2057 2481 2123 custodiat,
2507 2056 2561 2110 in
2584 2054 2780 2110 saecula
2807 2046 3134 2123 Sempiterna
3163 2066 3348 2106 amen.

2627 2147 2762 2202 Ite'm
2799 2156 2983 2202 sancta
3021 2144 3329 2200 benedictio.

2263 2239 2577 2296 Benedictio
2605 2239 2700 2293 Dei
2742 2237 2920 2293 Patris
2951 2251 3076 2292 cum
3106 2235 3314 2306 angelis
3357 2234 3476 2290 suis
3520 2235 3591 2290 sit
3618 2250 3779 2305 super

2193 2344 2267 2386 te.
2293 2329 2608 2385 Benedictio
2644 2326 2749 2399 Xpi
2794 2343 2915 2383 eum
2963 2325 3224 2397 apostolis
3253 2325 3370 2379 suis
3409 2324 3485 2379 sit
3507 2340 3677 2394 super
3703 2334 3773 2379 te.

2192 2421 2508 2478 Benedictio
2532 2420 2770 2490 Spiritus
2804 2418 2981 2475 sancti
3010 2432 3131 2473 cum
3162 2424 3369 2486 septem
3392 2415 3557 2469 donis
3579 2416 3654 2468 sit
3685 2430 3778 2468 su-

2192 2529 2292 2584 per
2321 2502 2393 2567 te.
2423 2511 2738 2567 Benedictio
2775 2519 2831 2565 et
2852 2506 3210 2564 sanctiﬁcatio
3243 2515 3301 2561 et
3323 2505 3557 2577 salvatio
3581 2505 3777 2559 verbo-

2192 2618 2314 2658 rum
2345 2602 2641 2666 l'actorum,
2671 2600 2950 2669 virtusque
2971 2596 3353 2668 mysteriorum
3380 2595 3499 2657 Dei,
3526 2603 3583 2648 et
3603 2595 3777 2648 sancti

2192 2695 2489 2765 Evangelii,
2513 2695 2566 2748 in
2591 2694 2806 2747 nomine
2822 2692 2916 2747 Dei
2942 2691 3137 2745 summi
3163 2690 3236 2743 sit
3260 2702 3424 2756 super
3446 2694 3499 2739 te
3529 2686 3584 2738 in
3609 2686 3778 2738 vitam

2191 2792 2473 2842 aeternam.
2504 2783 2817 2840 Benedictio
2867 2780 3147 2837 dominicae
3180 2778 3571 2834 incarnationis
3596 2785 3655 2830 et
3684 2777 3779 2831 be-

2191 2876 2428 2931 nedictio
2456 2875 2630 2929 beata:
2657 2862 2926 2944 passionis
2968 2879 3025 2926 et
3058 2866 3477 2925 resurrectionis
3497 2876 3556 2921 et
3576 2880 3775 2920 ascen-

2192 2966 2362 3022 Sionis
2392 2965 2493 3035 Xpi
2530 2965 2602 3020 sit
2648 2979 2810 3035 super
2841 2972 2893 3017 te
2934 2980 2947 3015 :
2982 2971 3038 3017 et
3064 2976 3167 3031 pax
3198 2960 3292 3014 Dei
3336 2973 3461 3029 qua:
3482 2965 3779 3026 exsuperat

2193 3071 2411 3112 omnem
2433 3070 2649 3111 sensuro
2670 3054 2943 3109 custodiat
2957 3066 3172 3107 sensum
3199 3059 3373 3114 tuum,
3400 3055 3458 3104 et
3483 3063 3583 3103 cor
3598 3057 3775 3109 tuum,

2702 3145 2753 3197 in
2779 3142 2900 3211 Xpo
2935 3140 3038 3196 .lhu
3074 3141 3193 3194 Dno
3217 3153 3314 3192 nro
3339 3151 3521 3191 amen.
3551 3135 3778 3190 Benedi-

2193 3237 2306 3293 ctio
2336 3235 2590 3291 Ecclesiae
2616 3232 2894 3288 catholicae
2921 3244 3044 3285 cum
3065 3229 3189 3284 tiliis
3217 3229 3331 3283 suis
3358 3226 3548 3283 electis
3583 3226 3656 3281 sit
3686 3241 3782 3280 su-

2195 3342 2294 3400 per
2331 3337 2402 3383 te.
2425 3325 2744 3381 Benedictio
2775 3322 3234 3393 patriarcharum,
3265 3327 3321 3373 et
3360 3317 3616 3387 sull‘ragia
3648 3332 3778 3387 apo-

2197 3422 2479 3485 stolorum,
2514 3428 2570 3475 et
2606 3417 2835 3473 victoria
2865 3425 3186 3486 martyrum,
3214 3413 3349 3467 ﬁdes
3379 3410 3773 3476 confessorem,

2197 3510 2420 3567 castitas
2442 3508 2732 3579 virginum,
2763 3514 2818 3560 et
2842 3503 3179 3560 continentia
3202 3501 3518 3564 viduarum,
3535 3509 3591 3554 et
3611 3500 3780 3553 inter-

2197 3602 2470 3657 cessiones
2507 3599 2751 3654 omnium
2796 3594 3120 3650 Sanctorum
3157 3602 3375 3647 tuorum
3413 3591 3644 3646 Domine
3670 3592 3779 3647 sint

2199 3706 2363 3760 super
2394 3699 2464 3744 te.
2500 3687 2660 3743 Fiant
2712 3686 2905 3742 merita
2953 3693 3009 3740 et
3040 3683 3316 3739 orationes
3349 3696 3541 3736 eorum
3578 3693 3776 3743 tecum,

2200 3784 2254 3838 in
2300 3779 2737 3853 cogitationibus,
2766 3778 2845 3832 in
2898 3774 3264 3839 sermonibus,
3325 3773 3379 3826 in
3410 3772 3689 3841 operibus,
3719 3773 3775 3826 in

2201 3872 2409 3936 diebus,
2442 3871 2495 3924 in
2521 3868 2795 3923 noctibus.
2828 3864 3161 3921 Commendo
3186 3872 3242 3917 te
3268 3868 3381 3915 toto
3400 3868 3653 3930 tempore
3678 3860 3777 3914 sub

2197 3970 2467 4035 potestate
2501 3969 2702 4016 sanan
2737 3957 3042 4023 Trinitatis,
3072 3964 3134 4010 ut
3158 3951 3429 4010 custodiat
3454 3961 3507 4006 te
3534 3952 3590 4006 in
3616 3951 3775 4005 vitam

2198 4063 2480 4108 aeternam.
2500 4051 2692 4104 Amen.

2674 4155 2736 4196 ιι]
2743 4156 2843 4194 PER
2880 4152 3292 4194 DBIIONIACCUI.

2271 4233 2498 4289 Domine
2532 4241 2721 4287 sancte
2765 4230 2930 4285 Pater
2985 4228 3327 4298 omnipotens
3382 4234 3590 4281 aeterne
3644 4225 3776 4280 Deus

2202 4325 2410 4394 expelle
2470 4320 2741 4378 diabolum
2787 4320 2854 4375 de
2907 4319 3130 4375 homine
3169 4317 3274 4372 isto
3307 4315 3373 4370 Ν.
3397 4317 3466 4371 de
3491 4316 3694 4384 capite,
3716 4315 3777 4368 de

2204 4415 2434 4486 capillis,
2465 4415 2531 4469 de
2555 4414 2784 4477 vertice,
2813 4412 2883 4468 de
2905 4413 3159 4476 cerebro,
3180 4410 3247 4465 de
3271 4409 3464 4467 fronte.
3495 4409 3567 4463 de
3588 4407 3772 4465 oculis.

522 4522 642 4579 Non
697 4523 817 4577 veni
866 4492 1285 4591 voearcjnst'os,
1334 4492 1426 4576 sed
1461 4492 1794 4589 peceatores.
1837 4516 1916 4570 Tu
1960 4514 2101 4570 Deus
2130 4492 2177 4550 Ῑ)
2205 4507 2272 4562 de
2299 4521 2416 4570 ore,
2455 4505 2522 4559 de
2566 4504 2812 4569 auribus,
2847 4503 2915 4559 de
2956 4503 3197 4567 naribus,
3239 4502 3307 4556 de
3340 4500 3543 4571 lingua,
3568 4502 3640 4555 de
3660 4501 3779 4553 sub-

520 4630 705 4680 verus,
732 4625 785 4671 et
814 4623 871 4670 tu
899 4615 1047 4671 solus
1072 4617 1244 4669 bonus
1280 4628 1404 4668 cum
1450 4610 1614 4665 Pa'tre
1641 4618 1695 4664 et
1731 4609 1934 4680 Spiritu
1979 4623 2103 4662 san-

520 4712 636 4769 cto,
684 4705 949 4760 mediator
1001 4704 1096 4759 Dei
1146 4712 1201 4758 et
1245 4703 1550 4767 hominum,
1579 4709 1631 4754 et
1665 4699 1978 4769 propitiatio
2005 4712 2103 4766 pro

523 4795 767 4867 peccatis
789 4795 993 4849 nostris
1022 4794 1118 4848 lhu
1147 4793 1266 4862 Xpe
1316 4791 1414 4846 Fili
1456 4790 1547 4844 Dei
1584 4789 1714 4843 vivi.
1750 4788 2103 4857 Omnipotens

523 4887 596 4942 ab
622 4885 995 4955 omnipotente
1047 4885 1261 4954 genitus
1290 4892 1416 4937 ante
1462 4881 1657 4936 stecula
1695 4895 1909 4950 semper
1938 4894 1997 4933 es
2023 4877 2102 4932 fa-

522 4986 648 5033 ctor
672 4976 834 5046 primi
862 4974 1043 5029 saeculi
1075 4990 1197 5028 eum
1229 4974 1436 5045 Spiritu
1488 4982 1698 5027 sancto.
1734 4969 1884 5024 Mitte
1910 4985 2099 5024 omnes

524 5077 744 5124 sanctos
781 5066 1000 5137 angelos
1037 5073 1200 5135 atque
1245 5061 1625 5133 archangelos.
1677 5060 1830 5115 Mitte
1858 5068 2101 5114 sanctum

522 5158 922 5227 Archangelum
946 5154 1284 5216 Michaelem,
1315 5163 1560 5208 sanetum
1587 5149 1955 5213 Gabrihelem,
1979 5166 2106 5205 san-

2206 4596 2408 4666 lingua,
2429 4596 2495 4651 de
2524 4603 2764 4666 gutture,
2787 4595 2854 4649 de
2878 4592 3024 4665 gula,
3047 4592 3114 4648 de
3136 4590 3294 4655 collo,
3320 4591 3386 4645 de
3415 4605 3650 4659 corpore
3670 4599 3773 4651 tuo,

2206 4692 2272 4746 de
2301 4690 2552 4745 omnibus
2578 4687 2836 4743 membris
2860 4688 2990 4751 tuis,
3007 4687 3071 4742 de
3090 4684 3776 4756 compaginihusmcmbrov

2206 4792 2323 4835 rum
2350 4787 2590 4844 tuorum,
2611 4778 2677 4832 de
2700 4777 2867 4843 intus,
2896 4778 2963 4832 de
2993 4776 3144 4842 foris,
3163 4779 3229 4830 de
3248 4776 3480 4840 ossibus,
3516 4774 3586 4828 de
3608 4774 3773 4833 venis,

2204 4872 2272 4927 de
2301 4870 2506 4934 nervis,
2537 4869 2604 4923 de
2624 4867 2875 4923 omnibus
2896 4867 3151 4936 operibus
3177 4864 3351 4926 malis,
3385 4863 3452 4918 de
3472 4863 3696 4925 virtute,
3713 4861 3773 4914 de

2204 4961 2351 5018 omni
2375 4958 2814 5025 conversatione,
2864 4965 2921 5011 et
2947 4956 3001 5010 in
3027 4954 3210 5014 futuro
3234 4961 3494 5023 operetur
3512 4953 3570 5007 in
3598 4958 3654 5006 te
3677 4950 3775 5003 vir-

2206 5061 2291 5107 tus
2319 5052 2446 5120 Xpi,
2468 5051 2558 5120 qui
2583 5050 2692 5103 viv.

2275 5144 2415 5198 Alia.
2449 5141 2801 5210 Omnipotens
2832 5137 3161 5207 sempiterne
3188 5135 3354 5197 Deus,
3401 5148 3430 5187 ε
3464 5132 3616 5199 cujus
3645 5131 3772 5184 facie

3637 5229 3768 5244 ιιι-..

3330 5238 3455 5244 ..-δ-
3468 5237 3557 5244 ι---
