3962 6326
171 372 312 429 1135

1183 349 1574 414 ORATIONES
1609 347 1886 407 CONTRA
1925 345 2427 403 DAEMONIACUM.

3274 349 3414 404 ιιὸι

169 486 395 541 liberata
428 480 494 534 ad
517 485 792 532 auctorem
819 486 928 526 sua:
955 466 1147 526 salutis
1176 473 1445 528 recurrat,
1482 463 1738 517 liberato-
1767 462 1814 521 Λ
1842 466 2021 527 ptator
2064 456 2342 527 aull‘ugiat.
2395 454 2477 511 Sit
2532 455 2767 510 nominis
2817 457 2892 510 tui
2940 457 3136 528 sig'j-no
3183 459 3419 518 famulus

169 586 394 642 remque
421 583 577 625 suum
605 563 871 621 diabolico
895 561 1065 616 fetore
1089 557 1413 627 depulso,et
1431 548 1597 608 odere
1617 564 1743 606 sua-

163 662 392 717 vissimo
423 657 659 727 Spiritus
685 651 857 709 sancti
896 657 1150 720 percepto
1178 653 1455 715 sequatur.
1486 642 1610 697 Per.

238 749 382 801 Alia.
409 744 639 800 Domine
663 748 850 798 sancte
872 739 1033 793 Pater
1053 735 1393 804 omnipotens
1416 732 1744 802 sempiterne

166 840 336 902 Deus,
364 835 621 888 virtutem
646 840 791 885 tuam
817 829 943 884 totis
964 841 1132 882 exoro
1156 824 1445 896 gemitibus
1467 838 1565 888 pro
1586 821 1745 890 hujus

164 925 358 983 famuli
412 924 490 979 tui
540 938 569 976 a
621 920 834 977 diabolo
890 916 1133 988 oppressi
1163 912 1534 983 infantia,qui
1580 912 1743 966 etiam

164 1013 409 1086 indignis
461 1014 604 1068 inter
660 1024 943 1079 pressuras
988 1009 1155 1062 donas
1178 1004 1507 1076 praesidium.
1532 1001 1747 1071 Exurge

161 1121 273 1179 pro
324 1105 484 1174 hujus
538 1100 763 1156 infantia
815 1097 1108 1160 debellata,
1167 1104 1223 1149 et
1254 1093 1361 1149 noli
1393 1093 1482 1148 diu
1513 1092 1748 1147 retinere

162 1193 486 1255 vindictam,
540 1204 641 1245 nec
689 1197 815 1243 ante
855 1196 1202 1255 conspectum
1235 1191 1383 1237 tuum
1409 1182 1627 1237 veniant
1652 1196 1748 1252 pa-

165 1295 384 1341 rentum
410 1282 628 1342 delicta,
652 1280 744 1349 qui
776 1293 875 1332 nec
904 1292 1000 1346 pro
1021 1276 1133 1332 lilio
1154 1284 1385 1345 patrem,
1413 1288 1512 1327 nec
1531 1287 1628 1343 pro
1655 1288 1749 1341 pa-

168 1383 254 1428 tre
280 1368 573 1442 promisisti
628 1367 799 1421 tilinm
825 1365 1096 1435 judicare.
1129 1363 1409 1417 Auxiliare
1433 1377 1748 1431 quaesumus

162 1463 376 1518 inimici
395 1461 576 1515 lurore
590 1467 807 1513 vexato.
831 1457 909 1511 Ne
942 1456 1061 1511 sine
1083 1456 1408 1527 baptismate
1436 1453 1605 1508 facias
1632 1451 1750 1521 ejus

167 1552 407 1606 animam
441 1566 471 1604 a
498 1548 712 1603 diabolo
740 1545 1031 1617 possideri,
1067 1546 1164 1600 sed
1195 1545 1373 1615 potius
1403 1552 1750 1598 teneramtas

164 1640 424 1710 malignis
445 1637 889 1708 oppressionibus
938 1634 1165 1691 liberata
1197 1635 1291 1688 tibi
1325 1632 1525 1689 referat
1545 1635 1750 1705 gratias

166 1730 548 1798 sempiternas.
577 1726 639 1780 P.
1520 1722 1528 1731 “

1846 558 1969 603 tuus
2012 559 2067 603 et
2095 548 2279 602 animo
2322 553 2473 600 tutus
2497 555 2552 601 et
2591 545 3024 617 corporea“).
3069 547 3147 602 Tu
3186 551 3420 619 pectoris

1844 640 2003 709 hujus
2030 639 2241 693 interna
2278 636 2569 691 custodias.
2597 635 2677 690 Tu
2707 636 2914 691 viscera
2944 652 3120 707 regas.
3151 639 3230 694 Tu
3254 641 3417 695 corda

1844 729 2150 785 conﬁrmes.
2182 725 2317 781 Mala
2356 725 2682 781 adversaria:
2719 727 3002 795 potestatis
3032 737 3420 797 temptamenta

1844 825 2157 875 vanescant.
2201 818 2280 872 Da
2320 817 2390 872 ad
2431 817 2573 872 hanc
2621 815 3015 871 invocationem
3059 818 3294 873 nominis
3342 820 3421 872 tui

1844 908 2094 978 gratiam,
2126 906 2189 962 u't
2218 907 2312 976 qui
2342 907 2624 976 hucusque
2669 905 2925 971 terrebat,
2973 906 3045 961 sit
3089 908 3330 971 territus,
3366 918 3424 962 et

1846 1000 2022 1055 victus
2044 999 2319 1055 abscedat.
2346 996 2575 1068 Tibique
2598 999 2769 1068 possit
2795 999 2885 1053 hic
2907 1013 3096 1053 servus
3116 1008 3239 1054 tuus
3262 999 3427 1055 corde

1847 1090 2065 1146 ﬁrmato
2087 1097 2142 1145 et
2175 1098 2360 1145 mente
2388 1089 2603 1144 sincera
2646 1088 2885 1144 debitum
2927 1090 3173 1160 praebere
3202 1090 3429 1146 famula-

1849 1189 1983 1236 tum.
2016 1180 2134 1236 Per.

1918 1272 2057 1327 Alia.
2109 1272 2276 1342 Omps
2319 1282 2375 1326 et
2422 1272 2734 1328 misericors
2783 1272 2956 1339 Deus,
3004 1274 3170 1329 Pater
3210 1274 3428 1331 Domini

1850 1365 2019 1419 nostri
2056 1363 2161 1419 Jhu
2206 1364 2328 1434 Xpi.
2363 1363 2440 1418 Te
2485 1364 2754 1433 supplices
2800 1364 3177 1433 deprecamur,
3223 1367 3429 1435 impera

1851 1456 2084 1521 diabolo,
2116 1457 2206 1526 qui
2240 1458 2386 1511 hunc
2432 1455 2691 1510 famulum
2725 1464 2873 1510 tuum
2904 1455 2967 1509 N.
2996 1456 3232 1521 detinet,
3264 1465 3324 1510 ut
3365 1456 3433 1510 ab

1852 1562 1918 1603 eo
1952 1547 2188 1612 recedat,
2220 1555 2277 1603 et
2317 1547 2487 1601 libera
2517 1560 2641 1600 eum
2674 1554 2731 1599 ut
2764 1544 2951 1600 credat
2984 1545 3038 1599 in
3072 1559 3259 1600 verum
3295 1544 3430 1599 libe~

1852 1648 2087 1694 ratorem
2138 1639 2310 1693 Dnum
2352 1653 2510 1691 nrum
2552 1635 2676 1691 Jhm
2706 1635 2878 1706 Xpm,
2924 1644 2983 1690 ut
3011 1643 3337 1707 expurgatus
3367 1637 3438 1689 ab

1850 1732 1997 1786 omni
2056 1731 2175 1785 labe
2226 1730 2544 1801 iniquitatis,
2591 1727 2861 1797 majestati
2915 1734 3021 1781 tuae
3066 1742 3199 1797 pura
3256 1730 3439 1781 mente

245 1818 380 1872 Item
411 1816 706 1872 alia.‘Deus
735 1815 1070 1886 angelorum,
1105 1814 1249 1870 Deus
1279 1814 1747 1885 archangelorum,
1779 1810 1826 1873 B
1853 1821 2144 1886 deserviat,
2188 1829 2512 1876 consecutus
2552 1819 2785 1889 gratiam
2830 1816 3064 1888 Spiritus
3105 1817 3302 1881 sancti,
3342 1817 3438 1887 qui

168 1909 321 1964 Deus
354 1909 766 1979 prophetarum,
804 1907 947 1963 Deus
988 1905 1354 1975 apostolorum
1375 1945 1390 1969 ,
1435 1904 1578 1959 Deus
1603 1918 1751 1959 mas-

168 2007 388 2067 tyrum,
443 1998 585 2052 Deus
636 1995 1046 2060 confessorem,
1084 1997 1225 2050 Deus
1274 1995 1576 2066 virginum,
1615 1996 1755 2051 Deus

169 2086 341 2141 Pater
366 2086 467 2140 Dni
494 2086 578 2140 nri
605 2085 700 2140 Ihu
727 2085 852 2156 Xpi.
882 2085 1076 2140 Invoco
1098 2092 1346 2139 sanctum
1378 2100 1573 2139 nomen
1605 2093 1767 2149 tuum,

171 2193 241 2235 ae
283 2177 552 2250 praeclarae
603 2177 901 2248 Majestatis
960 2188 1065 2232 tuae
1125 2175 1469 2231 clementiam
1534 2176 1758 2247 supplex

170 2283 435 2341 exposco,
464 2269 598 2323 mihi
630 2268 892 2323 auxilium
921 2275 1182 2338 praistare
1218 2268 1456 2339 digneris
1498 2269 1761 2325 adversus

172 2360 325 2413 hunc
374 2359 764 2428 nequissimum
804 2358 1089 2430 spiritum,
1134 2369 1194 2414 ut
1244 2361 1554 2432 ubicunque
1605 2363 1758 2427 latet,

176 2450 366 2504 audito
389 2451 606 2504 nomine
633 2457 725 2504 tuo
749 2449 1007 2505 velociter
1031 2460 1223 2514 exeat,
1262 2453 1346 2505 vel
1375 2453 1612 2507 recedat.
1645 2453 1759 2522 Ipse

181 2538 279 2593 tibi
301 2538 547 2609 imperat,
578 2538 809 2606 diabolo,
829 2540 921 2608 qui
949 2540 1144 2607 ventis,
1171 2550 1228 2595 et
1250 2543 1405 2605 mari,
1436 2542 1519 2596 vel
1549 2554 1758 2613 tempe-

180 2629 414 2685 statibus
466 2630 770 2699 imperavit.
813 2630 931 2700 lpse
981 2630 1080 2685 tibi
1130 2632 1394 2702 imperat,
1444 2634 1534 2702 qui
1596 2643 1647 2689 te
1694 2635 1760 2689 de

179 2719 434 2788 supernis
461 2719 721 2773 caelorum
776 2719 833 2772 in
871 2708 1131 2774 inferiora
1173 2730 1333 2776 terra:
1373 2722 1595 2793 dimergi
1623 2739 1762 2792 prte-

175 2809 346 2877 cepit.
392 2806 510 2877 Ipse
554 2808 650 2862 tibi
694 2804 963 2877 imperat,
1010 2809 1102 2878 qui
1144 2819 1194 2864 te
1242 2818 1542 2865 retrorsum
1587 2812 1764 2866 redire

178 2897 461 2967 praecepit.
493 2896 632 2951 Audi
659 2911 790 2969 ergo
819 2906 875 2952 et
914 2898 1047 2953 time
1076 2898 1306 2953 Satanas
1340 2900 1513 2954 victus
1550 2908 1606 2954 et
1642 2915 1767 2970 pro-

178 3000 393 3059 stratus
422 2990 651 3044 abscede
698 2989 752 3043 in
798 2990 1017 3045 nomine
1060 2989 1158 3044 Dni
1210 2990 1307 3045 lhu
1353 2990 1475 3061 Xpi.
1510 2990 1591 3045 Tu
1638 3006 1766 3063 ergo

180 3079 519 3147 nequissime
549 3078 779 3134 Satanas
825 3079 1077 3135 inimicus
1117 3080 1241 3134 ﬂdei
1289 3082 1506 3151 generis
1544 3081 1764 3137 humani

1854 1925 1978 1966 cum
2005 1909 2166 1964 Patre
2192 1910 2348 1963 vivit.

1926 2000 2068 2052 Alia.
2096 1998 2212 2052 Non
2259 2013 2358 2069 ego
2401 1999 2609 2067 impero
2658 1997 2753 2052 tibi
2783 2005 3004 2066 propter
3048 2005 3273 2065 peccata
3319 2006 3440 2051 mea

1860 2090 2274 2145 .nmundissime
2311 2090 2565 2159 spiritus,
2604 2090 2698 2144 sed
2732 2089 2964 2158 imperat
2995 2088 3089 2143 tibi
3136 2103 3306 2158 agnus
3335 2088 3443 2142 imo

1859 2179 2157 2235 maculatus
2179 2178 2278 2234 Jhs
2316 2178 2468 2248 Xpus
2496 2179 2642 2233 Dnus
2690 2187 2896 2243 noster,
2934 2178 3076 2233 Deus
3117 2177 3210 2232 Dei
3247 2177 3438 2232 Filius.

1860 2270 2105 2340 Urguent
2150 2278 2207 2325 te
2235 2270 2434 2339 angeli,
2466 2279 2696 2340 urguent
2743 2278 2797 2325 te
2840 2269 3171 2340 archangeli,
3208 2279 3443 2338 urguent

1862 2368 1914 2413 te
1957 2358 2250 2428 prophetae,
2279 2363 2507 2429 urguent
2552 2367 2605 2413 te
2651 2358 2901 2427 apostoli,
2938 2365 3171 2429 urguent
3211 2367 3442 2411 te-maro

1862 2454 2030 2515 tyres,
2059 2453 2292 2515 urguent
2326 2453 2382 2499 te
2415 2444 2772 2507 confessores,
2810 2454 3043 2517 urguent
3089 2454 3139 2500 te
3185 2445 3439 2516 virgines.

1861 2534 2127 2591 Deliciant
2175 2546 2306 2602 ergo
2349 2543 2497 2589 artes
2544 2534 2777 2598 diaboli,
2812 2534 2864 2588 in
2902 2535 3022 2601 die,
3070 2535 3123 2588 in
3157 2543 3314 2589 nocte
3340 2575 3353 2599 ,
3388 2535 3441 2587 in

1863 2639 2070 2689 mense,
2105 2624 2159 2683 in
2190 2623 2344 2687 hora,
2385 2622 2443 2676 in
2486 2631 2782 2691 momento.
2825 2623 3005 2678 Redde
3050 2637 3177 2693 ergo
3225 2623 3444 2677 tbrtitu-

1865 2714 2045 2767 dinem
2086 2713 2141 2766 in
2190 2712 2466 2768 membris.
2503 2710 2687 2766 Redde
2714 2712 2931 2767 animm
2970 2714 3276 2768 sanitatem.
3327 2712 3443 2768 Non

1867 2812 2096 2873 temptes
2125 2818 2267 2859 eam.
2311 2802 2428 2857 Non
2473 2804 2635 2858 morti
2683 2804 2881 2857 tradas.
2911 2802 3025 2858 Non
3070 2804 3124 2858 in
3150 2820 3304 2870 esca,
3337 2821 3443 2859 non

1868 2895 1922 2947 in
1956 2903 2105 2962 potu,
2140 2909 2246 2948 non
2297 2893 2351 2946 in
2392 2894 2584 2959 oculis,
2630 2910 2734 2948 mn
2780 2895 2831 2947 in
2878 2893 3013 2949 locis
3056 2894 3305 2964 publicis,
3337 2911 3445 2949 non

1868 2984 2224 3052 superVenias
2260 2982 2538 3052 vigilanti,
2582 2998 2687 3037 non
2716 2983 3039 3050 dormienti,
3072 2999 3177 3039 non
3211 2994 3446 3040 mentem

1870 3089 2111 3137 moveas,
2143 3088 2242 3128 nec
2281 3073 2541 3143 inpedias,
2574 3084 2902 3144 quaerentem
2950 3075 3114 3130 vitam
3164 3084 3445 3130 aeternam.

97 3246 111 3257 χ
180 3170 386 3226 mortis
416 3180 618 3239 raptor,
658 3170 876 3240 justicie
912 3169 1241 3235 declinatur,
1284 3149 1548 3228 malorum
1580 3174 1765 3237 radix,

1874 3164 2083 3221 Recede
2112 3176 2244 3233 ergo
2270 3180 2300 3218 a
2331 3165 2530 3232 capite,
2565 3179 2593 3218 a
2625 3163 2857 3234 capillis,
2890 3180 2921 3219 a
2953 3165 3153 3236 lingua,
3182 3181 3213 3218 a
3246 3165 3450 3220 Sublin-

181 3259 364 3314 fomes
410 3259 686 3323 vitiorum,
721 3260 977 3315 seductor
1026 3261 1303 3316 hominum
1326 3301 1341 3324 ,
1373 3263 1614 3332 perditor
1642 3277 1771 3333 gen-

182 3348 351 3411 tium,
394 3340 916 3414 incitator'invidite,
941 3349 1095 3419 origo
1136 3350 1402 3416 avaritiae,
1448 3366 1612 3406 causa
1661 3352 1772 3408 dis-

184 3436 427 3501 cordi-.e,
476 3436 745 3491 excitator
810 3436 1093 3502 dolorum,
1136 3438 1438 3494 dmmonum
1488 3441 1769 3509 magister,

181 3528 318 3598 quid
351 3538 463 3583 stas
490 3537 545 3582 et
582 3528 790 3584 resistis
815 3544 937 3583 cum
968 3530 1077 3584 scis
1120 3544 1242 3584 eum
1276 3539 1395 3584 tuas
1438 3532 1665 3599 perdere
1694 3532 1773 3585 vi-

182 3620 311 3674 res?
339 3619 488 3674 illum
533 3630 730 3684 metue,
780 3621 873 3691 qui
921 3621 975 3675 in
1008 3621 1159 3678 lsaac
1200 3622 1509 3677 immolatus
1553 3631 1667 3688 est,
1716 3623 1772 3676 in

182 3708 388 3777 Joseph
432 3709 806 3773 venumdatus,
855 3709 910 3763 in
961 3726 1101 3781 agno
1150 3710 1401 3774 occisus,
1452 3710 1505 3764 in
1553 3709 1773 3765 homine

187 3794 732 3861 crneilixus,'deinde
778 3799 1157 3870 triumphator.
1199 3801 1412 3856 Recede
1456 3802 1508 3855 in
1557 3801 1774 3856 nomine

187 3888 377 3943 Patris
401 3896 457 3943 ct
482 3887 604 3943 Filii
647 3898 704 3943 et
747 3889 985 3960 Spiritus
1013 3892 1222 3958 sancti,
1248 3900 1305 3946 et
1346 3891 1412 3946 da
1446 3891 1625 3947 locum
1653 3890 1775 3963 Spi-

189 3981 324 4037 ritui
373 3991 583 4048 sancto,
616 3997 713 4053 per
756 3984 860 4040 hoc
907 3985 1120 4055 signum
1151 3985 1332 4041 crucis
1371 3985 1475 4057 Xpi
1520 3985 1622 4040 Dni
1666 3987 1773 4054 uri,

189 4071 290 4142 qui
321 4086 442 4126 cum
472 4072 635 4128 Patre
658 4082 713 4128 et
742 4072 946 4144 Spiritu
980 4090 1075 4130 sco
1100 4074 1235 4130 vivit
1267 4083 1323 4131 et
1353 4087 1562 4147 regnat.

267 4160 408 4214 Alia.
441 4161 581 4217 Deus
614 4162 864 4218 conditor
897 4172 953 4218 et
998 4163 1251 4219 defensor
1279 4166 1494 4236 generis
1530 4166 1775 4231 humani,

191 4252 290 4323 qui
331 4253 601 4309 hominem
632 4253 699 4311 ad
740 4253 1026 4327 imaginem
1067 4264 1124 4310 et
1169 4257 1577 4313 similitudinem
1631 4268 1777 4312 tuam

192 4336 489 4397 formasti.~
520 4326 966 4412 Respicensuper
1013 4342 1273 4398 tantulum
1319 4354 1468 4400 tuum
1517 4348 1663 4403 hunc
1712 4348 1775 4401 Ν,

193 4431 294 4500 qui
348 4431 484 4486 dolis
541 4431 708 4486 invidi
757 4432 1025 4502 serpentis
1068 4435 1371 4503 adpetitur,
1417 4451 1576 4506 quem
1622 4447 1778 4492 vetus

1872 3273 1999 3328 gua,
2022 3273 2054 3312 a
2097 3258 2359 3323 brachiis,
2393 3274 2423 3313 a
2465 3258 2706 3322 naribus,
2749 3273 2780 3312 a
2806 3267 3044 3327 pectore,
3078 3258 3146 3314 ab
3187 3257 3390 3323 oculis,
3420 3273 3448 3312 a

1872 3348 2047 3410 venis,
2078 3347 2148 3401 ab
2196 3347 2452 3403 intestino
2499 3349 2738 3418 majore,
2779 3358 2836 3403 et
2879 3348 3106 3405 minore.
3153 3347 3357 3417 Separa
3398 3358 3454 3401 te

1874 3437 2087 3492 diabole
2115 3436 2186 3491 ab
2211 3438 2313 3493 hoc
2335 3436 2540 3493 famulo
2573 3438 2666 3493 Dei
2706 3438 2770 3492 N.
2811 3440 2954 3495 sicut
2985 3440 3257 3511 separavit
3281 3441 3457 3494 omni-

1876 3538 2066 3598 potens
2095 3528 2239 3585 Deus
2267 3529 2466 3586 celum
2503 3546 2533 3584 a
2567 3542 2734 3597 terra,
2762 3531 2936 3586 lucem
2966 3549 2993 3586 a
3029 3532 3283 3595 tenebris,
3314 3532 3456 3585 veri-

1875 3628 2042 3675 tatem
2073 3634 2104 3674 a
2127 3620 2430 3688 mendacio,
2459 3621 2657 3677 bonum
2682 3639 2713 3676 a
2737 3623 2901 3689 malo,
2924 3623 3133 3678 dulcem
3156 3623 3223 3676 ab
3244 3636 3455 3685 amaro,

1875 3709 1954 3764 sic
1995 3709 2106 3765 eris
2145 3720 2428 3781 separatus
2459 3711 2872 3768 inmundissime
2899 3713 3143 3783 spiritus,
3173 3712 3299 3782 quia
3326 3711 3457 3766 vicit

1876 3807 1928 3852 te
1971 3798 2072 3870 Xpi
2118 3802 2393 3871 potentia,
2424 3817 2585 3872 quem
2618 3812 2673 3857 tu
2705 3804 2921 3857 vincere
2969 3819 3074 3857 non
3122 3813 3313 3873 potes,
3361 3804 3459 3857 sed

1875 3893 2113 3956 _vindicet
2158 3895 2210 3949 in
2261 3902 2314 3950 te
2342 3896 2491 3950 Dnus
2533 3906 2719 3951 noster
2743 3893 2842 3951 Jhs
2870 3895 3043 3967 Xpus,
3085 3897 3176 3967 qui
3223 3906 3273 3952 te
3307 3897 3459 3951 dam-

1876 3984 2063 4053 pnavit
2111 3984 2164 4038 in
2211 3992 2507 4050 teternum,
2549 3994 2607 4040 et
2636 3985 2931 4041 descendat
2973 3988 3040 4041 ad
3087 4003 3186 4043 nos
3232 3988 3462 4043 Domine

1878 4075 2051 4145 gratia
2096 4083 2199 4129 tua:
2228 4075 2463 4146 pietatis.
2498 4076 2703 4148 Sigfna
2726 4077 2950 4135 Domine
2972 4089 3132 4149 caput
3156 4081 3292 4150 ejus,
3319 4082 3460 4135 sicut

1880 4164 2114 4235 signavit
2133 4164 2279 4219 Duus
2307 4166 2648 4234 omnipotens
2669 4167 2914 4223 inﬁrmos
2935 4168 2987 4222 in
3009 4167 3193 4224 Chaua
3216 4169 3460 4224 Galilezr.

1883 4257 2091 4327 Sigfna
2114 4257 2302 4311 oculos
2330 4272 2479 4323 suos,
2508 4267 2568 4313 ut
2605 4273 2671 4313 ex
2719 4260 2860 4330 ipsis
2892 4261 3192 4331 expellatur
3217 4261 3466 4317 diabolus

1880 4346 1971 4413 qui
2019 4343 2163 4398 lmdit
2208 4360 2422 4400 onmem
2466 4363 2705 4403 carnem.
2754 4349 3048 4406 Benedicat
3087 4359 3139 4406 te
3169 4351 3279 4405 Dns
3319 4351 3463 4407 sicut

1881 4430 2162 4487 benedixit
2197 4434 2387 4490 oculos
2430 4452 2715 4503 czecorum,
2750 4440 2841 4508 qui
2881 4440 2934 4494 in
2963 4441 3242 4512 evangelio
3270 4441 3465 4513 legun-

194 4522 547 4577 adversarius
572 4530 624 4577 et
651 4521 826 4579 hostis
857 4524 1113 4594 antiquus
1144 4533 1277 4580 atrae
1315 4524 1617 4581 formidinis
1653 4528 1779 4582 hor-
1809 4520 1856 4578 D
1885 4529 1992 4573 tur.
2023 4519 2228 4591 Sigima
2264 4524 2444 4577 omnia
2475 4528 2718 4580 membra
2749 4528 2893 4583 illius
2929 4537 2989 4583 ut
3024 4545 3089 4584 ex
3118 4530 3248 4600 ipsis
3276 4533 3461 4601 expel-

198 4623 330 4666 rore
370 4608 744 4676 circumvolat,
793 4619 851 4665 et
882 4626 1101 4666 sensum
1148 4614 1347 4668 mentis
1382 4615 1630 4671 humana:
1665 4626 1780 4671 stu-

194 4714 335 4772 pore
379 4698 604 4770 deﬁgit,
655 4709 864 4756 terrore
909 4704 1232 4768 conturbat,
1281 4711 1339 4758 et
1386 4712 1529 4758 metu
1589 4706 1777 4775 trepidi

197 4790 416 4845 timoris
456 4788 966 4861 exagitat.-Repelle
1013 4793 1238 4848 Domine
1277 4794 1527 4849 virtutem
1560 4796 1779 4861 diaboli,

201 4880 533 4952 fallacesque
561 4881 680 4952 ejus
705 4883 931 4939 insidias
960 4900 1170 4941 amove.
1199 4884 1394 4941 Procul
1418 4887 1614 4956 impius
1643 4895 1782 4941 tem-

278 4992 427 5066 (264)
449 4993 506 5047 1η
537 4992 736 5047 Ritnali
764 4994 1027 5057 Romano,
1046 4995 1110 5066 in
1151 5010 1256 5063 quo
1300 4998 1415 5051 haec
1453 4996 1564 5066 ipsa
1607 4997 1783 5052 oratio

206 5063 428 5134 legitur,
453 5072 574 5132 post
612 5079 827 5135 erucem
857 5067 923 5118 ad
946 5064 1172 5135 verbum
1218 5067 1364 5135 signo
1387 5067 1437 5120 in
1477 5063 1660 5121 fronte
1696 5068 1782 5123 hic

208 5133 326 5189 tres
367 5148 557 5206 cruces
602 5134 718 5206 ﬁeri
755 5136 809 5206 in_
838 5143 1073 5206 pectore
1116 5133 1441 5206 jnbctitur§
1485 5137 1586 5203 27;
1619 5155 1781 5206 supra

205 5200 391 5273 γενος
424 5203 510 5265 i7,
535 5205 734 5275 quoties
764 5200 945 5256 uiderit
976 5200 1238 5275 obsessum
1262 5205 1317 5257 in
1347 5200 1523 5275 aliqua
1552 5200 1783 5275 corporis

205 5271 734 5343 parte'commooeri,
784 5280 872 5343 aut
919 5271 1099 5343 pungi,
1150 5271 1541 5343 autﬂtumo'rem
1588 5271 1784 5329 alit-abi

208 5340 484 5409 apparere,
506 5340 579 5394 ibi
608 5341 772 5409 faciat
794 5340 1001 5409 signum
1021 5340 1211 5394 crucis.
1239 5341 1339 5397 Ubi
1362 5342 1472 5397 Jos.
1496 5344 1786 5400 Catalanus

210 5419 515 5484 opportune
563 5409 832 5484 S._Caroli
880 5410 1208 5484 Borrontaai,
1245 5428 1406 5484 conc.
1447 5429 1498 5466 IV
1537 5417 1781 5484 provinc.

213 5479 427 5535 Mediol.
459 5480 519 5534 P.
547 5495 585 5534 ιι
617 5479 1070 5535 Constitutionum
1095 5494 1144 5534 c.
1189 5481 1238 5543 l,
1269 5479 1569 5537 cautionem
1597 5483 1744 5537 addit
1770 5502 1781 5538 :

211 5551 343 5623 dum
371 5551 651 5623 exoreizut,
684 5560 748 5603 ne
789 5565 1143 5623 energunteme
1180 5549 1413 5604 mulieris
1460 5553 1637 5623 capiti,
1670 5570 1790 5606 cor-

211 5620 431 5688 porire,
463 5621 729 5691 amicum“
768 5632 956 5688 magna
1005 5620 1302 5691 honestate,
1344 5631 1500 5691 atque
1523 5620 1787 5676 'caulionc

214 5703 429 5761 manum
461 5688 813 5761 adhibeat..."
842 5704 961 5761 neve
988 5688 1443 5761 quidqttanrulind
1469 5702 1615 5761 agat,
1646 5696 1787 5759 qnml

217 5757 553 5824 o/fensionem
578 5760 820 5826 pra'bcat.
847 5756 905 5813 Et
940 5756 1218 5831 in's'ynodo
1241 5760 1450 5813 Mediol.
1481 5756 1790 5816 ιῐιωυιθὲειιιιι

1880 4608 2028 4662 tatur
2060 4609 2305 4665 diabolus
2333 4612 2425 4680 qui
2468 4612 2615 4667 hedit
2658 4630 2874 4670 omnem
2904 4632 3142 4674 carnem.
3170 4619 3464 4678 Benedicat

1884 4710 1936 4756 te
1966 4701 2129 4763 Dnns,
2163 4703 2302 4757 sicut
2338 4704 2616 4761 benedixit
2636 4708 2855 4765 domum
2889 4712 3187 4781 Abraham,
3213 4716 3380 4782 Isaac,
3411 4726 3468 4775 ct

1880 4789 2070 4845 Jacob.
2098 4786 2222 4844 Fiat
2260 4791 2466 4849 sanitas
2509 4794 2725 4851 Domini
2767 4813 2931 4869 super
2965 4810 3035 4866 te,
3065 4804 3206 4858 sicut
3251 4807 3466 4862 sanavit

1886 4880 2149 4935 Dominus
2177 4880 2459 4937 mulierem
2496 4898 2527 4938 a
2557 4882 2706 4941 ﬂuxu
2739 4891 3040 4959 sanguinis.
3070 4892 3389 4950 Custodiam
3416 4906 3466 4950 te

1886 5005 1959 5079 Iv,
1990 4994 2205 5079 decreto
2247 4995 2312 5077 ιε
2342 5013 2356 5050 :
2390 4996 2579 5079 Caveat
2599 5041 2614 5065 ,
2646 5002 2774 5058 dum
2817 5008 3122 5075 exorcizat,
3153 5027 3216 5064 ne
3244 5026 3468 5079 mergu-

1887 5078 2049 5148 ntena:
2065 5066 2297 5148 mulieris
2318 5079 2494 5148 caput,
2515 5066 3327 5148 humeros,Amanumque'tangat,
3352 5066 3460 5132 ὄις.

1886 5131 2266 5215 Laudaturque
2317 5131 2702 5215 SJGregorius
2733 5131 3110 5215 Lingonien'sis
3153 5131 3333 5203 vei'bis
3362 5131 3461 5202 co-

1888 5206 2609 5286 gnomiuisr'l'uroneusis'in
2640 5212 2749 5271 Yit.
2781 5206 2886 5269 ΡΙῘ.
2930 5230 2978 5269 c.
3014 5218 3066 5279 7,
3095 5217 3186 5286 qui
3209 5218 3323 5271 sine
3353 5217 3466 5271 ullo

1889 5280 2031 5356 tactu
2056 5273 2211 5356 facta
2231 5314 2246 5338 ,
2295 5286 2499 5356 tant_um
2540 5281 2693 5356 signa
2727 5286 2897 5356 crucis
2926 5273 3169 5356 econira,
3200 5286 3463 5340 da'monia

1891 5342 2153 5395 discedere
2192 5345 2485 5416 imperabat
2511 5360 2528 5399 :
2554 5342 2827 5423 quadrina
2874 5355 3109 5423 protinus
3156 5342 3465 5420 audientia,

1893 5425 2132 5493 corpora,
2155 5429 2270 5482 qaw
2299 5432 2407 5493 ειυς
2425 5420 2655 5493 nequitia
2681 5420 3073 5493 diuxaoerant,
3102 5424 3465 5493 absolvebant.

1894 5481 1984 5555 Sic
2003 5481 2188 5560 eodem
2223 5492 2357 5538 teste
2380 5481 2523 5541 facto
2548 5491 2701 5558 signo
2737 5491 2915 5544 crucis
2945 5506 2975 5544 a
3003 5481 3067 5545 Si
3097 5492 3304 5549 Nicetio
3333 5492 3466 5548 Tre-

1894 5563 2087 5633 vircnsi
2115 5563 2348 5633 econtra,
2377 5565 2483 5633 tres
2503 5560 2849 5633 euergumeni
2878 5575 3069 5633 sopore
3089 5563 3263 5633 pressi
3290 5578 3468 5633 exper-

1892 5619 2079 5705 gefarii
2125 5618 2380 5705 decantes
2522 5618 2744 5681 sublime
2782 5618 2957 5696 uoces;
2988 5618 3112 5686 άτιιὸ
3147 5618 3367 5705 impetu;
3395 5633 3467 5688 ad

1895 5693 2137 5741 rmnilum
2163 5693 2429 5747 ennmdati
2456 5706 2598 5748 sum.
2714 5736 2719 5741 .
2942 5693 2949 5696 ⁷
3221 5693 3231 5705 ’
3350 5693 3364 5702 ’
3454 5716 3459 5723 “
