3962 5386
524 351 584 403 l.l
594 351 662 405 5‘5

524 555 742 622 adjiciat
769 555 1074 616 sanitatem,
1099 564 1153 608 et
1175 554 1599 608 benedictionem
1626 569 1777 608 suam
1810 554 1904 608 tibi
1932 563 1985 608 et
2007 551 2096 607 hic

524 654 580 699 et
609 647 661 698 in
691 644 867 700 futuro
890 644 1103 698 smculo.
1130 644 1321 698 Amen.

595 736 736 790 Alia.
770 737 1121 804 Omnipotens
1167 735 1491 804 sempiterne
1520 733 1682 799 Deus,
1719 733 1954 803 petimus
1993 735 2097 788 hu-

526 824 638 878 mili
662 839 819 892 prece
843 825 1077 878 divinam
1109 823 1448 878 clementiam
1490 833 1633 876 tuam
1669 831 1727 875 ut
1758 822 1898 876 hunc
1925 820 2098 874 famu-

526 913 634 966 lum
667 921 815 966 tuum
848 912 911 966 Ν.
957 929 1116 982 quem
1165 913 1523 982 conspicimus
1568 913 1637 966 ab
1675 912 1897 979 antiquo
1945 911 2098 964 hoste

523 1003 760 1072 graviter
787 1005 1033 1072 tempta-ri
1063 1012 1118 1057 et
1155 1018 1347 1058 sensus
1376 1016 1502 1057 suos
1543 1017 1572 1056 a
1605 1001 1772 1056 livore
1802 999 2014 1054 Satanae
2045 1000 2098 1054 in

525 1094 704 1162 aliquo
739 1096 1041 1164 perturbari
1070 1105 1231 1164 atque
1259 1095 1464 1158 vexari,
1495 1095 1561 1147 ab
1589 1095 1704 1162 ejus
1751 1094 1952 1162 impetu
1993 1091 2100 1146 cle-

525 1192 736 1236 menter
778 1183 1009 1252 eripias,
1044 1192 1100 1236 ut
1134 1184 1263 1245 hos,
1297 1183 1388 1251 qui
1421 1182 1472 1235 in
1521 1182 1753 1236 ecclesia
1803 1189 1890 1235 tua
1938 1180 2098 1249 positi

525 1287 624 1342 per
652 1273 990 1340 baptismatis
1013 1280 1412 1326 sacramentqu
1440 1270 1708 1338 conjuncti
1750 1285 1944 1325 nomen
1976 1285 2099 1324 san-

528 1371 674 1416 ctum
705 1372 852 1416 tuum
876 1362 1199 1416 conﬁtentur
1229 1363 1368 1416 nulla
1395 1363 1564 1432 possit
1591 1363 1888 1417 adversitas
1911 1361 2098 1418 diabo-

529 1451 630 1506 lica
663 1453 1008 1520 tcmptatioue
1035 1455 1364 1507 subvertere.
1400 1453 1519 1507 Per.

529 1557 804 1596 ιιιῐιοςιτιο
844 1559 1058 1598 ΜΔΝυυΜ
1100 1559 1267 1598 SUPER
1293 1559 1672 1599 ENERGUMINUM
1711 1558 2097 1599 CATICUMINUI.

598 1633 948 1703 Omnipotens
993 1636 1315 1704 sempiterne
1360 1636 1523 1699 Deus,
1555 1650 1584 1688 a
1613 1633 1766 1703 cujus
1811 1635 1948 1689 facie
1977 1634 2100 1689 coeli

529 1723 806 1788 distillant,
841 1732 1050 1780 montes
1095 1725 1235 1778 sicut
1275 1740 1399 1779 cera
1443 1725 1766 1794 liquescunt,
1805 1733 1946 1778 terra
1995 1732 2102 1778 tre-

528 1813 655 1875 mit,
704 1813 788 1867 cui
838 1822 1023 1882 patent
1066 1814 1280 1884 abyssi,
1327 1830 1485 1884 quem
1537 1814 1776 1868 infernus
1827 1813 2098 1883 pavescit,
2131 1809 2180 1870 Β

529 1920 687 1972 quem
717 1906 892 1960 omnis
922 1906 1126 1958 irarqu
1163 1917 1342 1960 motus
1366 1905 1636 1976 aspiciens
1669 1904 2000 1959 humiliatur.
2031 1902 2101 1958 Ut

531 2009 711 2062 supra.

707 2085 825 2138 Alia
851 2102 944 2154 pro
979 2085 1196 2154 parvulo
1223 2101 1584 2156 energumeno.
1611 2084 1706 2139 0r.
1740 2083 1907 2155 (265).

601 2179 714 2232 Due
763 2189 948 2233 sancte
1002 2178 1165 2232 Pater
1205 2181 1549 2247 omnipotens
1591 2178 1919 2246 sempiterne
1964 2175 2106 2230 Deus

530 2271 656 2323 virt.
707 2268 844 2322 Alia.
901 2271 1040 2324 Deus
1087 2271 1418 2339 angelorum.
1467 2270 1608 2322 Alia.
1652 2270 1793 2323 Deus
1837 2267 2104 2322 conditor.

530 2358 672 2412 Alia.
701 2359 925 2413 Domine
953 2368 1140 2414 sancte
1166 2360 1326 2414 Pater
1351 2375 1503 2429 omps
1536 2359 1672 2414 Deus
1701 2373 1927 2413 osanna.

781 2435 789 2439 ’
838 2462 1032 2502 uacuo
1071 2463 1190 2502 om
1231 2464 1393 2502 suasa
1432 2462 1796 2503 DEIONIACUI.

607 2536 792 2606 nguo
839 2547 888 2591 te
934 2538 1053 2594 oleo
1102 2539 1436 2591 sanctiﬁcato
1483 2539 1534 2591 in
1585 2539 1799 2592 nomine
1832 2535 2010 2590 Patris
2052 2544 2107 2589 et

529 2627 650 2681 Filii
695 2636 747 2682 et
782 2627 1014 2696 Spiritus
1051 2629 1258 2691 sancti,
1289 2637 1348 2681 ut
1385 2643 1482 2697 per
1515 2637 1756 2682 sanctam
1789 2627 2107 2682 Trinitatem

534 2719 758 2774 salveris
783 2719 834 2772 in
861 2718 1054 2773 szecula
1084 2717 1402 2772 saaculorum
1427 2732 1608 2772 amen.

1079 2861 1084 2866 _
1143 2807 1264 2861 Alia
1302 2805 1506 2860 Oratio.

602 2883 889 2952 Benedicat
920 2906 968 2952 te
993 2897 1249 2952 Dominus
1273 2905 1328 2950 et
1351 2897 1622 2952 custodiat
1657 2905 1709 2951 te
1737 2897 1849 2966 Xps
1890 2897 1958 2951 ab
1987 2911 2108 2950 om-
2196 2921 2200 2924 ~

2199 3003 2202 3006 ’
2282 2985 2547 3040 Exoreizo
2597 2994 2649 3039 te
2690 2994 2936 3039 creatura
2973 2984 3099 3038 salis
3148 2983 3202 3036 in
3248 2983 3466 3038 nomine
3503 2981 3682 3038 Patris
3728 2993 3780 3038 et

535 2988 692 3042 nibus
728 2988 936 3042 insidiis
967 2987 1167 3042 diaboli
1219 2987 1273 3040 in
1317 2987 1537 3042 nomine
1578 2986 1754 3041 Patris
1799 2995 1855 3040 et
1900 2985 2018 3040 Filii
2055 2994 2110 3040 et

535 3078 767 3148 Spiritus
796 3077 990 3132 sancti.

1433 349 1719 406 APPEND.
1760 350 1851 405 AD
1891 351 2065 414 SASC.
2109 353 2173 407 Χ.
2214 385 2280 394 ——
2323 353 2752 410 MONUMENTA
2781 352 3056 410 LITURG.

525 463 719 533 angeli,
769 471 823 517 et
869 459 1197 530 archangeli.
1243 461 1496 532 Protegat
1543 472 1594 515 te
1635 461 1778 515 Deus
1820 462 2014 526 Israel,
2042 470 2097 516 et
2127 472 2172 526 Α

2255 227 2356 263 .J

3633 356 3768 410 1136

2729 465 2847 520 Alia
2885 465 3058 518 unctio
3097 464 3232 519 Olei.

2262 552 2388 608 Haec
2416 555 2509 609 tibi
2557 556 2736 610 unctio
2776 571 2874 626 per
2902 556 3110 624 signum
3152 553 3330 608 crucis
3371 560 3427 608 et
3454 566 3557 622 per
3596 552 3767 606 oleum

2196 645 2587 699 sanctificatum
2613 655 2668 700 et
2690 661 2787 714 per
2812 646 3009 700 donum
3048 645 3278 714 Spiritus
3319 644 3497 700 sancti
3546 642 3642 697 ﬁat
3680 643 3770 696 tibi

2195 733 2266 786 ad
2291 733 2597 788 sanitatem.
2631 729 2754 788 Per.

2575 823 2756 877 Oratio
2781 832 2894 893 post
2924 823 3211 878 unctionem
3241 822 3377 877 Olei.

2268 914 2495 984 Respice
2523 915 2742 969 Domine
2768 914 3024 970 famulum
3056 925 3203 970 tuum
3233 916 3283 969 in
3313 916 3461 969 inﬁr.
3488 923 3602 969 etc.

2269 1002 2407 1057 Alia.
2441 1003 2669 1072 Respice
2713 1004 2826 1058 Due
2851 1005 3114 1074 propitius
3141 1020 3302 1072 super
3329 1005 3476 1058 hunc
3516 1001 3769 1056 famulum

2171 1096 2370 1159 ’tuum,
2401 1103 2453 1149 et
2481 1109 2635 1164 opem
2666 1094 2716 1149 ei
2747 1095 2887 1149 ferre
2911 1095 3134 1164 dignare
3155 1109 3316 1163 super
3342 1094 3550 1148 lectum
3581 1092 3774 1145 doloris

2198 1184 2333 1254 ejus,
2368 1186 2563 1254 inpone
2593 1201 2808 1239 manum
2844 1194 2987 1239 tuam
3019 1186 3072 1239 in
3119 1200 3278 1238 manu
3309 1200 3456 1249 mea,
3490 1198 3566 1238 ne
3608 1198 3771 1236 meam

2197 1275 2496 1344 peccatoris
2535 1290 2751 1329 manum
2794 1284 3012 1345 spernat
3057 1276 3366 1340 infirmitas,
3397 1275 3498 1331 sed
3526 1275 3601 1329 ad
3635 1276 3772 1327 into-

2199 1364 2467 1419 catiouem
2500 1366 2574 1419 tui
2619 1366 2852 1420 nominis
2897 1365 3131 1436 effugiat,
3160 1375 3216 1419 ut
3247 1366 3332 1419 hic
3359 1364 3605 1419 famulus
3639 1375 3772 1427 tuus,

2201 1456 2410 1511 diabolo
2439 1457 2678 1526 depulso,
2715 1457 2781 1511 ad
2821 1457 3104 1512 sanitatem
3150 1457 3386 1511 refectus
3427 1464 3700 1525 exurgat,
3725 1464 3773 1506 et

2201 1557 2614 1616 representetur
2637 1549 2881 1604 ecclesia:
2913 1559 3036 1614 tute,
3085 1557 3143 1602 ut
3184 1549 3386 1619 gratias
3425 1546 3638 1602 referat
3682 1564 3769 1600 uo-

2201 1637 2332 1691 mini
2359 1648 2544 1713 sancto
2576 1647 2685 1694 tuo.
2714 1638 2838 1693 Per.

2238 1786 2554 1828 nsanmcrxo
2592 1787 2743 1836 Αρυιε
2788 1770 2934 1843 (266)
2960 1787 3065 1828 cuu
3099 1785 3254 1826 ωσΝο
3283 1785 3506 1826 sarta-ra:
3535 1783 3739 1823 CRUCIS.

2204 1889 2454 1960 Inprimis
2495 1888 2730 1953 laztania,
2752 1897 2930 1967 postea
2943 1884 3172 2009 DKyricl.
3203 1883 3365 1938 Pater
3387 1893 3590 1938 noster.
3617 1880 3775 1936 Credo

2855 1973 2908 2009 in
2989 1972 3128 2009 eum.

2855 1973 2908 2010 ιη
2943 1972 3128 2009 ueum.

2701 2067 2802 2137 (Ex
2835 2067 3023 2121 eodem
3049 2063 3278 2137 codice.)

2275 2181 2387 2250 Ego
2411 2179 2519 2235 dixi
2548 2181 2682 2234 Due.
2719 2179 2968 2236 Concede
2996 2193 3094 2232 nos
3125 2179 3266 2232 Deus
3301 2177 3404 2232 sal.
3439 2175 3665 2231 Salvum
3694 2177 3776 2232 fac

2205 2285 2421 2326 servum
2451 2279 2620 2325 tuum.
2645 2269 2794 2324 Mitte
2814 2270 2861 2322 ei
2891 2270 3000 2325 Dne
3024 2285 3149 2322 aux.
3180 2267 3321 2323 Nihil
3347 2268 3604 2338 proﬁciet
3628 2269 3774 2322 inim.

2207 2363 2490 2434 Castigans
2517 2363 2706 2432 castig.
2731 2362 2785 2414 In
2813 2361 3158 2415 tribulatione
3176 2375 3314 2414 mea.
3350 2361 3464 2414 Due
3495 2375 3564 2413 ne
3594 2360 3780 2413 menti-

2205 2454 2372 2508 neris.
2403 2453 2608 2520 Adjuva
2643 2467 2738 2506 nos
2770 2451 2911 2504 Deus
2942 2450 3040 2504 sal.
3083 2449 3228 2503 Dnus
3257 2449 3495 2504 custodit
3529 2458 3602 2503 te.
3635 2450 3779 2502 Dnns

2207 2559 2306 2612 pro
2342 2552 2446 2597 etc.
2490 2543 2680 2597 Postea
2709 2541 3054 2612 Evangelium
3089 2540 3300 2610 legatur
3337 2540 3637 2596 secundum
3674 2539 3782 2592 Lu-

2208 2650 2350 2690 cam.
2390 2636 2536 2688 Dnus
2582 2635 2881 2689 vobiscum.
2934 2635 2999 2688 Et
3035 2649 3158 2688 cum
3188 2634 3381 2702 spiritu
3429 2643 3543 2688 tuo.
3584 2632 3643 2686 ln
3693 2632 3780 2685 illo

2211 2733 2470 2794 tempore.
2503 2722 2739 2792 Surgens
2766 2723 2852 2778 lbs
2877 2724 2941 2778 de
2975 2738 3262 2794 synagoga.

2755 2855 3053 2910 Benedictio
3078 2854 3227 2909 salis.

2211 3075 2330 3129 Filii
2366 3085 2420 3130 et
2451 3075 2683 3144 Spiritus
2731 3075 2827 3138 sci,
2876 3075 2966 3143 qui
3013 3083 3062 3128 te
3102 3089 3196 3144 per
3227 3072 3514 3144 Helyseum
3547 3077 3778 3144 prophe-

605 3168 744 3220 Atia.
775 3167 1062 3220 Benedicat
1090 3175 1140 3220 te
1169 3165 1428 3221 Dominus
1458 3172 1513 3220 et
1529 3167 1799 3221 custodiat
1828 3174 1900 3230 le,
1929 3175 2108 3220 osten-
2135 3155 2181 3218 C
2216 3175 2320 3218 tam
2363 3165 2413 3217 in
2447 3179 2640 3233 aquam
2685 3165 2823 3217 mitti
2859 3163 3042 3231 jussit,
3077 3172 3134 3216 ut
3170 3172 3458 3217 sanaretur
3500 3163 3774 3226 sterilitas,

535 3257 734 3322 datque
785 3255 928 3306 Duus
972 3251 1162 3306 faciem
1211 3267 1361 3306 suam
1401 3253 1496 3307 tibi
1541 3264 1595 3306 et
1639 3255 1961 3307 misereatur
2009 3253 2103 3306 tui.

519 3344 827 3402 .Convertat
861 3343 971 3412 Dus
1014 3340 1204 3395 faciem
1237 3355 1390 3394 suam
1434 3341 1503 3394 ad
1543 3350 1614 3406 te,
1663 3350 1718 3394 et
1742 3342 1832 3396 det
1881 3340 1973 3394 tibi
2007 3355 2104 3409 pa-

537 3449 678 3498 cem,
723 3441 779 3503 ct
825 3432 1043 3501 impleat
1070 3441 1120 3486 te
1149 3432 1404 3495 Dominus
1439 3429 1641 3501 Spiritu
1672 3431 2106 3486 sancto.~Amen.

536 3528 654 3597 ipse
693 3528 832 3581 Deus
873 3527 1022 3597 pacis
1063 3527 1361 3582 sanctiﬁcet
1405 3536 1457 3581 te
1500 3542 1598 3596 per
1643 3527 1822 3582 omnia
1876 3529 1941 3582 ad
1988 3542 2110 3597 per-

539 3619 737 3673 fectum
767 3627 825 3672 ut
849 3617 1054 3687 integer
1079 3616 1311 3687 Spiritus
1349 3626 1491 3680 tuus,
1523 3628 1576 3672 et
1601 3619 1803 3682 anima,
1834 3626 1888 3671 et
1912 3631 2108 3686 corpus

538 3709 655 3764 sine
681 3709 897 3780 querela
931 3709 983 3762 iu
1016 3708 1249 3763 adventu
1278 3708 1378 3762 Dui
1407 3709 1489 3763 nri
1513 3708 1616 3764 Jhu
1641 3709 1741 3779 Xpi
1773 3717 2034 3764 servetur.

611 3902 758 3972 (9.65)
786 3900 1047 3973 Praecedit
1074 3902 1162 3956 hic
1204 3903 1465 3971 impositio
1495 3920 1745 3957 manuum
1780 3921 1936 3973 super
1962 3921 2111 3958 ener-

539 3988 815 4042 gumenum
844 3972 1263 4042 catechumenum
1286 4012 1301 4035 ,
1332 3976 1423 4042 sed
1457 3974 1675 4042 perinde
1699 3983 1780 4028 est
1809 3972 1987 4029 utrum
2006 3991 2108 4030 se-

541 4041 710 4109 quens
737 4041 843 4093 alia
868 4057 960 4109 pro
988 4041 1204 4110 parvulo
1232 4041 1570 4111 euergunieno
1604 4059 1699 4111 pro
1721 4045 2109 4100 catechumeuo

541 4128 609 4164 an
652 4111 1063 4182 pro_l_ia_ptizato
1092 4112 1492 4182 accipiatur._ld
1520 4111 1747 4182 quidem
1801 4113 2108 4182 perplexum

542 4179 729 4235 habuit
759 4179 817 4233 S.
852 4179 1266 4250 llieronyu'ium,
1295 4181 1360 4231 ad
1405 4180 1625 4233 Paulam
1676 4183 1740 4250 de
1787 4179 2111 4237 dormitione

543 4250 768 4303 Blesilhe
803 4265 831 4300 a
875 4249 1137 4302 daunonio
1178 4259 1385 4301 vexata:
1436 4263 1603 4316 usque
1648 4249 1712 4301 ad
1760 4261 1985 4303 mortem
2035 4253 2110 4305 ita

530 4319 868 4388 scribentem
903 4333 916 4367 :
955 4335 973 4365 ί
1002 4317 1139 4388 Quid
1171 4332 1346 4370 causa:
1381 4326 1484 4388 est,
1515 4325 1571 4370 ut
1613 4334 1753 4388 sarpe
1780 4319 1986 4384 bimuli,
2017 4323 2114 4374 tri-

544 4386 807 4452 mnliquc.
862 4393 917 4437 ct
962 4385 1124 4438 ubera
1173 4395 1414 4438 materna
1466 4385 1722 4441 lactentes
1765 4404 1794 4441 a
1847 4389 2110 4446 daemonio

543 4455 938 4529 corripiantur?
963 4453 1206 4529 ⁸,ΙιιάίίξῇειΔ
1233 4456 1374 4529 enim
1405 4455 1611 4529 Domini
1657 4459 1881 4529 abyssus
1923 4460 2104 4513 multa.

542 4524 628 4586 Et,
673 4523 706 4578 ο
748 4523 1066 4592 profundum
1103 4523 1741 4595 divitiarumgsapientire'
1771 4535 1825 4581 et
1869 4530 2109 4584 scientia:

545 4595 659 4656 Dei,
691 4609 848 4662 quam
878 4593 1243 4663 inscrutabilia
1273 4604 1397 4649 sunt
1417 4593 1616 4662 judicia
1639 4596 1774 4663 ejus,
1799 4608 1860 4663 et
1884 4599 2108 4654 investi-

544 4657 880 4738 gabilcsvia:
903 4663 1048 4738 ejus!
1086 4685 1104 4715 ι
1130 4662 1371 4738 Pertinet
1392 4657 1496 4738 ljuc
1521 4657 1812 4738 innocentii
1849 4667 1866 4720 Ι
1897 4683 2110 4738 respon-

544 4748 664 4785 sutn
704 4733 769 4787 ad
808 4733 1116 4806 Decentium
1155 4749 1203 4787 c.
1249 4733 1302 4806 6.
1343 4751 1368 4806 ρ
1400 4735 1476 4787 De
1521 4734 1610 4788 his
1650 4733 2108 4806 baptizatis,'qui

545 4810 728 4871 postea
775 4818 804 4854 a
845 4801 1106 4856 daemonio
1161 4803 1555 4871 corripiuntur,
1602 4801 1854 4871 quaesivit
1893 4801 2110 4860 dilectio

547 4883 656 4934 tua,
689 4871 733 4926 si
758 4886 786 4922 a
817 4874 1123 4940 presbytero
1149 4872 1228 4926 \el
1253 4873 1476 4926 diacono
1508 4876 1729 4940 possint,
1758 4883 1850 4926 aut
1881 4875 2110 4930 debeant

547 4941 882 5012 consignari?
913 4941 1062 5012 Quod
1093 4943 1192 4994 hoc
1222 4941 1322 4994 nisi
1368 4941 1632 5012 episc0pis
1667 4944 1954 5012 praecipere
1999 4960 2103 4999 non

548 5011 688 5064 licet.
706 5009 858 5063 'Nam
893 5011 943 5064 ei
991 5026 1178 5064 manus
1225 5011 1543 5077 imponenda
1584 5009 1956 5065 om’uino’uou
2002 5023 2103 5075 est,

549 5080 647 5135 nisi
677 5081 957 5149 cpiscopus
996 5081 1368 5134 auctoritatem
1402 5079 1610 5132 dederit
1649 5080 1699 5133 id
1728 5079 2008 5134 efﬁciendi.
2042 5080 2110 5135 Ut

547 5161 724 5202 autem
751 5152 863 5211 liat,
890 5149 1120 5212 episcopi
1149 5159 1232 5202 est
1256 5150 1546 5212 imperare,
1574 5157 1632 5201 ut
1669 5163 1860 5202 manus
1888 5150 1934 5202 ei
1968 5152 2046 5202 vel
2079 5167 2106 5202 a

2140 4489 2187 4548 D

2213 3254 2304 3324 qui
2352 3255 2529 3308 divina
2566 3270 2697 3308 voce
2744 3269 2838 3308 sua
2893 3253 2964 3306 ita
3014 3253 3311 3322 discipulis,
3362 3253 3472 3308 Vos
3517 3253 3655 3308 estis
3703 3254 3776 3308 sal

2211 3356 2387 3408 teme,
2420 3354 2475 3398 et
2496 3361 2593 3414 per
2612 3345 2934 3415 apostolum,
2964 3344 3069 3399 Cor
3096 3356 3332 3398 vestrum
3358 3345 3428 3398 sit
3455 3344 3571 3399 sale
3599 3345 3779 3398 condi-

2213 3446 2348 3499 tum,
2377 3447 2435 3490 ut
2454 3452 2640 3490 omnes
2665 3437 2754 3505 qui
2779 3452 2842 3490 ex
2875 3444 2926 3490 te
2952 3435 3277 3504 sumpserint
3298 3435 3624 3503 sanctificati
3653 3434 3779 3488 ﬁant

2211 3526 2404 3580 animis
2425 3535 2587 3596 atque
2608 3526 2943 3594 corporibus,
2966 3517 3018 3579 et
3041 3526 3342 3594 ubicunque
3365 3539 3621 3595 aspersus
3645 3541 3775 3595 pne-

2211 3627 2320 3671 stes
2367 3618 2618 3671 omnibus
2663 3615 3030 3670 remissionem
3079 3626 3445 3685 peccatorum,
3498 3616 3772 3668 sanitatem

2211 3709 2408 3762 mentis
2436 3715 2489 3761 et
2528 3707 2788 3776 corporis,
2825 3707 3210 3774 protectioncm
3245 3705 3458 3769 salutis,
3485 3689 3569 3759 ad
3603 3704 3775 3775 expel—

2212 3917 2372 3956 mone
2397 3902 2645 3971 delapsus
2674 3921 2691 3952 ‹
2730 3909 2914 3955 contra
2960 3897 3308 3971 milleformes
3335 3897 3767 3971 (inquitidrenio.

2212 3989 2339 4027 num
2388 3965 2656 4033 incursus,
2695 3970 2815 4039 quis
2857 3969 3158 4023 innocentia
3203 3984 3297 4022 sua
3346 3965 3501 4039 iidit?
3534 3965 3773 4039 Quando-

2211 4043 2426 4114 quidem
2457 4058 2525 4097 ne
2556 4035 3139 4114 quis__’ﬁ_t_leret,_eliam
3175 4035 3433 4114 parvulos
3459 4036 3771 4114 baptizatos,

2213 4105 2408 4181 quibus
2456 4105 2603 4181 certe
2647 4110 2777 4181 nihil
2819 4118 2902 4181 est
2949 4109 3318 4181 innocentius,
3365 4105 3660 4181 aliquando
3704 4105 3774 4157 sic

2215 4175 2431 4246 vexant,
2475 4189 2536 4235 ut
2577 4179 2628 4233 in
2659 4180 2735 4231 eis
2765 4179 3029 4235 maxime.
3059 4178 3164 4229 Deo
3206 4176 3448 4246 sinente,
3481 4175 3586 4246 ista
3637 4189 3776 4246 mon~

2214 4244 2424 4305 stretur'
2454 4249 2610 4315 hujus
2636 4249 2757 4302 vitae
2776 4246 2950 4302 ﬂenda
2973 4246 3272 4311 calamitas,
3297 4252 3358 4300 ‘ct
3381 4244 3610 4299 alterius
3646 4245 3778 4298 desi-

2214 4319 2447 4376 deranda
2483 4320 2728 4373 felicitas.
2761 4338 2778 4369 ι

2288 4389 2445 4462 (266)
2473 4390 2682 4462 Aquam
2703 4389 2882 4462 crucis
2902 4387 3055 4456 signo
3090 4387 3146 4441 in
3168 4385 3294 4462 .lesu
3319 4384 3520 4440 Christi
3553 4383 3779 4462 nominis

2218 4456 2554 4514 invocatione
2606 4459 2882 4512 benedicta
2930 4466 3114 4510 contra
3151 4456 3423 4509 daemones
3459 4465 3515 4508 et
3566 4457 3780 4506 morbos

2213 4531 2484 4600 pellendos
2519 4527 2811 4600 adhibitam
2842 4542 2871 4579 a
2900 4525 3132 4600 Josepho
3159 4522 3343 4600 Iudaeo
3375 4524 3518 4593 apud
3546 4523 3778 4591 Epipha-

2212 4593 2358 4654 nium
2397 4599 2535 4652 liter.
2587 4597 2656 4650 51D
2699 4597 2922 4661 legitur;
2955 4610 2984 4647 a
3020 4593 3174 4649 Joan.
3213 4593 3603 4663 Chrysostomo
3647 4603 3779 4663 teste

2211 4669 2442 4738 Georgio
2478 4667 2631 4738 Alex.
2667 4666 2717 4719 in
2751 4664 2887 4738 Vita_
2909 4665 3051 4738 apud
3079 4661 3339 4738 Photiuur
3365 4665 3484 4718 eod.
3518 4663 3609 4717 96.
3646 4661 3780 4738 Bibl.

2213 4755 2242 4791 a
2291 4731 2653 4798 IL'Macario,
2676 4744 2809 4789 teste
2856 4733 3094 4788 Palladio
3136 4733 3274 4788 Hist.
3316 4732 3476 4786 Laus.
3528 4746 3654 4798 cap.
3695 4731 3777 4792 19.

2212 4807 2430 4861 Braulio
2466 4807 2536 4859 de
2579 4805 2636 4859 S.
2670 4804 2964 4860 Emittam
3001 4803 3144 4874 apud
3187 4801 3391 4861 Habiti.
3591 4815 3629 4874 ε.
3680 4798 3780 4852 Be-

2212 4877 2336 4933 ned.
2385 4891 2438 4944 p.
2477 4875 2575 4930 2H
2606 4884 2834 4944 narrat,
2865 4889 2990 4928 eum
3021 4869 3270 4943 rogatum
3305 4870 3532 4944 amabili
3560 4869 3710 4944 viro,
3727 4877 3786 4920 ut

2214 4939 2508 5000 daznionetn
2534 4943 2775 5013 pelleret.
2805 4944 2898 5014 qui
2919 4939 3134 4997 domum
3160 4957 3312 5014 suam
3342 4939 3592 4996 infestam
3619 4939 3782 5014 balae-

2214 5017 2328 5076 bat,
2355 5014 2518 5068 salem
2534 5009 2906 5075 'cxorcizas'se,
2934 5028 3088 5082 aquze
3114 5011 3396 5082 miscuisse
3416 5024 3574 5082 more
3609 5009 3777 5082 θεοιρ

2215 5085 2468 5146 siastico,
2513 5092 2568 5135 et
2615 5083 2666 5135 in
2717 5082 2894 5152 fugam
2941 5079 3134 5152 egisse.
3187 5079 3296 5134 Nec
3345 5079 3585 5152 abludit,
3638 5079 3775 5152 quod

2217 5153 2274 5206 S.
2325 5152 2614 5212 Gregorius
2667 5147 2802 5206 fana'
2839 5153 2890 5204 in
2939 5147 3132 5212 A'nalia
3181 5164 3317 5212 aqua
3374 5149 3654 5202 benedicta
3695 5147 3775 5198 lu-
