3962 6326
165 369 302 426 “5-7

1153 352 1549 416 ORATIONES
1589 347 1865 406 CONTRA
1907 347 2408 407 DEMONIACUM.

3288 353 3424 427 uss

149 480 446 536 lendas‘et
485 476 845 532 excludendos
885 488 1076 528 omnes
1113 473 1402 526 demonum
1447 463 1739 535 temptatio
1776 464 1824 524 Δ
1852 462 1905 516 iu
1939 472 2178 532 pectore,
2207 465 2258 517 in
2287 465 2468 528 corde,
2518 465 2568 519 in
2607 473 2812 528 ventre,
2848 466 2899 521 in
2930 467 3190 533 brachiis,
3225 469 3276 523 in
3313 486 3422 524 ma-

159 585 280 625 nes.
311 569 366 623 lu
401 569 618 624 nomine
647 567 736 620 Dei
777 565 978 630 Patris,
1016 573 1070 619 et
1109 563 1250 628 Filii,
1279 570 1332 617 et
1370 561 1475 631 Sps
1513 561 1612 616 sci.
1653 558 1746 628 qui

160 675 425 720 venturus
455 671 539 718 est
559 660 805 729 judicare
834 659 986 712 vivos
1019 665 1074 712 et
1101 671 1176 710 m.

703 787 1004 843 Benedictio
1042 802 1212 856 aquw.

236 908 379 962 Deus
408 906 498 976 qui
523 904 590 959 ad
625 903 850 960 salutem
886 899 1104 955 humani
1131 896 1365 968 generis.
1403 893 1468 949 Ut
1491 909 1674 964 supra.

237 1031 556 1072 BENEDICTIO
603 1029 748 1070 SALIS
797 1030 865 1067 ΕΤ
917 1027 1066 1074 Αρυιε
1119 1023 1324 1064 CONTRA
1378 1017 1676 1060 FANTASIAH

838 1097 1082 1138 SATANJE.

237 1201 504 1255 Exercizo
556 1207 608 1252 te
651 1205 900 1253 creatura
952 1195 1082 1249 salis
1130 1203 1186 1246 et
1237 1205 1390 1260 aquae
1431 1203 1530 1258 per
1579 1188 1749 1241 Deum

155 1293 409 1361 vii-vum,
440 1305 534 1358 per
561 1291 728 1343 Deum
763 1287 1010 1356 vei-rum,
1051 1292 1110 1336 ιιι,
1137 1281 1315 1335 omnis
1349 1280 1523 1332 virtus
1556 1277 1751 1330 adver-

149 1381 318 1442 sarii.
361 1379 643 1448 omnisque
679 1377 952 1431 exercitus
997 1372 1218 1436 diaboli,
1265 1369 1442 1424 omnis
1477 1368 1747 1430 incursus,

145 1489 326 1527 omne
355 1471 618 1524 fantasma
651 1469 958 1524 eradicetur
991 1479 1046 1520 et
1071 1463 1338 1534 ei‘fugetur
1369 1463 1437 1515 ab
1472 1461 1574 1514 hac
1600 1474 1750 1513 crea-

155 1573 287 1618 tura
307 1577 458 1630 aqua:
485 1561 564 1614 vel
591 1560 734 1623 salis,
767 1568 824 1613 ut
849 1573 971 1612 cum
996 1570 1250 1625 aspersus
1278 1553 1440 1607 fuerit
1465 1551 1546 1606 vel
1570 1557 1750 1620 gusta-

153 1655 322 1716 verit,
355 1668 420 1706 ex
461 1667 521 1706 ea
562 1666 751 1706 servus
789 1658 912 1703 tuus
942 1650 1009 1702 ab
1039 1647 1141 1700 hac
1167 1654 1415 1699 creatura
1457 1655 1609 1710 aqua:
1636 1639 1750 1704 Dne

151 1745 234 1798 sit
279 1752 426 1797 tutus
466 1729 534 1795 ab
573 1741 716 1795 omni
771 1738 1051 1794 diabolicae
1097 1733 1384 1805 potestatis
1434 1731 1652 1786 incursu
1697 1736 1751 1782 et

153 1836 373 1890 alienus
400 1833 681 1888 habeatur.
713 1832 838 1886 Per.

517 1944 822 2000 Benedictio
837 1944 904 1997 ad
925 1959 1085 1998 unum
1106 1941 1385 1995 hominem.

234 2061 502 2117 Exoreizo
529 2069 580 2115 te
616 2069 863 2114 creatura
894 2058 1024 2113 salis
1061 2066 1116 2112 et
1141 2071 1297 2127 aqua:
1322 2055 1376 2109 in
1407 2053 1625 2108 nomine
1653 2050 1748 2105 Dei

151 2156 366 2220 Patris,
417 2163 469 2208 et
523 2155 576 2207 in
623 2153 841 2208 nomine
888 2151 1097 2204 Domini
1147 2148 1318 2203 nostri
1359 2147 1516 2202 lhesu
1548 2144 1750 2198 Christi

149 2249 286 2304 Filii
334 2249 472 2316 ejus,
512 2256 570 2300 ut
598 2245 776 2300 omnis
823 2243 1133 2298 immundus
1166 2240 1387 2310 spiritus
1425 2246 1480 2292 et
1510 2234 1752 2290 incursio

156 2338 363 2394 diaboli
386 2339 712 2400 eradicetur,
737 2347 790 2390 et
814 2342 1098 2403 separetur
1124 2333 1192 2386 ab
1218 2331 1317 2384 hac
1341 2337 1589 2382 creatura
1622 2324 1753 2379 salis

157 2440 221 2485 et
245 2445 397 2499 aqua:
426 2447 439 2482 :
471 2427 696 2498 proinde
725 2425 938 2481 ellicere
963 2422 1274 2478 cxorcizata
1301 2419 1368 2472 ad
1399 2432 1612 2470 omnem
1639 2415 1754 2467 fan-

160 2517 360 2572 tasiam
411 2517 638 2582 inimici,
692 2526 746 2570 et
795 2515 970 2582 ipsum
1032 2510 1312 2563 inimicum
1371 2506 1651 2559 eradicare
1698 2512 1752 2558 et

157 2607 480 2678 explantare
521 2607 574 2660 in
625 2606 842 2660 nomine
881 2603 978 2656 lhu
1028 2599 1133 2668 Xpi
1167 2597 1257 2668 qui
1290 2606 1554 2651 venturus
1586 2602 1668 2647 est
1698 2594 1750 2646 in

149 2697 372 2767 .Spiritu
403 2706 590 2750 sancto
624 2695 871 2764 judicare
911 2690 1063 2744 vivos
1095 2703 1160 2742 ac
1203 2695 1453 2741 mortuos
1487 2693 1542 2737 et
1581 2699 1755 2738 suaru-

155 2788 279 2843 iunt
308 2803 402 2857 per
430 2789 628 2856 ignem.
660 2784 854 2838 Amen.

399 2905 583 2959 Oratio
614 2920 768 2973 super
791 2901 992 2970 lignum
1033 2899 1203 2953 crucis
1235 2905 1282 2950 et
1307 2910 1520 2965 aquam.

241 3021 484 3074 Oremus.
526 3020 640 3073 Dne
666 3016 760 3071 lhu
784 3015 902 3086 Xpe
921 3013 1025 3068 Fili
1052 3011 1148 3068 Dei
1177 3010 1310 3073 vivi,
1340 3006 1430 3077 qui
1457 3001 1752 3060 secundum

159 3125 422 3179 magnam
465 3107 921 3178 dispensationem
952 3099 1345 3160 incarnationis
1385 3107 1490 3152 tum
1524 3096 1577 3150 in
1609 3093 1754 3162 ligno

149 3201 347 3256 trucis
377 3199 513 3254 mori
543 3197 778 3262 voluisti,
815 3205 872 3249 ut
894 3210 991 3265 per
1020 3205 1164 3246 tuam
1196 3198 1426 3244 mortem
1455 3187 1753 3240 humanum
1783 3162 1828 3224 Ο

161 3309 340 3363 genus
368 3307 396 3344 a
425 3301 687 3360 perpetua
732 3296 907 3342 morte
937 3287 1221 3346 liberares,
1253 3289 1448 3350 praesta
1478 3293 1574 3346 per
1605 3276 1757 3329 invo-

157 3386 439 3440 cationem
479 3381 713 3436 nominis
756 3379 852 3441 tui,
897 3386 955 3430 ut
987 3377 1100 3429 haec
1143 3386 1282 3442 aqua
1325 3385 1355 3423 a
1398 3377 1544 3423 tactu
1587 3365 1758 3435 ipsius

149 3484 372 3531 sancta:
403 3472 581 3526 crucis
611 3468 970 3530 sanctiﬁcata,
999 3463 1202 3518 famulo
1233 3469 1324 3514 tuo
1362 3459 1425 3512 N.
1457 3472 1618 3527 quem
1663 3471 1757 3508 ar-

162 3568 304 3622 dens
342 3564 508 3618 febris
533 3562 773 3634 graviter
804 3556 1105 3620 excruciat,
1138 3552 1387 3624 proﬁciat
1415 3551 1481 3604 ad
1513 3547 1758 3618 corporis

163 3656 472 3725 animaeque
521 3652 772 3714 salutem,
819 3648 964 3719 quod
1019 3648 1135 3715 ipse
1191 3651 1452 3714 praestare
1492 3639 1753 3710 digneris.

164 3746 274 3814 Qui
305 3761 427 3800 cum
457 3745 567 3798 Deo
599 3741 763 3795 Patre
792 3749 847 3794 et
873 3737 1099 3807 Spiritu.

245 3838 386 3891 Alia.
429 3836 541 3889 Dne
577 3834 671 3888 lhu
714 3833 854 3902 ch,
901 3830 992 3896 qui
1023 3842 1123 3898 pro
1162 3833 1351 3881 nostra
1387 3821 1760 3892 redemptione

164 3925 269 4005 per
291 3929 598 4001 passionem
632 3935 778 3978 tuam
814 3924 915 3976 hoc
948 3920 1148 3991 lignum
1193 3916 1375 3972 crucis
1413 3913 1760 3970 sanctiﬁcare

164 4004 415 4079 voluisti.
483 4004 733 4074 Concede
786 4013 1075 4085 propitius,
1143 4017 1203 4063 ut
1252 4008 1563 4077 quicunque
1620 4004 1760 4058 hanc

167 4131 370 4186 aquam
409 4112 648 4183 ejusdem
691 4115 890 4164 sancta:
932 4103 1116 4159 crucis
1153 4111 1299 4156 tactu
1341 4097 1756 4159 sanctiﬁcatum,

168 4211 370 4265 haus‘tu
412 4202 775 4276 perceperint,
813 4197 882 4252 ab
923 4196 1070 4250 omni
1113 4193 1434 4249 inﬁrmitate
1478 4188 1674 4244 mentis
1705 4195 1760 4242 et

167 4296 420 4368 corporis
458 4293 830 4353 absolventur,
855 4285 946 4357 qui
975 4299 1098 4340 cum
1129 4283 1242 4339 Deo
1271 4281 1434 4336 Patre
1471 4289 1525 4335 et
1553 4277 1758 4348 Spiritu

169 4403 271 4445 sco
301 4387 437 4442 vivis
459 4394 564 4440 etc.

246 4479 387 4533 Alia.
442 4475 584 4531 Deus
637 4472 724 4528 cui
784 4455 997 4526 cunctae
1046 4465 1309 4524 obediunt
1353 4469 1642 4524 creatum,
1701 4467 1758 4512 et

169 4572 357 4629 omnia
401 4571 454 4624 in
496 4569 664 4623 verbo
711 4575 805 4619 tuo
853 4562 1028 4619 iecisti
1070 4561 1123 4615 in
1167 4556 1454 4628 sapientia,
1489 4552 1759 4623 supplices

169 4676 488 4738 quaesumus
538 4657 863 4714 ineffabilem
910 4651 1471 4709 clementiam.tuam,
1519 4655 1580 4698 ut
1623 4657 1761 4712 quos

169 4732 275 4828 per
310 4753 512 4821 lignum
559 4757 759 4803 sancta:
799 4745 978 4799 crucis
1023 4742 1144 4796 Filii
1190 4739 1264 4794 tui
1309 4739 1397 4809 pio
1439 4749 1633 4791 cruore
1677 4732 1759 4787 di-

170 4827 370 4916 gnatus
408 4856 468 4897 es
506 4840 794 4900 redimere,
845 4844 900 4888 tu
951 4834 1041 4903 qui
1081 4847 1141 4886 es
1188 4827 1556 4900 lignum'vitw
1602 4841 1760 4896 para-

173 4935 401 5005 dysique
468 4936 795 4999 reparator,
859 4923 1112 4980 omnibus
1172 4923 1226 4975 in
1293 4930 1346 4975 te
1411 4917 1758 4974 credentibus

174 5027 295 5079 dira
352 5021 621 5090 serpentis
665 5031 872 5073 venena
921 5015 1215 5083 extingue,
1265 5022 1320 5067 et
1369 5025 1468 5081 per
1527 5007 1759 5080 gratiam

173 5115 351 5170 sancti
392 5112 640 5182 Spiritus
694 5108 946 5180 poculum
997 5106 1190 5161 salutis
1245 5119 1464 5172 semper
1512 5100 1755 5157 infunde.

170 5206 387 5350 Parilia.
430 5292 572 5347 Deus
598 5290 944 5358 omnipotens
970 5286 1134 5341 Pater
1169 5295 1224 5340 et
1251 5284 1368 5354 Xpe
1410 5285 1506 5338 lhu
1533 5282 1630 5338 Fili
1662 5281 1758 5336 Dei

173 5397 230 5443 et
263 5385 502 5456 Spiritus
531 5382 746 5439 sancte!
799 5379 951 5448 Rogo
983 5383 1186 5440 vos,’ut
1224 5377 1438 5431 mittere
1465 5372 1758 5445 dignemini

173 5476 610 5537 benedictionem
651 5479 887 5525 vestram
931 5483 1092 5538 super
1118 5467 1263 5522 hanc
1291 5473 1601 5522 creaturam
1623 5463 1762 5518 salis

175 5581 234 5627 et
257 5584 432 5639 aquae,
467 5566 549 5621 vel
579 5564 723 5635 pomi
746 5561 830 5616 vel
855 5561 1018 5623 casei,
1048 5568 1107 5613 ut
1130 5558 1417 5629 proﬁciant
1444 5557 1512 5611 ad
1530 5555 1760 5612 salutem

176 5659 432 5718 omnibus
459 5659 656 5728 quibus
697 5655 914 5717 dantur,
946 5661 1007 5705 ut
1052 5651 1259 5705 sanitas
1291 5650 1368 5704 eis
1415 5648 1508 5703 ﬁat
1555 5649 1608 5703 in
1643 5662 1758 5714 ore,

177 5760 233 5814 iu
261 5756 507 5826 naribus,
541 5757 594 5811 in
633 5750 825 5818 oculis,
860 5751 912 5807 in
940 5748 1140 5816 fronte,
1167 5745 1220 5801 in
1251 5745 1478 5813 vertice,
1509 5745 1560 5800 in
1598 5743 1758 5810 collo,

1787 4509 1838 4569 D

1851 553 2031 618 nibus,
2077 552 2130 606 in
2175 553 2422 622 pedibus,
2473 555 2526 609 in
2584 557 2837 611 omnibus
2881 558 3139 612 membris
3181 560 3426 628 corporis

1851 643 2019 708 illius,
2075 651 2136 697 ut
2187 658 2292 698 non
2354 646 2564 713 possint
2609 646 2810 716 frigora
2863 655 2919 702 et
2977 647 3156 703 febres
3203 649 3424 704 vincere

1851 733 1936 788 vel
1955 736 2173 804 (nocere
2226 753 2348 794 eum
2393 749 2491 789 nec
2538 736 2591 789 in
2633 737 2774 801 visu,
2828 751 2931 792 nec
2973 737 3026 791 in
3069 738 3275 798 auditu.
3328 753 3429 793 nec

1828 829 1908 885 in
1963 830 2309 895 ambulando,
2362 845 2469 883 non
2525 829 2579 881 in
2646 837 2804 898 gustu
2851 827 2978 890 cibi,
3034 841 3138 881 nec
3193 828 3429 881 bibendo

1850 928 2044 990 potus;
2062 922 2175 990 .sed
2198 921 2341 974 Deus
2373 917 2664 988 perfectus,
2689 918 2778 986 qui
2806 933 2864 973 es
2895 919 3133 974 salvator
3160 918 3427 983 omnium,

1852 1012 2059 1066 salvum
2114 1011 2201 1066 fac
2249 1012 2522 1066 hominem
2573 1012 2734 1066 istum
2780 1011 2844 1066 N.
2888 1013 2956 1066 ab
2995 1013 3142 1067 omni
3190 1013 3431 1081 periculo

1833 1102 2163 1172 redemptor
2213 1100 2419 1167 mundi,
2464 1103 2556 1170 qui
2602 1116 2724 1156 cum
2771 1101 2935 1156 Patre
2988 1111 3046 1155 et
3087 1101 3291 1171 Spiritu
3337 1116 3432 1156 sco

1849 1208 2010 1248 νινιε.

2235 1299 2335 1338 ORA
2345 1297 2435 1338 τιο
2471 1298 2634 1338 SUPER
2668 1297 3050 1338 DEMONIACUN.

1961 1375 2064 1444 (Ex
2094 1374 2215 1429 cod.
2240 1374 2401 1429 Vind.
2438 1375 2605 1429 theol.
2631 1375 2760 1440 277,
2791 1389 2914 1429 smc.
2959 1391 3033 1429 xu
3064 1374 3148 1428 vel
3181 1375 3324 1443 xm.)

1923 1466 2144 1535 Repelle
2173 1467 2398 1521 Domine
2428 1466 2496 1520 ab
2517 1467 2620 1520 hoc
2642 1465 2845 1520 famulo
2867 1475 2959 1519 tuo
2977 1480 3191 1519 omnem
3221 1464 3436 1518 infesta-

1854 1557 2056 1613 tionem
2098 1558 2323 1622 inimici,
2371 1567 2429 1609 ut
2472 1558 2872 1627 redintegratus
2914 1556 3156 1626 pristinae
3194 1555 3432 1618 sanitati,

1854 1652 1922 1705 ad
1969 1650 2266 1720 gratiarum
2303 1649 2610 1704 clementiae
2645 1659 2748 1704 tuae
2777 1650 2964 1705 redeat
3002 1649 3291 1704 actionem.
3323 1648 3430 1702 Per

1856 1740 2015 1794 Dnm.

1781 1813 1827 1872 Β
1926 1830 2066 1884 Alia.
2112 1831 2254 1885 Deus
2281 1831 2611 1902 Angelorum
2653 1838 2758 1885 etc.
2807 1838 2863 1883 ut
2905 1847 3088 1898 supra.
3120 1829 3262 1882 Atia.
3293 1829 3434 1883 Deus

1852 1924 1940 1993 qui
1968 1923 2218 1976 conditor
2245 1934 2300 1977 et
2321 1924 2575 1977 defensor
2601 1935 2659 1976 es
2685 1921 2902 1990 generis
2934 1919 3153 1973 humani
3180 1919 3272 1987 qui
3313 1927 3424 1981 etc.

1853 2015 1995 2068 Alia.
2026 2014 2253 2068 Domine
2283 2013 2475 2068 sancte
2492 2013 2654 2066 Pater
2676 2011 3018 2079 omnipotens
3048 2017 3250 2062 aeterne
3272 2007 3436 2071 Deus,

1853 2105 2069 2159 Osanna
2103 2112 2208 2158 etc.
2239 2103 2380 2155 Alia.
2418 2103 2644 2155 Domine
2684 2108 2872 2153 sancte
2910 2098 3070 2150 Pater
3095 2097 3440 2165 omnipotens

1835 2205 2055 2252 aeterne
2084 2195 2249 2260 Deus,
2274 2193 2483 2262 expelle
2515 2202 2627 2246 etc.

2430 2282 2552 2335 Alia
2578 2282 2869 2350 adjuratio.

1926 2376 2194 2430 Exorcizo
2226 2383 2275 2429 te
2299 2374 2520 2442 spiritus
2566 2373 2863 2426 immunde.
2911 2369 3025 2423 Non
3069 2383 3169 2438 ego
3215 2367 3308 2421 tibi
3343 2367 3444 2420 im-

1853 2482 1985 2537 pero
2029 2479 2202 2534 neque
2247 2473 2470 2532 peccata
2522 2477 2662 2525 mea,
2709 2461 2803 2515 sed
2854 2461 3088 2535 imperat
3133 2456 3226 2511 tibi
3271 2471 3444 2524 agnus

1855 2557 2234 2614 immaculatus
2262 2555 2534 2625 lChristus
2578 2555 2720 2607 Deus
2759 2559 2815 2605 et
2866 2551 2961 2604 Dei
3000 2549 3189 2603 Filius.
3236 2545 3445 2617 Urgent

1855 2660 1908 2705 te
1953 2648 2142 2718 Angeli
2188 2654 2243 2701 et
2285 2644 2627 2715 Archangeli.
2673 2643 2877 2711 Urgent
2926 2651 2977 2695 te
3026 2640 3352 2710 patriarchae
3391 2646 3446 2692 et

1854 2741 2151 2810 prophetae.
2207 2737 2414 2806 Urgent
2474 2744 2525 2789 te
2567 2734 2796 2803 apostoli
2847 2732 3074 2786 Christi.
3133 2731 3344 2802 Urgent
3393 2737 3446 2782 te

1855 2838 2125 2898 martyres
2162 2826 2390 2889 Christi,
2427 2834 2482 2879 et
2514 2812 2898 2887 Confessores,
2931 2831 2988 2874 ut
3013 2821 3270 2875 deﬁciant
3294 2829 3445 2874 artes

1858 2921 2056 2975 diaboli
2104 2920 2193 2974 die
2239 2935 2302 2974 ac
2351 2927 2527 2980 nocte,
2572 2917 2624 2968 in
2658 2930 2866 2978 mense,
2913 2921 2967 2968 et
3010 2914 3062 2967 in
3094 2913 3250 2976 hora,
3281 2920 3444 2981 atque

1857 3004 2151 3065 momento.
2186 3009 2370 3063 Redde
2391 3006 2924 3078 ergofortitudinem
2959 3003 3237 3068 membris,
3272 3003 3441 3058 redde

1859 3103 2054 3158 animm
2080 3102 2366 3156 sanitatem
2396 3119 2409 3154 :
2443 3117 2549 3155 non
2585 3098 2874 3168 temptabis
2895 3113 3036 3157 eam,
3068 3107 3123 3152 et
3145 3097 3305 3150 morti
3332 3110 3444 3150 non

1861 3196 2065 3248 tradas.
2099 3192 2212 3248 Non
2238 3191 2524 3262 apparebis
2554 3191 2606 3243 in
2635 3204 2782 3253 esca,
2808 3203 2910 3242 nec
2941 3187 2995 3242 in
3024 3187 3157 3242 locis
3191 3186 3442 3255 publicis,

1860 3297 1959 3336 nec
1997 3296 2160 3350 super
2206 3281 2392 3335 venies
2437 3279 2703 3350 vigilanti,
2759 3293 2934 3346 neque
2977 3276 3290 3342 dormienti,
3344 3291 3446 3331 nec

1859 3383 2096 3428 mentem
2153 3371 2271 3439 ejus
2327 3386 2571 3434 moveas,
2627 3385 2727 3425 nec
2787 3369 3054 3438 impedias
3113 3377 3444 3438 quaerentem

1859 3464 2023 3517 vitam
2052 3472 2330 3517 aeternam.
2358 3463 2464 3516 Per
2498 3462 2657 3516 Dnm.

1930 3553 2072 3606 Alia.
2114 3552 2468 3621 Omnipotens
2497 3561 2552 3605 et
2595 3551 2909 3605 misericors
2953 3554 3095 3608 Deus
3141 3558 3304 3618 pater
3338 3549 3440 3602 [ιιιί

1857 3645 1940 3696 nri
1969 3643 2061 3696 lhu
2089 3651 2193 3697 etc.
2238 3642 2450 3696 Recede
2478 3657 2608 3712 ergo
2638 3639 3072 3693 immundissimo
3107 3639 3332 3706 spiritus
3369 3638 3440 3692 ab

1858 3733 1962 3788 hoc
1991 3732 2190 3786 famqu
2220 3732 2337 3796 Dei,
2366 3731 2507 3785 sicut
2531 3730 2806 3800 separavit
2833 3729 2974 3783 Deus
3001 3727 3166 3781 Pater
3196 3727 3446 3796 omnipo-

1861 3832 1979 3877 tcns
2007 3822 2204 3877 cmlum
2235 3838 2262 3873 a
2297 3832 2465 3885 terra,
2498 3821 2670 3874 lucem
2709 3834 2737 3872 a
2771 3820 3028 3884 tenebris,
3072 3819 3363 3872 veritatem
3404 3835 3435 3870 ιι

1859 3914 2163 3977 mendacio,
2200 3911 2400 3965 bonum
2442 3927 2470 3963 a
2501 3910 2666 3974 malo,
2696 3909 2852 3964 dulce
2880 3909 2948 3963 ab
2977 3923 3196 3973 amaro;
3229 3908 3307 3962 sic
3335 3907 3446 3961 eris

1859 4015 2141 4075 St-paratus
2163 4005 2232 4058 ab
2255 4017 2321 4057 eo
2349 4018 2445 4072 per
2471 4002 2790 4071 potentiam,
2819 4016 2923 4070 qua
2955 4009 3006 4055 te
3025 4001 3272 4055 Christus
3289 3999 3444 4062 vicit,

1859 4111 2018 4166 quem
2048 4104 2105 4149 tu
2131 4094 2354 4149 vincere
2391 4107 2499 4146 non
2543 4099 2718 4161 potes,
2765 4090 2860 4145 sed
2898 4089 3081 4143 vincat
3117 4097 3169 4143 te
3205 4089 3318 4143 Dns
3355 4088 3445 4144 llis

1859 4189 1994 4259 Xps,
2047 4197 2208 4259 teque
2255 4188 2608 4256 dampnatum
2658 4183 2880 4239 aeternis
2923 4183 3193 4253 mancipet
3243 4181 3441 4252 poenis.

1858 4277 2164 4334 Descendat
2197 4277 2265 4331 ad
2295 4291 2394 4330 nos
2422 4274 2651 4329 Domine
2672 4273 2844 4350 gratia
2876 4278 2982 4325 tua:
3005 4270 3245 4340 pietatis.
3276 4269 3445 4339 Signo

1860 4380 2023 4442 caput
2072 4379 2246 4434 tuum,
2298 4370 2440 4424 sicut
2477 4367 2715 4437 signavit
2761 4365 3023 4420 Dominus
3058 4378 3247 4420 omnes
3292 4365 3447 4419 inﬁr-

1864 4477 1982 4518 mos
2012 4463 2065 4516 in
2101 4461 2287 4517 Chana
2335 4459 2577 4516 Galileze.
2626 4457 2794 4528 Signo
2841 4456 3027 4511 oculos
3075 4464 3222 4522 tuos,
3273 4466 3333 4510 ut
3378 4471 3450 4512 ex

1867 4553 1998 4623 ipsis
2035 4552 2336 4622 expellatur
2369 4549 2635 4612 diabolus,
2663 4548 2756 4617 qui
2799 4547 2943 4601 laedit
2970 4561 3185 4600 omnem
3225 4563 3447 4603 carnem

1868 4656 2036 4702 tuam.
2072 4643 2342 4699 Benedico
2371 4650 2443 4704 te,
2481 4641 2623 4695 sicut
2658 4638 2933 4694 benedixit
2975 4636 3235 4690 Dominus
3259 4639 3448 4693 oculos

1867 4749 2157 4800 ancoram,
2187 4732 2279 4802 qui
2311 4731 2364 4785 in
2405 4727 2696 4799 Evangelio
2725 4727 2996 4798 leguntur.
3045 4721 3214 4797 Signo
3263 4729 3446 4782 omnia

1869 4821 2112 4884 membra
2162 4835 2272 4888 tua,
2322 4832 2382 4877 ut
2411 4838 2477 4877 ex
2527 4813 3314 4894 ipsis.expellatur‘diabolus,
3355 4821 3447 4890 qui

1869 4917 2015 4972 laedit
2049 4928 2266 4970 omnem
2305 4926 2527 4968 carnem
2553 4919 2720 4966 tuam.
2751 4909 3043 4966 Benedicat
3083 4921 3136 4966 te
3165 4911 3446 4975 Dominus,

1843 5007 2005 5062 sicut
2029 5002 2308 5059 benedixit
2331 5001 2550 5056 domum
2581 4999 2880 5065 Abraham,
2906 5007 2960 5053 et
2983 4997 3158 5065 lsaac,
3179 5008 3235 5053 et
3255 4997 3444 5061 Jacob,

1861 5098 2004 5154 sicut
2031 5095 2243 5152 sanavit
2272 5093 2530 5149 Dominus
2561 5091 2842 5147 mulierem
2873 5091 2941 5147 de
2972 5090 3116 5145 ﬁuxu
3139 5091 3444 5160 sanguinis,

1863 5191 1942 5244 sic
1991 5187 2085 5242 ﬁat
2130 5185 2339 5242 sanitas
2381 5183 2593 5238 Domini
2644 5197 2805 5252 super
2834 5191 2906 5247 te,
2940 5191 2994 5236 et
3033 5181 3342 5234 custodiant
3392 5189 3444 5232 te

1865 5278 2039 5350 angeli
2087 5285 2144 5332 et
2185 5273 2518 5345 archangeli.
2568 5271 2826 5342 Protegat
2857 5279 2906 5324 te
2959 5269 3100 5324 Deus
3153 5268 3337 5332 Israel,
3387 5277 3442 5322 et

1865 5371 2086 5441 adjiciat
2118 5368 2407 5426 sanitatem
2443 5376 2493 5424 et
2521 5365 2951 5422 benedictionem
2979 5360 3068 5416 hic
3095 5369 3152 5416 et
3179 5360 3234 5415 in
3255 5360 3446 5437 tutum

1865 5467 2083 5525 s:eculo.
2508 5503 2511 5505 .
3411 5456 3414 5460 ’

2507 5553 2642 5608 Item
2675 5549 2804 5606 alia.

1937 5649 2164 5708 Domine
2217 5654 2405 5704 sancte
2458 5645 2623 5700 Pater
2665 5641 3008 5710 omnipotens
3051 5647 3254 5696 :eterne
3302 5637 3448 5694 Deus

1866 5757 1962 5814 per
2001 5737 2400 5811 impositioncm
2436 5747 2694 5790 manuum
2728 5737 3034 5785 nostrarum
3072 5729 3303 5800 refugiat
3345 5725 3448 5783 ini.
