3962 6326
630 313 764 373 “59

1535 315 1821 371 APPEND.
1852 315 1940 370 AD
1982 315 2148 370 Sxiitl.
2193 319 2254 372 Χ.
2288 349 2350 359 —-—
2383 319 2814 377 MONUMENTA
2841 314 3116 380 ιιτῑιιο.

3663 336 3677 388 1
3689 340 3752 390 ltili

627 430 797 486 mieus
828 430 1072 486 diabolus
1107 445 1134 484 a
1164 428 1364 499 capite,
1391 443 1420 483 a
1453 430 1681 501 capillis,
1710 430 1781 483 ab
1809 430 2000 490 oculis,
2034 446 2062 482 a
2095 448 2189 484 na-
2220 444 2261 496 Α
2295 449 2434 487 rum.
2463 435 2560 488 Exi
2592 435 2821 489 Satanas
2861 436 2925 488 de
2953 437 3171 492 homine
3202 438 3318 502 isto,
3355 441 3416 493 de
3438 440 3550 509 pilo,
3576 445 3628 498 de
3648 461 3748 502 cerc-

625 521 796 586 ribus,
819 522 886 576 ab
913 521 1157 584 auribus,
1184 536 1213 572 a
1239 520 1418 584 labiis,
1457 535 1485 572 a
1525 519 1722 590 lingua,
1754 536 1782 574 a
1811 521 2113 591 sublingua,
2162 537 2192 574 a

623 615 784 680 collo,
813 630 840 668 a
871 623 1108 684 pectore,
1139 628 1168 666 a
1193 621 1400 678 ventre,
1436 613 1504 666 ab
1538 612 1830 676 intestinis,
1862 627 1891 664 a
1920 612 2191 675 cruribus,

624 718 655 755 a
689 702 934 771 pedibus,
985 717 1015 755 a
1057 700 1346 762 calcaneis,
1386 700 1455 754 ab
1494 701 1762 755 universis
1790 699 2193 768 compaginihus

626 794 1009 848 membrorum.
1041 791 1157 846 Non
1199 792 1391 846 habeat
1425 799 1746 861 potestatem
1791 791 2045 853 nocendi,
2094 804 2194 844 nec

625 885 912 954 tangendo,
945 898 1042 938 nec
1071 883 1409 947 dormiendo,
1438 897 1537 937 nec
1565 882 1854 953 vigilando,
1880 897 1978 936 nec
2007 882 2059 935 in
2084 881 2189 943 die,

623 993 723 1031 nec
761 977 812 1030 in
853 986 1031 1040 nocte,
1065 991 1164 1030 nec
1193 976 1244 1028 in
1277 975 1544 1044 ingressu,
1583 988 1684 1028 nec
1721 973 1772 1026 in
1805 973 2060 1036 sedendo,
2092 986 2194 1026 nec

623 1070 674 1122 in
701 1068 952 1136 iacendo,
984 1083 1083 1121 nec
1107 1067 1158 1120 in
1189 1067 1329 1129 visu,
1358 1081 1457 1120 nec
1489 1066 1540 1118 in
1566 1065 1698 1129 risu,
1732 1079 1831 1119 nec
1862 1065 1912 1118 in
1939 1064 2191 1128 ludendo,

621 1158 674 1210 in
721 1157 936 1209 nomine
984 1156 1081 1209 Dni
1130 1155 1212 1208 nri
1244 1155 1335 1207 lhu
1376 1154 1477 1222 Xpi
1525 1154 1616 1222 qui
1659 1169 1757 1208 nos
1800 1169 1898 1208 suo
1933 1153 2194 1224 sanguine

622 1247 869 1310 redemit,
909 1247 998 1315 qui
1034 1256 1224 1316 regnat
1250 1246 1302 1298 in
1334 1245 1528 1299 sarcula
1574 1245 1914 1299 surculorum.
1960 1244 2095 1299 Nam
2137 1254 2193 1300 te

621 1336 811 1404 adjuro
853 1351 947 1404 per
979 1337 1146 1388 Deum
1185 1333 1506 1388 altissimum
1538 1333 1822 1388 maledicte
1846 1334 2096 1398 Satanas,
2128 1349 2194 1389 ne

619 1426 878 1480 famulum
930 1426 1072 1478 hunc
1121 1425 1212 1479 Dei
1265 1425 1473 1478 artibus
1522 1423 1627 1478 tuis
1668 1433 1930 1494 temptare
1979 1424 2193 1491 nitaris,

620 1531 796 1584 neque
828 1516 880 1568 in
919 1529 1042 1568 eum
1074 1514 1344 1568 violentiis
1376 1514 1572 1568 irruas.
1613 1514 1984 1568 Contremisce
2023 1515 2194 1569 Deum

619 1607 1050 1662 immundissime
1086 1606 1331 1674 spiritus,
1369 1605 1690 1674 principium
1715 1603 1978 1670 .scelcris,
2026 1605 2194 1660 malo-

621 1713 736 1752 rum
763 1697 1004 1751 omnium
1034 1697 1208 1758 radix,
1244 1704 1612 1764 transgressor
1634 1697 1732 1749 via:
1761 1695 2029 1760 veritatis,
2056 1710 2192 1765 pra:-

2295 524 2410 585 bro,
2441 524 2508 577 de
2539 525 2763 588 vertice,
2791 524 2858 577 de
2889 533 3001 578 toto
3026 526 3227 594 capite,
3256 528 3319 581 de
3346 529 3523 594 fronte,
3548 531 3602 585 de
3621 541 3749 594 ocu‘is.

2295 613 2361 666 de
2414 613 2655 676 naribus,
2707 614 2774 666 de
2816 615 3064 679 auribus,
3109 616 3178 671 de
3224 615 3475 681 faucibus,
3516 622 3571 676 de
3608 630 3753 685 oleae

2295 703 2498 772 lingua,
2532 705 2597 757 de
2619 703 2920 774 sublingua.
2954 704 3180 776 Signum
3203 709 3376 762 crucis
3394 709 3590 776 Christi,
3608 714 3753 784 signum

2295 789 2593 846 Salvatoris
2633 794 2731 846 Dni
2761 793 2841 848 nri
2869 793 2964 848 lhu
2995 793 3096 864 Xpi
3128 796 3200 850 sit
3229 797 3281 850 in
3308 797 3471 852 fronte
3494 809 3589 865 tua,
3615 813 3754 857 utcas-

2295 884 2428 938 fidas
2474 883 2526 936 in
2558 898 2641 938 eo.
2672 884 2906 938 Benedic
2941 887 3129 940 oculos
3159 897 3295 947 tuos.
3329 897 3386 942 ut
3419 890 3579 945 videas
3609 892 3758 950 clarita-

2295 980 2403 1026 tem
2432 972 2571 1042 ejus,
2618 987 2801 1036 aures,
2841 983 2901 1026 ut
2947 974 3135 1029 audias
3181 978 3402 1030 verbum
3432 981 3640 1034 veritatis
3666 983 3758 1049 eius,

2294 1077 2478 1125 nares,
2513 1070 2572 1114 ut
2600 1063 2828 1131 recipias
2853 1063 3074 1116 odorem
3101 1066 3398 1128 suavitatis,
3423 1081 3603 1134 peetus,
3625 1079 3668 1122 ut
3687 1086 3762 1125 cre-

2294 1153 2394 1208 das
2419 1153 2472 1207 in
2499 1169 2594 1218 eo;
2625 1169 2707 1218 os,
2741 1163 2801 1208 ut
2829 1155 3140 1210 conﬁtearis
3167 1157 3264 1210 illi.
3293 1157 3394 1224 Qui
3423 1169 3658 1214 venturus.

2930 1242 3064 1298 Item
3101 1245 3229 1298 alia.

2367 1333 2510 1389 Deus
2536 1335 2830 1398 Abraham,
2861 1337 2999 1391 Deus
3028 1336 3199 1401 Isaac,
3235 1336 3376 1392 Deus
3403 1336 3570 1400 Iacob,
3593 1338 3766 1393 Densiu-

2294 1427 2396 1491 cis,
2424 1426 2564 1482 Deus
2590 1427 2868 1482 claritatis.
2901 1428 3125 1482 Domine
3153 1429 3292 1482 Deus
3323 1429 3627 1498 regnantium
3654 1431 3766 1484 dmuio

2296 1525 2475 1579 nator,
2497 1516 2831 1570 credentium
2858 1515 3091 1583 adjutor.
3116 1517 3256 1572 Deus
3278 1518 3332 1570 in
3359 1517 3503 1587 cujus
3528 1518 3770 1584 nomineego

2293 1618 2546 1676 peccator
2567 1607 2992 1662 benedictionem
3017 1617 3159 1677 peto,
3185 1617 3239 1662 tu
3266 1609 3484 1662 Domine
3504 1623 3578 1662 me
3596 1609 3772 1676 adjuvare

2296 1698 2552 1768 digneris.
2579 1697 2784 1768 Adjuro
2814 1705 2865 1751 te
2892 1697 3122 1754 Satanas
3150 1713 3246 1767 per
3271 1697 3439 1752 Deum
3456 1691 3640 1751 Patrem
3658 1697 3774 1750 omn-

617 1787 890 1843 varicator
925 1793 1085 1840 rectae
1108 1786 1229 1846 viae,
1247 1783 1480 1852 justicia:
1504 1794 1841 1854 persecutor,
1874 1783 2191 1840 fornicatio-
2221 1799 2268 1859 Β
2295 1796 2590 1856 potentem,
2621 1787 2714 1856 qui
2753 1785 2880 1841 fecit
2903 1787 3101 1841 cmlum
3121 1795 3176 1840 et
3199 1797 3398 1842 terram
3424 1801 3558 1841 mare
3575 1795 3620 1840 et
3635 1787 3774 1846 omnia.

619 1877 704 1931 nis
755 1891 964 1936 suasor,
1019 1876 1295 1944 parricidii
1351 1876 1629 1945 magister,
1671 1876 1964 1944 dissipator
2020 1876 2190 1944 pacis,

621 1982 805 2020 semen
849 1966 1162 2036 pessimum,
1201 1967 1309 2018 dux
1353 1966 1719 2030 tenebrarum,
1769 1967 1962 2020 mortis
2001 1967 2192 2019 inven-

527 2093 543 2109 .
622 2067 730 2123 tor,
758 2058 924 2128 janua
971 2057 1182 2120 tartari,
1234 2057 1474 2126 gentium
1509 2073 1730 2124 vorago,
1757 2058 2001 2112 omnium
2044 2057 2196 2112 deni-

621 2163 726 2217 que
767 2148 1052 2201 criminum
1083 2161 1267 2209 causa,
1303 2162 1491 2216 separa
1526 2158 1575 2200 te
1604 2163 1632 2200 a
1661 2146 1862 2201 famulo
1891 2146 2008 2210 Dei,
2056 2146 2198 2201 sicut

621 2237 894 2309 separavit
936 2238 1078 2291 Deus
1125 2237 1285 2290 Pater
1332 2238 1676 2304 omnipotens
1715 2235 1911 2290 caelum
1951 2251 1982 2288 a
2025 2243 2191 2299 terra,

621 2332 785 2381 vitam
818 2342 847 2379 a
888 2335 1084 2389 morte,
1127 2330 1544 2394 septentrionem
1579 2340 1609 2378 a
1654 2326 1900 2390 meridie,
1945 2325 2119 2379 lucem
2161 2341 2192 2378 a

620 2420 878 2484 tenebris,
917 2419 1197 2472 veritatem
1247 2433 1275 2470 a
1311 2417 1613 2481 mendacio,
1653 2415 1922 2483 justitiam
1973 2416 2042 2469 ab
2093 2416 2197 2469 ini-

621 2511 847 2580 quitate,
878 2523 1118 2562 amorem
1141 2509 1208 2561 ab
1231 2508 1375 2567 odio,
1397 2507 1706 2561 castitatem
1733 2508 1801 2560 ab
1829 2507 2190 2576 impudicitia.

621 2602 698 2655 Da
724 2603 982 2655 honorem
1012 2599 1139 2659 Deo,
1173 2597 1382 2652 laudem
1412 2597 1722 2651 advenienti
1755 2596 1978 2667 Spiritui
2004 2609 2196 2652 sancto

621 2693 676 2748 in
706 2692 902 2748 secula
935 2691 1277 2745 surculorum.

699 2787 840 2840 Alia.
881 2784 1122 2842 Obsecro
1164 2794 1215 2838 te
1246 2784 1468 2838 Domine
1495 2782 1620 2837 Iesu
1651 2779 1870 2836 Christe
1906 2789 1965 2834 ut
2005 2778 2197 2850 ejicias

625 2892 814 2932 omnes
870 2875 1158 2945 languores
1208 2875 1275 2928 ab
1335 2873 1585 2926 omnibus
1641 2872 1902 2926 membris
1961 2871 2197 2925 hominis

621 2967 780 3022 istius
809 2983 840 3021 a
871 2966 1066 3034 capite,
1107 2980 1137 3018 a
1183 2963 1415 3031 capillis,
1466 2979 1496 3017 a
1536 2963 1784 3026 cerebro,
1817 2976 1846 3014 a
1896 2959 2097 3025 fronte,
2128 2961 2196 3015 ab

620 3059 812 3123 oculis,
855 3058 923 3112 ab
972 3057 1216 3121 auribus,
1245 3072 1274 3108 a
1307 3055 1553 3119 naribus,
1583 3069 1612 3106 a
1661 3053 1820 3118 facie,
1857 3068 1886 3105 a
1917 3051 2094 3121 genis,
2129 3051 2197 3105 ab

2292 1894 2412 1949 qua:
2440 1879 2494 1932 in
2525 1879 2604 1934 eis
2628 1887 2754 1932 sunt
2781 1916 2796 1941 ,
2836 1878 3162 1948 quicumque
3198 1885 3279 1932 est
3307 1877 3521 1947 spiritus
3554 1877 3776 1940 inmunda,

2293 1984 2360 2024 ne
2411 1969 2577 2024 facias
2628 1983 2748 2038 qua:
2795 1967 2949 2022 facis.
2995 1967 3110 2022 Non
3163 1967 3396 2022 seducas
3421 1967 3484 2020 de
3509 1967 3584 2020 via
3619 1963 3721 2019 lucis
3744 1967 3776 2018 in

2292 2059 2433 2112 viam
2468 2058 2834 2121 tenebrarum,
2868 2072 2975 2111 non
3006 2067 3166 2111 nocte
3188 2071 3293 2110 non
3319 2058 3404 2110 die
3424 2056 3469 2109 ei
3498 2055 3778 2124 superrenias.

2294 2163 2393 2202 nec
2422 2147 2672 2215 operibus
2699 2147 2815 2216 ejus
2845 2158 2895 2200 te
2936 2147 3278 2214 interponas,
3310 2160 3410 2200 nec
3438 2143 3612 2199 {ureris
3636 2146 3780 2196 animas

2295 2257 2432 2312 quas
2472 2240 2613 2294 Deus
2657 2239 2726 2293 ad
2763 2239 3048 2307 imaginem
3082 2253 3234 2291 suam
3271 2236 3534 2290 formavit.
3577 2235 3782 2301 Vadespi-

2295 2331 2746 2394 ritusimmunde,
2786 2331 2876 2384 ubi
2901 2329 3079 2383 nullus
3117 2329 3199 2382 vel
3239 2337 3426 2382 arator
3451 2329 3549 2390 sit,
3583 2325 3650 2379 vel
3676 2326 3784 2378 senii.

2295 2431 2471 2477 nator.
2491 2421 2624 2476 Vide
2650 2421 2861 2490 signum
2883 2418 3084 2483 crucis,
3103 2433 3207 2472 non
3233 2419 3324 2472 hic
3353 2418 3558 2472 resistas
3575 2416 3668 2469 viso
3683 2415 3784 2484 signo

2295 2513 2518 2576 Christi,
2545 2512 2635 2582 qui
2666 2519 2927 2565 venturus
2950 2518 3031 2562 est
3057 2508 3108 2562 in
3139 2507 3424 2576 majestate
3444 2505 3786 2573 Patrisjudicare

2297 2603 2548 2658 saeculum
2594 2611 2649 2655 et
2690 2610 2741 2654 te
2777 2598 2993 2654 inimice
3019 2614 3116 2668 per
3143 2599 3342 2668 ignem.
3376 2597 3539 2650 Erunt
3574 2596 3651 2648 tibi
3681 2594 3786 2645 verba

2297 2695 2412 2748 haec
2440 2694 2491 2746 in
2523 2692 2889 2746 testimonium
2917 2692 3006 2745 hic
3035 2699 3090 2744 et
3113 2691 3165 2744 in
3197 2690 3282 2743 die
3306 2689 3492 2758 judicii
3538 2687 3619 2740 Dni
3647 2687 3708 2738 nri
3741 2685 3788 2747 liii

2296 2784 2398 2854 Xpi
2436 2786 2666 2840 venturi.
2699 2783 2872 2838 Draco
2901 2791 3167 2837 venenate
3193 2815 3208 2846 -,
3256 2791 3470 2835 amator
3513 2783 3788 2835 tenebrarum,

2298 2878 2552 2947 deceptor
2585 2876 2908 2939 animarum,
2939 2875 3092 2928 radix
3127 2873 3505 2927 amaritudinis
3528 2911 3543 2936 ,
3571 2870 3745 2923 mendax
3773 2885 3790 2916 a

2297 2969 2584 3040 principio,
2608 2967 2995 3036 praevaricator
3020 2964 3173 3035 legis,
3193 2963 3368 3032 ejeete
3390 2963 3456 3016 de
3482 2960 3710 3032 paradiso,
3728 2957 3792 3008 im-

2298 3075 2430 3129 pero
2457 3059 2551 3113 tibi
2574 3074 2669 3128 per
2691 3057 2994 3120 Abraham,
3019 3056 3225 3124 impero
3244 3055 3341 3110 tibi
3366 3070 3460 3123 per
3481 3052 3630 3113 Isaac,
3651 3050 3793 3116 impera

620 3164 738 3215 ore,
776 3164 806 3201 a
838 3148 1042 3216 lingua,
1076 3163 1106 3199 a
1135 3146 1404 3209 dentilms,
1437 3160 1466 3197 a
1509 3144 1774 3206 faucibus,
1801 3157 1832 3196 a
1860 3151 2099 3210 gutture,
2129 3141 2197 3194 ab

2302 3151 2396 3204 tibi
2423 3166 2519 3220 per
2544 3148 2736 3210 Iacob,
2769 3148 2976 3216 impero
3006 3146 3101 3200 tibi
3132 3159 3228 3216 per
3249 3155 3484 3213 quatuor
3505 3140 3792 3210 evangelisas,

621 3237 900 3298 uberibus,
927 3251 955 3287 a
987 3235 1169 3297 corde,
1211 3250 1240 3287 a
1275 3233 1576 3295 stomacho,
1609 3248 1637 3284 a
1666 3241 1877 3294 ventre,
1911 3246 1939 3282 a
1968 3229 2195 3282 visceri-

623 3329 745 3390 bus,
786 3343 815 3380 a
856 3327 1136 3388 lateribus,
1187 3341 1215 3377 a
1251 3324 1568 3386 femoribus,
1603 3340 1633 3378 a
1668 3324 1832 3385 suris,
1877 3337 1906 3375 a
1951 3321 2196 3390 pedibus,

624 3434 654 3470 a
678 3431 862 3479 carne,
899 3431 928 3468 a
955 3416 1234 3484 sanguine,
1267 3415 1334 3468 ab
1373 3414 1606 3476 ossibus,
1637 3429 1668 3466 a
1709 3411 1976 3476 medullis,
2007 3427 2037 3464 a
2074 3425 2202 3464 ner-

623 3507 727 3570 vis,
761 3523 789 3560 a
822 3515 966 3568 cute,
996 3507 1064 3560 ab
1097 3506 1244 3560 omni
1292 3519 1551 3574 compage
1589 3503 1978 3566 menibrorum,
2011 3517 2039 3554 a
2082 3515 2201 3554 ver-

623 3597 728 3651 tice
757 3597 949 3665 capitis
977 3594 1095 3662 ejus
1119 3611 1288 3665 osque
1311 3596 1376 3649 ad
1409 3595 1617 3665 plantas
1646 3593 1862 3664 pedum,
1886 3607 1914 3646 a
1943 3591 2196 3662 scapulis,

621 3702 654 3739 a
702 3686 959 3750 brachiis,
996 3702 1026 3741 a
1075 3687 1346 3751 manibus,
1393 3687 1460 3739 ab
1507 3685 1736 3756 ungulis,
1776 3693 1837 3738 ut
1881 3699 1985 3738 non
2034 3683 2201 3736 lateat

623 3775 712 3828 hic
769 3776 1057 3830 inmundus
1109 3776 1350 3846 spiritus.
1414 3775 1624 3830 Exaudi
1679 3774 1902 3828 Domine
1960 3773 2045 3827 cui
2111 3783 2200 3826 est

625 3864 799 3919 virtus
831 3874 886 3918 et
919 3875 1180 3935 potestas,
1219 3875 1272 3920 ct
1322 3866 1604 3936 imperium
1654 3867 1704 3918 in
1741 3865 1938 3920 saecula
1979 3862 2202 3919 saeculo-

2301 3241 2508 3309 impero
2537 3240 2633 3293 tibi
2664 3255 2759 3308 per
2795 3238 3053 3306 Spiritum
3086 3245 3356 3297 SJIICliim,
3389 3232 3616 3304 quisquis
3648 3244 3695 3283 ts
3728 3229 3792 3279 im-

2301 3332 2500 3387 muntle
2525 3331 2748 3400 spiritus
2789 3337 3027 3400 apostata
3063 3328 3178 3383 sive
3220 3326 3460 3381 lunatice
3493 3326 3597 3380 sive
3625 3319 3794 3374 Illaieilt‘C

2301 3440 2407 3479 non
2435 3424 2661 3478 accedas
2691 3423 2758 3476 ad
2787 3437 2909 3477 eum
2941 3421 3115 3491 prima
3147 3419 3291 3484 luna,
3320 3434 3495 3488 neque
3515 3417 3793 3471 decrescentia

2305 3531 2410 3570 non
2443 3516 2496 3570 in
2524 3530 2670 3578 esea,
2709 3530 2814 3570 non
2843 3514 2895 3568 in
2927 3523 3056 3583 potu
3077 3553 3092 3577 ,
3121 3528 3226 3568 non
3266 3513 3322 3566 in
3368 3505 3658 3566 dormiendo
3682 3516 3796 3569 neque

2305 3607 2597 3678 γίἱέίιλιηάο.
2628 3623 2735 3662 non
2771 3607 2822 3660 in
2854 3607 2958 3670 via,
2982 3621 3088 3660 non
3110 3606 3164 3660 in
3189 3605 3371 3669 trivio,
3390 3601 3614 3672 neqnein
3633 3595 3798 3666 quadrn-

2305 3699 2394 3752 vio
2414 3697 2780 3753 exterminare
2808 3697 3010 3751 audeas
3034 3703 3089 3750 et
3117 3710 3316 3750 nocere
3338 3693 3584 3748 famulum
3609 3687 3699 3741 Dei.
3716 3683 3798 3736 l‘er-

2307 3793 2473 3847 cutiat
2502 3800 2553 3846 te
2580 3791 2755 3845 virtus
2780 3789 2992 3844 Domini
3024 3787 3192 3843 nostri
3221 3785 3348 3841 Iesu
3375 3782 3570 3848 Christi
3587 3821 3600 3845 ,
3625 3778 3695 3849 qui
3715 3789 3799 3826 ven-

2307 3889 2462 3936 IlII'IIS
2486 3888 2591 3935 (εει.

636 4110 3795 4168 ____________________________._..

1303 4291 2003 4400 OBSEQUIUM
2079 4292 2184 4382 CI
2209 4290 2418 4384 BGA
2494 4293 2576 4381 M
2606 4290 3251 4384 ORIENTES.

874 4698 1070 4738 INCIPIT
1111 4694 1405 4744 OBSEQUIUI
1443 4693 1594 4733 (ΗΒΕΑ
1634 4693 1959 4734 κοκιεκτεδ.

830 4775 931 4844 (Ex
977 4775 1098 4828 cod.
1142 4773 1300 4826 Vind.
1347 4768 1512 4825 theol.
1561 4768 1702 4834 685,
1751 4784 1878 4823 suae.
1933 4768 2013 4837 x.)

701 4863 926 4930 Quando
953 4861 1143 4931 aliquis
1173 4861 1243 4914 ad
1270 4871 1488 4914 mortem
1517 4857 2006 4929 adpropinquaverit
2033 4898 2047 4922 ,
2095 4857 2209 4926 pri-

625 4957 784 5024 initus
812 4955 907 5024 ﬁat
930 4952 1135 5016 (itania,
1159 4962 1204 5006 et
1225 4961 1503 5020 antequam
1526 4949 1702 5002 anima
1723 4957 1868 5002 exeat
1889 4947 1952 5001 de
1973 4963 2209 5016 corpore,

624 5052 766 5104 dicat
789 5048 1033 5103 sacerdos
1053 5047 1188 5100 hanc
1211 5047 1496 5100 orationem
1517 5061 1536 5100 :

693 5141 941 5198 Oremus.
979 5138 1119 5193 Deus
1151 5137 1482 5200 misericors,
1508 5136 1650 5192 Dens
1671 5135 1930 5200 clemens,
1956 5132 2049 5204 qui
2071 5133 2209 5188 tnui-

626 5233 856 5287 titudine
885 5230 1344 5300 indulgentiarum
1391 5226 1533 5282 nulla
1585 5235 1888 5296 temporum
1934 5226 2052 5296 lege
2081 5241 2210 5280 con-

624 5324 891 5392 cluderis,
936 5323 1030 5377 sed
1080 5320 1415 5390 pulsantibus
1446 5319 1828 5374 misericordia:
1861 5327 1962 5373 tua:
1986 5317 2208 5386 januam

627 5417 826 5484 aperis,
850 5415 1174 5484 pmnitentcs
1199 5413 1360 5468 etiam
1385 5413 1484 5467 sub
1512 5412 1627 5482 ipso
1649 5413 1772 5467 vita:
1794 5413 1956 5483 hujus
1978 5411 2209 5466 termino

626 5522 733 5560 non
765 5505 1012 5574 repelles,
1045 5503 1252 5572 respice
1278 5501 1544 5572 prOpitius
1577 5517 1742 5572 super
1778 5503 1920 5556 hunc
1951 5500 2207 5554 iamulum

628 5606 779 5650 tuum
825 5595 1200 5650 remissionem
1253 5593 1356 5648 sibi
1410 5593 1650 5647 omnium
1701 5600 2043 5662 peccatorum
2098 5599 2206 5644 tota

633 5686 808 5742 cordis
835 5685 1173 5742 confessione
1201 5697 1537 5758 poscentem.
1564 5686 1779 5742 Renova
1807 5685 1857 5738 in
1882 5699 1946 5739 eo
1969 5683 2208 5754 piissime

2232 4661 2287 4720 Ῑ)
2311 4676 2495 4741 Pater,
2527 4676 2669 4745 quod
2693 4657 2926 4736 actione,
2954 4672 3095 4741 quod
3128 4664 3312 4734 verbo,
3344 4671 3484 4740 quod
3513 4671 3614 4738 ipsa
3641 4661 3805 4729 denique

2314 4766 2640 4838 cogitatione
2669 4764 2932 4820 diabolica
2962 4762 3151 4816 fraude
3181 4762 3428 4815 vitiatum
3458 4769 3558 4821 est,
3596 4766 3642 4810 et
3661 4754 3807 4808 unitate

2312 4861 2556 4930 corporis
2584 4857 2840 4913 Ecclesia:
2869 4857 3234 4911 membrorum
3267 4862 3372 4908 tua:
3403 4848 3715 4908 redemtionis
3741 4844 3806 4894 ad.

2313 4961 2490 5007 necte.
2513 4951 2767 5006 Miserere
2796 4949 3110 5019 gemituum,
3139 4947 3400 5000 miserere
3428 4943 3754 4997 lacrimarum,
3775 4941 3806 4981 et

2313 5059 2421 5098 non
2452 5043 2742 5098 habentem
2772 5040 3021 5094 ﬁduciam
3065 5038 3170 5092 nisi
3217 5038 3270 5091 in
3301 5032 3652 5090 misericordia
3679 5038 3744 5078 tua
3765 5019 3808 5072 ad

2314 5139 2713 5188 sacramentum
2737 5126 3192 5183 reconciliationis
3212 5125 3456 5179 admitte.
3491 5123 3604 5175 Per.
3635 5117 3808 5170 Poste»-

2314 5225 2475 5277 cisam
2501 5223 2748 5292 paginam
2775 5219 3018 5290 leguntur
3044 5217 3327 5288 sequentia
3376 5216 3434 5270 S.
3483 5207 3719 5277 Evangelii

2315 5289 2546 5370 cundum
2574 5289 2845 5366 VJoannem
2877 5327 2890 5363 :
2920 5309 3230 5378 Litigabant
3264 5322 3393 5378 ergo
3419 5303 3582 5359 Juda'i
3621 5309 3704 5354 etc.
3739 5289 3807 5354 Οίο

2317 5406 2433 5474 fert.
2469 5401 2693 5458 Domine
2721 5389 3060 5455 convertere.
3089 5397 3316 5452 Secreta.
3352 5395 3633 5465 Propitiare
3653 5397 3807 5474 qum-

2317 5472 2438 5551 mus
2466 5493 2691 5548 Domine
2725 5491 2921 5545 anima:
2951 5489 3134 5545 famuli
3167 5488 3263 5551 tui,
3293 5503 3389 5558 pro
3423 5501 3524 5555 qua
3555 5481 3638 5538 tibi
3662 5472 3807 5530 hostias

2315 5586 2632 5659 placationis
2683 5583 2961 5638 offerimus
2987 5624 3002 5646 ,
3053 5591 3108 5636 et
3152 5580 3277 5651 quia
3315 5581 3364 5634 in
3408 5579 3506 5632 hac
3542 5576 3645 5628 luce
3675 5561 3806 5659 infide

2317 5663 2515 5736 mansit
2541 5677 2822 5734 catholica:
2847 5675 3119 5737 Ecclesiae,
3155 5675 3208 5727 in
3240 5672 3414 5726 futura
3449 5670 3547 5721 vita
3571 5663 3612 5718 ci
3638 5654 3806 5713 retribu-

3887 2160 3889 2252 l
