3962 6326
165 287 294 377 ιιδι

1210 279 1600 347 OBSEQUIUM
1635 276 1829 333 CIRCA
1874 276 2279 332 MORIENTES.

3233 277 3403 333 ’1162

165 370 244 454 tio
266 372 621 453 condonetur.
657 395 778 449 Per.
812 391 1087 461 Prwfatio.
1136 390 1246 444 γι).
1294 364 1453 459 usque
1475 403 1571 458 per
1593 385 1731 459 Xpm
1762 394 1807 450 Α
1837 386 2085 454 adeptum
2124 400 2244 440 esse
2279 363 2507 450 gaudeat
2536 394 2591 437 et
2619 399 2739 439 cum
2776 386 2887 441 dics
2909 384 3098 457 judicii
3129 388 3406 446 advenerit

163 492 302 545 Dum
329 480 469 542 nrm.
514 487 569 542 lu
603 486 755 554 Cujus
787 484 1017 538 adventu
1049 497 1170 537 eum
1202 482 1485 551 genuinam
1509 479 1735 549 jusseris

162 580 362 634 sistere
411 577 644 648 plebem,
694 575 887 643 jubeas
932 573 1191 627 famulum
1242 579 1389 625 tuum
1437 584 1466 623 a
1511 582 1736 623 numero

162 669 398 725 discerni
430 668 715 730 malorum,
743 681 905 735 quem
936 664 1142 718 tribuas
1176 674 1349 731 paenae
1369 667 1588 713 teternae
1613 671 1738 712 eva-

160 762 294 817 dere
319 760 584 821 ﬂammas,
616 766 670 811 et
685 755 844 824 justm
868 755 1045 825 potius
1075 750 1299 822 adipisci
1327 750 1546 820 praemia
1572 748 1694 801 vita:
1720 764 1733 799 :

160 852 457 920 inducique
479 849 671 918 jubeas
700 848 909 902 devicta
937 853 1112 901 morte
1133 845 1395 913 vigorem,
1420 853 1737 909 semperque

160 942 519 997 incxtinctam
548 939 743 993 habere
772 937 988 992 luminis
1029 949 1236 990 auram.
1279 933 1512 1002 Dignare
1551 943 1738 1000 perpe-

159 1039 315 1085 tuam
350 1029 613 1100 praeclaro
640 1028 692 1081 in
721 1040 944 1095 corpore
990 1023 1228 1080 tribuere
1267 1023 1466 1084 vitam,
1510 1020 1599 1072 ubi
1631 1032 1735 1071 nox

158 1119 341 1173 nullas
371 1133 498 1172 suas
531 1116 770 1171 defendit
810 1123 957 1169 atras
1004 1114 1253 1168 tenebras
1295 1123 1519 1165 securus
1550 1109 1616 1162 de
1650 1121 1737 1161 sa-

158 1207 298 1272 lute,
330 1206 570 1277 placidus
614 1204 826 1259 laztetur
870 1204 923 1256 in
975 1203 1178 1257 honore
1222 1212 1434 1269 semper
1475 1198 1732 1260 victurus,

156 1313 488 1368 semperque
515 1298 568 1351 in
595 1296 715 1351 luce
749 1294 962 1349 futurus
986 1307 1082 1364 per
1102 1291 1261 1362 Xpm.

237 1388 393 1454 Infra
424 1395 526 1440 act.
560 1384 709 1439 Hanc
752 1385 914 1455 igitur
951 1383 1278 1438 oblationem
1316 1395 1477 1450 quam
1510 1377 1604 1433 tibi
1639 1393 1735 1448 pro

156 1482 349 1551 requie
380 1482 573 1535 animae
617 1479 802 1534 famuli
852 1480 926 1533 tui
971 1476 1265 1543 offerimus,
1301 1489 1605 1546 quaesumus
1634 1475 1734 1528 Do-

157 1572 313 1625 mine
337 1571 578 1638 placatus
611 1568 865 1637 accipias,
896 1576 950 1621 et
980 1575 1068 1621 tua
1099 1567 1299 1636 pietate
1339 1566 1605 1619 concedas
1629 1604 1644 1628 ,
1676 1570 1735 1616 ut

155 1657 513 1713 mortalitatis
542 1657 765 1712 nexibus
802 1656 1043 1711 absoluta
1075 1656 1217 1709 inter
1254 1652 1436 1708 fideles
1478 1662 1601 1708 tuos
1639 1666 1734 1706 an-

1841 490 1961 528 cum
1998 473 2213 528 Sanctis
2253 482 2307 528 et
2346 473 2532 528 electis
2578 475 2685 529 tuis
2713 491 2835 529 eum
2862 471 3172 533 resuscitari
3191 479 3404 546 jubeas.

1840 566 1961 621 Per.
1987 566 2207 635 Aperite
2230 565 2325 619 illi.
2361 565 2451 620 Ps.
2482 566 2824 620 Conlitemiui
2865 566 3110 623 Domino.
3157 568 3410 638 Sequitur

1843 657 2029 711 oratio.
2065 657 2205 711 Deus
2233 658 2372 724 apud
2397 671 2557 726 quem
2587 664 2917 712 mortuorum
2942 674 3172 728 corpora
3194 662 3406 724 vivunt,

1842 756 1896 801 et
1927 748 1978 801 in
2017 763 2126 816 quo
2164 748 2456 802 electorum
2501 750 2694 803 anima:
2737 749 2979 819 deposito
3025 750 3205 805 carnis
3242 764 3409 805 onere

1842 836 1994 906 plena
2028 837 2282 893 felicitate
2310 838 2594 904 laetantur;
2627 854 2816 907 preces
2845 839 2905 908 (ι.
2946 839 3163 912 praesta)
3205 839 3410 909 suppli-

1842 925 2089 981 cantibus
2115 927 2298 990 nohis,
2322 935 2379 979 ut
2401 928 2577 980 anima
2618 928 2804 983 famuli
2835 928 2943 994 tui,
2974 943 3094 1001 qua:
3128 927 3407 998 temporali

1842 1028 1937 1083 per
1963 1028 2159 1083 corpus
2188 1015 2345 1084 hujus
2371 1015 2590 1068 luminis
2633 1017 2807 1069 caruit
2847 1017 2962 1070 visu
2985 1054 3000 1078 ,
3033 1014 3409 1071 aetemevillius

1842 1103 1978 1159 lueis
2000 1104 2195 1159 solatio
2227 1104 2485 1173 potiatur.
2529 1104 2643 1158 Non
2670 1120 2793 1160 eum
2828 1115 3092 1161 tormenta
3124 1104 3410 1174 attingant,

1839 1211 1949 1250 non
1994 1195 2147 1251 dolor
2178 1195 2458 1251 horrenda:
2509 1196 2728 1252 visionis
2762 1195 2981 1260 inliciat,
3031 1209 3139 1250 non
3185 1193 3416 1263 pmnalis

1843 1289 2004 1343 timor
2032 1289 2335 1352 excruciet,
2382 1303 2487 1342 non
2535 1302 2747 1342 reorum
2796 1288 3040 1357 proxima
3066 1296 3258 1340 catena
3287 1299 3413 1339 con-

1842 1378 2089 1446 stringat,
2118 1377 2210 1431 sed
2239 1390 2491 1432 concessa
2519 1377 2835 1432 delictorum
2870 1377 3109 1430 omnium
3139 1375 3294 1429 venia
3319 1373 3415 1429 ob-

1844 1476 2002 1523 tenta:
2051 1466 2249 1536 quietis
2294 1477 2653 1537 consequatur
2702 1467 2894 1538 gaudia
2933 1465 3274 1536 repromissa.
3311 1461 3415 1517 Hic

1840 1559 2131 1631 deponatur
2156 1562 2209 1615 in
2235 1560 2546 1631 sepulcrum,
2577 1567 2624 1612 et
2645 1558 2786 1611 dicat
2812 1556 3073 1610 sacerdos.
3095 1555 3219 1608 Ant.
3250 1553 3416 1620 Egreo

1840 1653 1978 1708 diar.
2022 1652 2113 1707 Ps.
2145 1650 2627 1720 Quemadmodum.
2658 1649 2887 1704 Oremus
2923 1647 3120 1702 fratres
3148 1642 3416 1700 karissimi

156 1747 439 1802 munerari
484 1754 774 1801 mereatur.
807 1744 927 1801 Per.
976 1744 1144 1798 Tuam
1192 1744 1331 1798 Deus
1375 1742 1731 1812 deposcimus.
1766 1748 1810 1807 Β
1837 1760 1935 1814 pro
1963 1746 2156 1815 spiritu
2186 1743 2297 1798 cari
2326 1742 2519 1815 nostri,
2541 1756 2700 1811 quem
2734 1740 2991 1794 Dominus
3013 1740 3079 1793 de
3100 1738 3293 1808 laqueo
3313 1736 3415 1788 hu-

153 1839 246 1891 Ad
270 1836 472 1906 Compl.
501 1835 601 1891 Prs
632 1851 697 1905 qs
723 1849 880 1904 omps
922 1835 1064 1890 Deus
1090 1842 1151 1888 ut
1177 1835 1408 1888 animam
1445 1833 1632 1887 famuli
1663 1832 1738 1886 tui
1836 1833 1924 1903 jus
1956 1835 2136 1891 saeculi
2163 1834 2391 1889 liberare
2428 1832 2678 1903 dignatus
2716 1840 2801 1886 est
2820 1871 2834 1895 ,
2862 1831 3015 1900 cujus
3039 1825 3415 1896 corpusculum

150 1928 234 1981 ab
259 1925 466 1996 angelis
491 1936 793 1995 susceptam
820 1925 872 1978 in
892 1933 1196 1995 praeparata
1222 1923 1525 1978 habitacula
1552 1923 1739 1978 deduci

152 2015 335 2070 facias
358 2017 660 2070 beatorum.
684 2014 825 2067 Alia.
851 2016 1044 2068 Annue
1064 2013 1223 2069 nobis
1243 2013 1467 2069 Domine
1487 2021 1544 2066 ut
1563 2012 1743 2089 anima

153 2105 351 2159 famuli
382 2105 458 2160 tui
499 2104 870 2160 remissionem
917 2118 1080 2173 quam
1125 2119 1338 2174 semper
1379 2103 1587 2173 optavit
1629 2116 1745 2156 me-

153 2207 351 2254 reatur
379 2199 656 2270 percipere
692 2210 1063 2267 peccatorum.
1094 2199 1218 2254 Per.
1248 2200 1540 2268 Antequam
1572 2198 1742 2268 ipsum

152 2303 352 2357 corpus
374 2288 598 2342 elevatur
633 2288 774 2341 dicat
819 2288 1062 2343 sacerdos
1104 2294 1243 2342 orat'.‘
1277 2287 1528 2344 Oremus.
1559 2286 1744 2344 Omni-

153 2378 403 2448 potentis
440 2379 531 2433 Dei
561 2378 987 2434 misericordiam
1015 2379 1386 2450 deprecemur,
1413 2379 1565 2447 cujus
1593 2380 1741 2451 judi-

156 2469 254 2524 cio
282 2477 373 2524 aut
401 2469 715 2536 nascimur,
766 2480 858 2526 aut
901 2471 1137 2535 Iinimur,
1189 2478 1248 2525 ut
1289 2472 1538 2541 spiritum
1564 2470 1748 2526 fratris

158 2558 412 2628 (sororis)
443 2558 637 2624 nostri,
694 2573 853 2628 quem
922 2559 1133 2614 Domini
1184 2560 1358 2629 pietas
1405 2561 1472 2614 de
1509 2559 1745 2614 incolatu

158 2648 352 2700 mundi
381 2645 538 2716 hujus
559 2649 792 2703 transire
819 2649 1093 2718 pnecepit,
1117 2650 1331 2718 requies
1351 2658 1551 2703 mter-ua
1575 2648 1748 2703 susci-

159 2737 299 2805 piat,
330 2747 388 2791 ut
421 2753 543 2792 cum
578 2739 733 2793 beata
766 2742 1166 2795 resurrectione
1195 2750 1561 2810 repraesentet,
1594 2751 1649 2795 et
1694 2741 1745 2794 in

157 2828 374 2882 sinibus
411 2828 677 2894 Abrahae,
726 2829 875 2883 Isaac
906 2836 959 2883 et
984 2829 1149 2885 Jacob
1174 2829 1423 2885 collocari
1455 2838 1747 2894 mereatur,

156 2930 269 2987 per
291 2930 413 2970 eum
442 2917 530 2986 qui
564 2925 819 2971 venturus
850 2929 932 2973 est
952 2917 1198 2987 judicare
1230 2902 1379 2972 vivos
1404 2928 1457 2973 et
1485 2928 1745 2972 mortuos.

165 3006 324 3059 Tune
376 3005 590 3075 incipiat
654 3019 837 3061 cantor
886 3008 1290 3079 responsorium.
1344 3008 1399 3077 ιῆ.
1452 3007 1748 3063 Subvenite

1841 1925 2002 1982 hodie
2032 1924 2316 1994 sepultura:
2344 1923 2594 1986 traditur,
2639 1930 2698 1975 ut
2740 1936 2863 1975 eum
2910 1918 3119 1973 Domini
3160 1917 3332 1986 pietas
3362 1915 3415 1968 in

1842 2018 1964 2073 sinu
1990 2016 2246 2081 Abrahae,
2279 2015 2428 2070 Isaac
2473 2022 2530 2068 et
2569 2012 2737 2068 Jacoh
2768 2010 3035 2065 collocare
3063 2010 3330 2079 dignetur,
3366 2015 3421 2061 et

1841 2122 1964 2161 cum
1997 2104 2317 2175 diesjudicit
2349 2102 2630 2158 advenerit
2674 2101 2815 2155 inter
2863 2097 3092 2154 Sanctus
3128 2107 3183 2152 et
3220 2096 3421 2151 electos

1844 2211 1973 2253 suos
2013 2211 2138 2252 eum
2181 2196 2235 2250 in
2284 2202 2434 2265 parte
2462 2195 2678 2249 dextera
2706 2190 3074 2247 collocandum
3110 2188 3421 2244 resuscitari

1844 2288 2030 2345 faciat.
2065 2288 2365 2343 Prastante
2400 2286 2514 2341 Duo
2542 2299 2661 2341 ιιι-ο.
2701 2287 2824 2337 Aut.
2858 2284 2933 2338 De
2971 2292 3112 2336 terra
3141 2278 3422 2349 plasmasti

1845 2392 1952 2434 me.
1986 2376 2079 2431 Ps.
2127 2376 2352 2450 Domine
2394 2373 2633 2444 probasti
2670 2387 2775 2427 me.
2823 2371 3072 2441 Sequitur
3118 2377 3254 2423 orat.
3291 2367 3423 2421 Ore-

1845 2484 1986 2524 mus.
2015 2469 2158 2523 Deus
2186 2466 2275 2536 qui
2292 2465 2454 2533 justis
2477 2462 2957 2533 supplicationibus
2979 2474 3192 2528 semper
3224 2467 3423 2528 prmsto

1846 2575 1925 2625 es,
1956 2560 2049 2628 qui
2073 2559 2160 2628 pia
2190 2566 2312 2621 vota
2339 2556 2578 2624 dignaris
2608 2554 2828 2618 intueri,
2856 2556 2921 2606 da
2955 2550 3153 2605 famulo
3196 2559 3303 2615 tuo,
3336 2550 3421 2604 cui

1847 2649 2199 2720 depositionis
2235 2647 2396 2702 hodie
2434 2645 2606 2701 olllcia
2648 2659 2743 2714 per
2774 2642 3162 2697 humanitatem
3203 2639 3425 2695 exhibe-

1796 2728 1803 2733 ’
1850 2756 1991 2807 mus,
2021 2755 2141 2795 cum
2172 2738 2375 2795 sanctis
2398 2748 2557 2807 atque
2587 2736 2834 2792 fidelibus
2866 2734 2971 2788 tuis
3000 2732 3141 2787 beati
3186 2732 3424 2787 muneris

1847 2832 2170 2902 portionem.
2223 2829 2328 2885 Per
2362 2843 2485 2887 eum
2529 2828 2618 2897 qui
2665 2838 2808 2882 vent.
2865 2824 2989 2879 Haec
3036 2824 3250 2894 requies
3278 2837 3420 2878 mea.

1850 2922 1945 2979 Ps.
1974 2923 2242 2978 Memento
2270 2921 2511 2977 Domine.
2543 2919 2664 2977 Alia
2693 2918 2880 2972 oratio.
2912 2916 3162 2973 Dehitnm
3201 2916 3423 2971 humani

1851 3015 2095 3085 corporis
2122 3012 2414 3078 sepeliendi
2439 3010 2668 3067 ollicinm
2697 3010 2934 3066 fidelium
2968 3024 3118 3066 more
3151 3009 3423 3079 complen-

158 3098 356 3153 Sancti
384 3097 498 3153 Dei.
536 3099 591 3167 in
622 3098 895 3169 Suscipiat
943 3111 1010 3157 te.
1049 3100 1152 3155 Hic
1180 3101 1357 3155 dicant
1385 3101 1541 3156 simul
1571 3119 1745 3157 omnes
1772 3080 1820 3142 (ἶ
1855 3080 1966 3175 tes;
1988 3109 2150 3162 Deum
2183 3107 2268 3162 cui
2297 3105 2482 3161 omnia
2510 3104 2695 3158 vivunt
2718 3102 2944 3159 fideliter
2972 3102 3340 3174 deprecemur,
3366 3108 3429 3153 ut

159 3189 338 3260 Kyric
363 3189 564 3245 eleiscn
588 3198 684 3245 ter.
714 3189 962 3262 Sequitur
981 3193 1168 3245 oratio.
1193 3192 1437 3247 Oremus.
1472 3193 1636 3247 Deum
1661 3192 1749 3261 ju-

159 3281 345 3335 dicem
373 3279 764 3344 universitatis,
791 3279 956 3334 Deum
976 3280 1369 3345 coelestium,ct
1391 3283 1743 3347 terrestrium,

159 3379 223 3424 et
270 3368 621 3424 infernorum.
654 3369 818 3425 Deum
851 3350 1204 3441 deprecemur
1248 3386 1347 3440 pro
1396 3374 1588 3443 spiritu
1634 3376 1744 3429 cari

159 3459 365 3525 nostri,
397 3468 457 3513 ut
481 3474 602 3515 eum
635 3460 894 3516 Dominus
922 3461 974 3515 in
1000 3463 1239 3531 requiem
1271 3463 1537 3520 collocare
1561 3466 1746 3535 digne-

160 3558 259 3602 tur
305 3556 363 3603 et
407 3549 460 3602 in
505 3557 657 3618 parte
692 3548 880 3619 prima:
927 3551 1344 3606 resurrectionis
1394 3554 1741 3619 resnseitare,

159 3642 260 3713 qui
311 3651 587 3698 venturus.
637 3643 693 3714 ιῆ.
732 3632 1053 3714 Αιιιθιιιιιιω
1086 3659 1299 3699 nascer.
1340 3645 1394 3706 ὲ.
1444 3644 1742 3700 Commissa

160 3745 311 3786 mea.
341 3730 409 3784 Et
435 3733 609 3786 dicunt
645 3732 803 3786 simul
841 3732 1003 3803 Kyrie
1030 3732 1252 3788 eleison.
1281 3730 1527 3802 Sequitur
1554 3735 1741 3787 oratio.

160 3821 417 3879 Oremus.
457 3821 598 3879 Deus
623 3822 716 3905 qui
745 3823 1115 3878 universorum
1150 3836 1209 3877 es
1238 3832 1452 3878 creator
1485 3831 1540 3877 et
1562 3824 1746 3877 condi-

164 3922 277 3976 tor,
315 3912 426 3981 qui,
454 3927 576 3967 cum
606 3913 683 3967 sis
712 3912 1037 3969 Sanctorum
1058 3911 1355 3978 beatitudo,
1378 3922 1572 3982 praesta
1594 3913 1744 3968 nobis

160 4003 478 4072 petentibus
497 4011 557 4055 ut
581 4001 828 4072 spiritum
853 4002 1039 4057 fratris
1068 4002 1237 4057 nostri
1270 4016 1299 4055 a
1331 4002 1572 4072 corporis
1595 4003 1745 4058 nexi-

160 4094 270 4148 bus
299 4092 601 4149 absolutum
647 4095 701 4149 in
750 4094 1070 4150 Sanctorum
1102 4106 1313 4151 tuorum
1355 4096 1746 4151 resurrectione

161 4184 341 4240 facias
366 4186 704 4255 praesentari.
733 4183 857 4241 Per.

240 4277 526 4350 Postquam
563 4278 788 4334 elevetur
824 4290 1063 4335 cantetur
1102 4283 1204 4336 ista
1244 4284 1548 4351 antiphona.
1580 4285 1643 4338 Α.
1688 4285 1746 4340 Ιιι

160 4367 501 4439 paradisum.
528 4366 618 4423 Ps.
648 4366 728 4424 Ad
755 4380 806 4424 te
832 4371 1056 4427 Domine
1083 4371 1272 4427 levavi.
1310 4371 1513 4427 Oratio.
1542 4374 1742 4429 lnclina

161 4459 396 4514 Domine
436 4474 620 4515 aurem
667 4470 810 4516 tuam
841 4461 908 4517 ad
937 4477 1124 4534 preces
1156 4472 1388 4527 nostras,
1424 4464 1615 4533 quibus
1644 4467 1744 4519 mi-

158 4551 518 4608 sericordiam
545 4559 688 4606 tuam
714 4552 983 4624 supplices
1010 4554 1394 4623 deprecamur,
1421 4562 1479 4609 ut
1505 4555 1740 4629 animam

1851 3199 1953 3255 hoc
1981 3210 2176 3267 corpus
2212 3196 2325 3251 cari
2372 3194 2547 3250 nostri
2572 3210 2601 3247 a
2630 3193 2787 3250 nobis
2821 3193 2873 3248 in
2905 3193 3218 3248 inﬁrmitate
3244 3189 3424 3259 sepul-

1849 3301 1963 3347 tum
1988 3293 2042 3347 in
2065 3292 2254 3347 ordine
2283 3288 2606 3345 Sanctorum
2634 3303 2852 3344 suorum
2880 3288 3183 3351 resuscitet,
3223 3294 3278 3339 et
3309 3283 3426 3352 ejus

1848 3384 2096 3455 spiritum
2132 3382 2335 3438 sanctis
2379 3391 2435 3437 et
2480 3379 2724 3436 ﬁdelibtis
2764 3378 3041 3451 aggregari
3064 3376 3270 3448 jubeat,
3303 3390 3427 3429 cum

1846 3475 2042 3545 quibus
2070 3472 2419 3527 inenarrabili
2447 3472 2616 3541 gloria
2658 3470 2886 3541 perenni
2923 3469 3177 3524 feliéitate
3219 3465 3426 3538 perfrui

1846 3572 2137 3619 mereatur.
2163 3562 2287 3617 Per.
2312 3564 2435 3616 Aut.
2463 3561 2722 3631 Requiem
2749 3569 3026 3615 aeternam.
3060 3557 3145 3613 Ps.
3171 3557 3426 3612 Miserere

1847 3654 1951 3708 mei
1981 3652 2142 3708 Deus.
2169 3653 2290 3707 Alia
2331 3655 2520 3707 oratio.
2569 3651 2911 3706 Temeritatis
2936 3651 3152 3719 quidem
3192 3657 3275 3703 est
3317 3648 3426 3702 Do-

1846 3743 2010 3809 mine,
2039 3751 2098 3797 ut
2127 3744 2288 3797 homo
2314 3742 2586 3797 hominem
2606 3781 2621 3805 ,
2653 3740 2896 3796 mortalis
2931 3748 3197 3794 mortuum
3222 3777 3237 3803 ,
3286 3738 3424 3794 ciuis

1847 3833 2088 3887 cinerem
2115 3832 2207 3886 tibi
2239 3831 2353 3886 Duo
2382 3831 2490 3885 Deo
2526 3846 2625 3884 nro
2662 3830 2860 3885 audeat
2891 3830 3299 3894 commendare;
3327 3828 3423 3883 sed

1845 3922 1970 3991 quia
2007 3931 2149 3976 terra
2194 3920 2430 3990 suscepit
2477 3928 2675 3974 terram
2716 3927 2772 3974 et
2799 3918 2971 3990 pulvis
3007 3918 3341 3973 convertitur
3366 3918 3420 3970 iu

1845 4010 2155 4080 pulverem,
2191 4010 2360 4065 donec
2388 4010 2565 4064 omnis
2594 4024 2721 4063 caro
2749 4008 2800 4062 in
2831 4022 2981 4062 suam
3016 4008 3299 4078 redigatur
3315 4007 3427 4062 ori-

1846 4104 2022 4173 ginem
2056 4102 2178 4157 inde
2211 4111 2356 4156 tuam
2384 4102 2542 4166 Deus,
2575 4101 2813 4171 piissime
2838 4098 3029 4164 Pater,
3054 4098 3423 4170 lacrymabili-

1846 4208 1931 4255 ter
1964 4214 2293 4271 quaesumus,
2322 4198 2599 4269 pietatem,
2634 4206 2694 4252 ut
2734 4197 2894 4267 hujus
2944 4195 3131 4251 famuli
3177 4196 3253 4250 tui
3308 4196 3424 4251 ani-

1846 4306 2011 4354 mam,
2056 4306 2218 4360 quam
2263 4291 2328 4344 de
2357 4287 2515 4357 hujus
2543 4288 2724 4343 mundi
2753 4288 3010 4357 voragine
3042 4287 3192 4342 ducis
3224 4288 3290 4341 ad
3324 4302 3420 4357 pa-

1848 4382 2030 4449 triam,
2057 4382 2289 4435 Abrahae
2314 4381 2473 4436 amici
2507 4380 2579 4434 tui
2611 4380 2731 4435 sinu
2766 4380 2996 4450 recipias
3018 4380 3056 4449 -ι-
3080 4386 3132 4433 et
3157 4377 3422 4449 refrigerii

1846 4488 1967 4527 rore
1990 4472 2308 4541 perfundas,
2357 4473 2427 4527 sit
2454 4475 2522 4529 ab
2547 4474 2827 4528 aestuantis
2855 4475 3113 4544 gehennae
3155 4473 3291 4528 truci
3341 4473 3425 4526 in-
3460 4462 3465 4465 ⁷

1843 4563 2032 4617 cendio
2061 4572 2393 4632 segregatus,
2416 4572 2473 4618 et
2496 4564 2667 4618 beata:
2688 4565 2913 4632 requiei,
2942 4573 2992 4618 te
3013 4564 3265 4629 donante,
3291 4578 3420 4619 con-

158 4643 355 4698 famuli
386 4643 484 4709 tui,
516 4658 679 4713 quem
707 4645 771 4700 de
804 4646 906 4701 hoc
931 4645 1128 4701 saeculo
1164 4646 1398 4716 migrare
1430 4643 1656 4713 iussisti,
1688 4646 1739 4700 in
1835 4649 2076 4718 junctus.
2111 4651 2176 4704 Et
2202 4651 2250 4705 si
2279 4666 2398 4719 quae
2427 4650 2500 4704 illi
2530 4660 2672 4717 sunt,
2708 4651 2952 4716 Domine,
2978 4652 3150 4721 digna:
3177 4651 3403 4707 cruciati

155 4734 321 4805 pacis
348 4748 410 4788 ac
430 4733 568 4789 lueis
596 4734 814 4803 regione
840 4736 1161 4802 constituas,
1192 4746 1245 4791 et
1270 4736 1588 4792 Sanctorum
1622 4747 1740 4792 tun-

160 4838 289 4878 rum
330 4824 493 4879 coetui
530 4822 721 4893 iubeas
748 4839 868 4882 esse
896 4836 1220 4882 consortem.
1252 4826 1375 4881 Per.
1404 4825 1588 4880 Oratio
1625 4836 1744 4880 ante

160 4913 462 4984 sepulcrum
490 4917 796 4987 priusquam
838 4917 1135 4987 sepeliatur.
1182 4917 1428 4973 Oremus.
1484 4914 1743 4973 Obsecra-

163 5022 292 5062 mns
328 5008 755 5064 misericordiam
797 5016 944 5063 tuam
984 5019 1185 5064 teterne
1212 5009 1549 5079 omnipotens
1579 5007 1739 5073 Deus,

164 5099 262 5169 qui
293 5099 564 5154 hominem
590 5101 656 5154 ad
686 5101 971 5172 imaginem
1001 5108 1146 5156 tuam
1171 5115 1359 5157 creare
1387 5102 1636 5172 dignatus
1661 5117 1738 5167 es,

166 5195 229 5240 ut
264 5187 511 5255 spiritum
535 5196 590 5243 et
609 5189 844 5243 animam
871 5188 1057 5245 famuli
1086 5190 1162 5245 tui
1189 5205 1347 5260 quem
1375 5190 1634 5246 hodierna
1657 5191 1742 5245 die

166 5276 336 5331 rebus
372 5277 626 5333 humanis
658 5278 821 5334 eximi
876 5288 931 5334 et
982 5280 1049 5335 ad
1103 5289 1156 5334 te
1208 5280 1474 5335 accersire
1512 5278 1737 5348 jussisti,

167 5367 368 5423 blande
400 5376 456 5425 et
483 5369 908 5424 misericorditer
931 5370 1199 5440 suscipias
1222 5387 1328 5427 non
1375 5371 1424 5426 ei
1465 5372 1740 5427 dominen-

169 5469 264 5514 tur
292 5460 496 5515 umbraa
537 5445 730 5515 mortis
754 5500 768 5525 ,
800 5475 897 5516 nec
936 5469 1123 5532 tangat
1151 5475 1273 5515 eum
1298 5463 1463 5517 chaos
1488 5471 1544 5518 et
1569 5463 1742 5533 caligo

169 5547 543 5617 tenebrarum,
574 5552 668 5607 sed
707 5561 903 5607 exutus
942 5553 1183 5608 omnium
1224 5554 1510 5610 criminum
1542 5554 1658 5610 labe
1689 5557 1740 5610 in

172 5642 295 5698 sinu
335 5642 565 5699 Abrahae
608 5644 896 5700 collocatus
922 5644 1096 5701 locum
1127 5645 1261 5701 lucis
1290 5661 1354 5702 ac
1381 5645 1648 5718 refrigerii
1685 5662 1742 5703 se

525 5733 802 5798 Ρηιιοι..
835 5734 1242 5798 CXXXVIII.

1843 4741 1942 4795 bus
1971 4741 2159 4811 culpae,
2188 4751 2243 4796 tu
2269 4758 2362 4798 eas
2392 4743 2564 4815 gratia
2591 4743 2888 4797 mitissima:
2912 4743 3158 4800 lenitatis
3180 4745 3416 4818 indulge,

1841 4847 1943 4887 nec
1967 4834 2173 4902 peccati
2204 4835 2425 4904 recipiat
2450 4834 2640 4899 vicem,
2670 4835 2763 4890 sed
2784 4836 3130 4907 indulgentiae
3155 4847 3257 4894 tute
3278 4840 3424 4908 piam

1847 4926 2045 4979 sentiat
2072 4921 2390 4996 bonitatem,
2416 4941 2644 4996 cumque
2665 4927 2814 4982 linito
2844 4916 3032 4983 hmundi
3064 4930 3309 4995 termino,
3335 4945 3421 4984 su-

1848 5030 2076 5085 pernum
2107 5015 2315 5070 eunetis
2344 5015 2581 5070 illuxerit
2626 5031 2870 5087 regnum,
2915 5019 3154 5074 omnium
3184 5012 3423 5073 Sancto-

1850 5118 1970 5158 rum
2018 5104 2245 5160 cmtibus
2294 5118 2613 5177 aggregatus
2661 5122 2784 5161 cum
2843 5108 3031 5162 electis
3067 5115 3313 5175 resurgat
3366 5105 3418 5158 in

1848 5202 2002 5263 parte
2028 5195 2248 5248 dextera
2295 5197 2647 5250 coronandus.
2693 5195 2814 5250 Per.
2851 5196 2993 5249 Alia.
3043 5193 3158 5247 Tibi
3194 5192 3419 5247 Domine

1848 5288 2286 5343 commendamus
2319 5290 2551 5344 animam
2584 5290 2768 5346 famuli
2804 5291 2903 5356 tui,
2931 5299 2989 5344 ut
3010 5288 3292 5345 defunctus
3316 5302 3421 5343 sa»

1847 5367 1968 5434 culo
2000 5380 2095 5434 tibi
2116 5381 2293 5447 vivat,
2320 5390 2376 5436 et
2417 5384 2461 5439 si
2506 5398 2609 5452 qua
2639 5399 2736 5453 per
2761 5382 3109 5450 fragilitatem
3139 5374 3422 5435 mundanae

1848 5472 2270 5528 conversationis
2296 5482 2515 5543 peccata
2547 5475 2780 5537 admisit,
2822 5482 2879 5527 tu
2913 5471 3068 5527 venia
3116 5470 3422 5525 misericor-

1849 5560 2083 5616 dissima:
2112 5562 2330 5633 pietatis
2360 5563 2605 5635 absterge
2653 5563 2771 5618 Per.
2805 5562 2946 5617 Alia.
2971 5562 3250 5617 lnveniant
3272 5574 3421 5632 quae-

1848 5666 2030 5707 sumus
2073 5652 2296 5710 Domine
2362 5654 2554 5708 animae
2613 5653 2935 5709 famulorum
2990 5652 3420 5723 famularumque

2910 5747 2987 5807 37
