3962 5386
509 320 646 376 “65

510 538 594 578 nas
620 520 970 583 consortium,
994 516 1082 588 qui
1115 515 1166 569 in
1194 514 1297 570 hac
1319 513 1436 566 luce
1455 511 1613 582 positi
1638 519 1782 563 tuum
1805 507 2075 564 consecuti

512 621 638 668 sunt
679 616 1094 666 sacramentum.
1132 605 1270 658 Alia.
1318 602 1606 671 Multiplica
1652 599 1878 655 Domine
1917 613 2077 667 super

512 705 721 758 animas
764 699 1084 755 famulorum
1131 694 1559 762 famularumque
1601 701 1812 745 tuarum
1861 688 2073 744 miseri—

511 794 748 848 cordiam
797 800 941 845 tuam
981 797 1034 844 et
1093 787 1286 856 quibus
1341 784 1549 840 donasti
1595 781 1842 852 baptismi
1889 794 2073 834 sacra-

511 892 750 937 mentum
775 881 840 935 da
868 879 948 934 eis
975 886 1294 932 aeternorum
1325 873 1704 944 plenitudinem
1738 871 2072 938 gaudiorum.

509 971 631 1026 Per.
679 969 822 1024 Alia.
871 968 1086 1022 Partem
1129 967 1300 1020 beata:
1350 961 1758 1018 resurrectionis
1805 960 2078 1022 obtineat,

511 1063 784 1130 vitamque
834 1067 1086 1114 attentam
1136 1064 1443 1110 mereantur
1473 1053 1526 1106 in
1553 1051 1722 1106 cmlis.
1756 1050 1858 1105 Per
1888 1058 1940 1103 te
1977 1048 2080 1102 .lhu

509 1153 642 1221 Xpe.

578 1319 643 1372 In
667 1320 843 1372 eodem
875 1317 1049 1370 codice
1083 1316 1398 1370 bibliotheca:
1429 1313 1562 1368 Ca's.
1603 1311 1826 1366 Vindob.
1861 1311 1949 1380 qui
1977 1310 2075 1378 fuit

509 1409 629 1461 olim
658 1408 956 1461 monasterii
983 1405 1041 1460 S.
1069 1405 1412 1475 Margarethaa
1436 1405 1490 1457 in
1523 1403 1652 1456 silva
1676 1401 1843 1472 Nigra
1871 1401 1963 1454 sub
1989 1401 2072 1452 tit.

509 1499 562 1550 in
609 1497 810 1567 agenda
843 1504 1177 1550 mortuorum
1217 1494 1435 1548 habetur
1460 1494 1680 1562 amcium
1709 1491 1835 1559 deﬂ'.
1864 1489 2074 1543 omnino

509 1597 563 1642 ut
590 1586 741 1640 hodie
776 1586 988 1660 obtinet,
1026 1594 1242 1640 tantum
1263 1584 1400 1653 quod
1435 1599 1571 1636 nona
1603 1582 1752 1635 lectio
1778 1597 1879 1634 non
1908 1580 1974 1633 sit
2010 1595 2075 1632 ea:

508 1677 624 1740 Job,
663 1678 750 1731 sed
780 1676 928 1730 lectio
956 1675 1184 1743 epistolae
1221 1675 1282 1730 Β.
1331 1674 1486 1728 Pauli
1524 1691 1608 1743 ap.
1655 1675 1723 1726 ad
1769 1671 2071 1726 Tltessalon.

1321 307 1608 364 APPEND.
1650 309 1738 362 AD
1770 307 1942 363 SEC.
1985 307 2052 361 Χ.
2080 336 2145 345 -
2169 301 2593 360 ΜΟΝΕΜΕΝΤΑ
2635 301 2908 358 LITURG.

507 445 723 488 tuarum
751 429 992 486 omnium
1021 427 1073 481 in
1104 423 1317 480 Christo
1345 420 1734 490 quiescentium
1766 418 1896 472 lucis
1917 426 2075 472 zeter-
2107 424 2153 479 Α
2182 413 2400 468 Fratres
2429 412 2676 468 nolumus
2698 427 2793 465 vos
2817 413 3063 481 ignorare
3086 410 3151 464 de
3179 411 3353 466 dorm.
3400 449 3415 463 .
3462 449 3477 462 .

3619 302 3751 357 i161

3523 449 3539 464 .
3578 411 3753 480 itaque

2179 503 2528 560 consulamini
2557 503 2784 556 invicem
2816 503 2868 556 in
2900 502 3080 558 verbis
3109 503 3244 556 istis.

2248 592 2301 656 ἢ.
2333 592 2526 646 Libera
2555 606 2640 645 me
2669 590 2892 645 Domine
2919 591 2984 644 de
3013 592 3113 644 viis
3142 591 3360 645 inferni.

2251 679 2316 733 In
2345 679 2614 733 matutinis
2636 677 2859 731 Laudib.
2898 675 2988 730 Ps.
3017 679 3289 734 Miserere.

2252 768 2372 821 Ant.
2398 768 2656 836 Requicm
2685 776 2941 821 aeternam
2988 767 3125 820 dona
3168 768 3250 822 eis
3299 769 3555 833 Domine,
3593 778 3645 824 et
3672 770 3758 824 lux

2322 866 2572 926 perpetua
2603 857 2774 910 luceat
2800 857 2899 910 eis.

2252 948 2370 1001 Ant.
2413 947 2487 1002 Ne
2519 948 2688 1002 intres
2719 949 2770 1001 in
2793 946 3054 1016 judicium
3088 964 3210 1003 cum
3239 963 3400 1004 servo
3430 959 3528 1003 tuo
3557 949 3690 1002 Due.

2256 1041 2344 1094 Ps.
2379 1042 2601 1095 Domine
2623 1042 2838 1096 exaudi.

2257 1131 2312 1183 Il.
2347 1134 2468 1184 Ant.
2502 1130 2583 1185 Me
2607 1132 2845 1200 suscepit
2872 1131 3090 1185 dextera
3121 1140 3208 1184 tua
3241 1131 3494 1186 Domine.

2259 1220 2350 1274 Ps.
2385 1223 2524 1276 Deus
2554 1220 2692 1276 Deus
2727 1236 2898 1275 meus.

2249 1312 2370 1363 Aut.
2402 1310 2600 1364 Eruisti
2633 1310 2854 1365 Domine
2879 1311 3115 1365 animam
3139 1326 3316 1364 meam
3341 1325 3409 1364 ne
3435 1309 3666 1379 periret.

2251 1398 2340 1452 Ps.
2375 1398 2484 1467 Ego
2521 1398 2630 1451 dixi
2667 1407 2772 1451 etc.

2249 1490 2370 1544 Ant.
2403 1489 2593 1544 Omnis
2625 1490 2849 1558 spiritus
2875 1489 3056 1543 laudet
3084 1489 3394 1543 Dominum.

2250 1579 2338 1632 Ps.
2372 1579 2611 1633 Laudate
2639 1590 2744 1633 etc.
2783 1579 2835 1646 ᾗ.
2868 1578 3126 1648 Requiem
3154 1587 3433 1632 aeternam.

2248 1670 2313 1724 In
2344 1669 2590 1740 Evangel.
2625 1671 2748 1723 Ant.
2795 1669 2906 1740 Ego
2931 1684 3047 1723 sum
3086 1669 3414 1724 resurrectio
3439 1677 3497 1723 et
3521 1677 3634 1722 vita
3659 1678 3762 1722 etc.

1310 2023 1970 2118 EXPOSITIO
2043 2026 2332 2116 SUPE
2354 2028 2420 2112 Β
2491 2024 2965 2114 MISSAM.

1372 2237 1493 2316 (Ea:
1525 2236 1662 2296 eod.
1703 2234 2128 2297 Et'nsidlensis
2167 2241 2434 2294 monast.
2474 2253 2608 2294 stre.
2649 2252 2689 2294 Χ
2723 2236 2901 2307 circ.)

581 2574 834 2629 Dominus
867 2571 1144 2625 vobiscum.
1177 2567 1385 2623 Salutat
1417 2568 1678 2624 Sacerdos
1707 2569 1955 2639 pOpultun
1978 2610 1992 2633 ,
2023 2578 2077 2625 et
2107 2559 2154 2620 Β
2187 2572 2466 2626 Dominum
2510 2587 2568 2626 se
2615 2587 2736 2626 esse
2775 2572 3061 2626 intentum.
3095 2571 3321 2643 Dignum
3352 2585 3399 2628 et
3423 2588 3637 2644 justum
3667 2592 3762 2633 est.

510 2674 650 2731 orat,
682 2672 740 2718 ut
770 2661 1026 2717 Dominus
1063 2660 1132 2716 sit
1175 2675 1294 2716 cum
1338 2661 1446 2714 illo.
1481 2660 1547 2713 Et
1593 2677 1708 2714 cum
1751 2662 1937 2730 spiritu
1968 2671 2076 2715 tuo.

514 2755 810 2826 Responsio
829 2754 1011 2826 populi
1033 2763 1195 2823 atque
1221 2753 1414 2817 oratio,
1439 2762 1497 2806 ut
1515 2752 1656 2807 sicut
1683 2752 1946 2808 Sacerdos
1968 2768 2083 2808 ora-

510 2847 608 2910 vit,
637 2845 777 2914 quod
811 2843 1070 2898 Dominus
1099 2852 1242 2896 esset
1269 2857 1388 2895 cum
1425 2841 1638 2910 populo,
1674 2842 1745 2894 ita
1777 2851 1830 2896 et
1857 2842 2083 2911 populus

513 2945 654 3001 orat,
684 2934 825 3006 quod
856 2933 1115 2988 Dominus
1135 2933 1347 2988 sitcum
1376 2933 1563 3002 spiritu
1593 2933 1920 2990 Sacerdotis.
1945 2933 2080 2987 Dum

509 3026 639 3080 dicit
667 3024 953 3090 Sacerdos,
983 3040 1209 3087 oremus,
1249 3033 1417 3091 rogat,
1448 3038 1634 3078 omnes
1666 3039 1843 3089 orare,
1878 3032 1934 3081 ut
1963 3039 2082 3078 ora-

511 3114 586 3168 tio
628 3113 745 3182 ejus
789 3128 819 3166 a
864 3113 1089 3168 Domino
1123 3111 1460 3165 exaudiatur.
1508 3111 1572 3164 Et
1598 3113 1812 3179 quando
1839 3113 1968 3168 dicit
1993 3130 2083 3182 per

516 3203 791 3257 Dominum
816 3211 1050 3256 nostrum
1072 3197 1252 3254 Iesum
1282 3199 1548 3254 Christum
1581 3198 1626 3251 F
1632 3199 1779 3252 ilium
1805 3211 1980 3265 tuum,
2016 3201 2081 3254 ad

514 3298 794 3352 Dominum
844 3294 1060 3350 Patrem
1109 3304 1229 3348 orat
1279 3293 1576 3358 Sacerdos,
1633 3301 1690 3346 ut
1744 3309 1840 3363 per
1887 3293 2080 3348 Filium

511 3401 668 3440 suum
699 3385 787 3453 qui
816 3383 1070 3438 Dominus
1102 3391 1282 3437 noster
1318 3390 1400 3436 est
1430 3382 1706 3450 arqualiter
1731 3382 1868 3436 sicut
1894 3381 2078 3447 Pater,

509 3473 680 3528 oratio
704 3471 1031 3544 perﬁciatur.
1057 3471 1189 3525 Cum
1218 3463 1384 3526 dicit:
1420 3471 1508 3540 qui
1552 3482 1726 3525 tecum
1758 3471 1885 3524 vivit
1915 3479 1968 3525 et
1996 3487 2084 3526 rc-

507 3572 635 3633 gnat
680 3563 820 3618 Deus
863 3563 916 3616 in
961 3563 1168 3615 unitate
1195 3561 1429 3631 Spiritus
1460 3560 1658 3623 sancti,
1689 3561 1800 3614 vult
1830 3560 2080 3631 populum

510 3656 762 3719 credere,
805 3663 858 3708 et
903 3653 1220 3724 intelligere,
1266 3653 1406 3721 quod
1437 3652 1601 3707 Filius
1627 3669 1749 3708 cum
1781 3653 1938 3708 Patre
1965 3655 2082 3708 sine

511 3745 688 3811 initio,
715 3760 780 3800 ac
810 3745 925 3799 sine
956 3744 1059 3798 line
1087 3743 1235 3808 vivit,
1264 3752 1318 3797 et
1345 3752 1563 3810 regnat;
1592 3751 1644 3796 et
1672 3743 1812 3797 Deus
1836 3752 1916 3797 est
1945 3744 2084 3797 sicut

509 3834 687 3890 Pater.
729 3836 870 3890 Deus
899 3843 999 3901 est,
1033 3843 1086 3887 et
1117 3849 1218 3887 una
1246 3843 1486 3904 potestas
1511 3843 1595 3888 est
1638 3834 1862 3904 Spiritui
1893 3844 2082 3889 sancto

509 3940 629 3980 cum
662 3925 843 3990 Patre,
867 3933 920 3978 ct
942 3923 1101 3989 Filio,
1134 3933 1294 3993 atque
1323 3940 1425 3978 una
1451 3925 1772 3989 substantia,
1803 3935 1857 3980 et
1887 3926 1937 3979 in
1969 3941 2083 3979 om-
2110 3909 2153 3969 C

511 4018 668 4073 nibus
697 4018 875 4072 unitas
904 4016 1148 4072 Deitatis.
1182 4014 1285 4069 Per
1309 4015 1487 4070 omnia
1515 4015 1710 4070 saecula
1740 4014 2079 4078 saeculorum,

506 4110 562 4164 id
588 4119 690 4174 est,
722 4116 781 4162 ut
809 4107 976 4162 Filius
1005 4123 1125 4162 cum
1155 4106 1316 4160 Patre
1345 4101 1396 4159 in
1423 4105 1629 4159 unitate
1653 4105 1887 4174 Spiritus
1912 4106 2082 4158 sancti

507 4200 648 4255 sicut
677 4208 802 4253 ante
830 4197 1010 4251 omnia
1039 4195 1232 4251 saecula
1265 4195 1317 4248 in
1350 4193 1560 4248 Deitate
1588 4193 1748 4258 vixit,
1779 4203 1834 4248 et
1860 4192 1978 4260 fuit,
2012 4195 2081 4248 ita

507 4299 561 4345 et
591 4290 644 4343 in
674 4287 926 4357 praesenti
957 4285 1173 4350 saeculo,
1196 4293 1357 4353 atque
1385 4285 1440 4338 in
1465 4284 1664 4350 futuro,
1688 4285 1775 4340 ubi
1800 4286 1928 4356 justi
1961 4302 2083 4340 cum

509 4375 717 4444 angelis
745 4373 947 4428 sanctis
977 4368 1391 4443 permanebunt,
1431 4382 1485 4427 et
1518 4373 1703 4444 injusti
1731 4390 1852 4430 eum
1881 4376 2081 4430 daemo-

509 4468 669 4522 nibus
711 4465 1115 4521 cruciabuntur.
1144 4463 1409 4521 Credatur
1446 4465 1724 4535 :equaliter
1753 4468 1930 4523 vivere
1961 4483 2082 4522 cum

508 4559 669 4614 Patre
691 4567 745 4614 et
768 4557 970 4628 Spiritu
995 4566 1200 4622 sancto,
1229 4564 1284 4611 et
1306 4556 1452 4611 nullo
1480 4556 1585 4611 line
1607 4555 1871 4612 concludi.
1897 4559 2080 4612 Amen.

508 4651 860 4707 Contirmatio
890 4651 1149 4707 orationis
1178 4659 1262 4706 est
1293 4666 1321 4704 a
1345 4651 1572 4722 populo,
1604 4660 1657 4707 et
1687 4652 1738 4706 in
1767 4663 1946 4707 nostra
1982 4654 2082 4708 lin-

444 4789 446 4791 ,
509 4756 615 4812 gua
651 4741 872 4812 intelligi
902 4749 1100 4810 potest,
1129 4739 1286 4810 quasi
1317 4754 1504 4795 onmes
1533 4741 1736 4806 dicant,
1768 4751 1826 4794 ut
1853 4741 1925 4795 ita
1956 4741 2082 4807 ﬁat,

507 4832 650 4885 sicut
679 4829 942 4886 Sacerdos
965 4831 1159 4886 oravit.
1186 4829 1291 4886 Sed
1316 4831 1530 4901 propria
1561 4828 1674 4899 ejus
1718 4833 2084 4902 interpretatio

507 4931 591 4977 est
614 4937 758 4988 vere,
788 4922 900 4979 sive
925 4922 1174 4977 ﬁdeliter.
1204 4922 1427 4978 Sursum
1456 4924 1635 4976 corda.
1667 4922 1953 4978 Ammonet
1981 4925 2082 4979 Sa-

509 5015 697 5071 cerdos
722 5014 1000 5087 populum,
1021 5023 1083 5070 ut
1103 5031 1336 5081 sursum,
1361 5015 1412 5069 id
1433 5025 1531 5078 est,
1559 5029 1719 5084 supra
1741 5017 2083 5085 semetipsum

512 5104 582 5179 ad
615 5105 899 5159 Dominum
925 5105 1348 5174 omnipotentem
1378 5103 1538 5158 corda
1561 5103 1758 5171 levent,
1782 5114 1835 5159 et
1858 5104 2087 5160 ﬁdeliter

510 5204 688 5259 orent,
724 5194 868 5266 quod
915 5196 1198 5251 desursum
1245 5195 1342 5250 eis'
1372 5195 1553 5248 veniat
1596 5195 1853 5248 auxilium
1901 5210 1931 5248 a
1976 5195 2086 5250 Deo

512 5282 747 5348 emicsti,
794 5301 826 5340 a
869 5301 976 5356 quo
1001 5286 1168 5342 creati
1198 5293 1342 5341 sunt.
1385 5283 1652 5338 Habemus
1678 5285 1745 5336 ad
1781 5283 2082 5339 Dominum.

514 5367 582 5386 τὶ.
633 5384 648 5386 ..
762 5374 774 5386 ο
1085 5375 1118 5386 ιι
1297 5372 1312 5386 ε
1381 5373 1393 5384 ο
1473 5381 1483 5386 -
1519 5370 1551 5386 η

2180 2658 2414 2728 Populus
2443 2675 2564 2714 cum
2607 2658 2900 2714 Sacerdote
2929 2660 3086 2714 simul
3122 2661 3326 2732 gratias
3354 2663 3465 2731 agit
3497 2664 3765 2731 Domino,

2181 2751 2307 2820 quia
2355 2750 2499 2820 justa
2539 2759 2592 2804 et
2619 2750 2777 2820 digna
2823 2751 2962 2805 ratio
3002 2760 3085 2806 est
3123 2751 3234 2807 Deo
3274 2754 3479 2823 gratias
3526 2755 3761 2819 referre,

2180 2843 2307 2911 quia
2338 2843 2406 2897 ab
2437 2843 2552 2912 ipso
2577 2843 2754 2896 omnia
2787 2843 2924 2896 bona
2963 2845 3318 2912 suscepimus.
3375 2843 3506 2899 Vere
3547 2849 3762 2916 dignust

2180 2943 2228 2988 et
2249 2934 2452 3003 justum
2476 2945 2572 2998 est,
2597 2949 2801 3003 (equum
2822 2945 2868 2987 et
2890 2933 3142 2987 salutare.
3169 2933 3468 2989 Continuat
3495 2935 3766 2991 Sacerdos

2180 3022 2562 3094 professionem
2593 3024 2792 3093 populi,
2827 3032 2882 3078 et
2910 3024 3059 3088 dicit,
3091 3024 3234 3093 quod
3263 3039 3388 3079 vere
3411 3026 3635 3096 dignum
3657 3037 3761 3091 est,

2181 3122 2236 3168 et
2253 3112 2456 3182 justum
2491 3113 2596 3167 Deo
2627 3114 2829 3184 gratias
2856 3129 2953 3182 pro
2981 3115 3230 3170 omnibus
3253 3113 3490 3182 referre,
3528 3124 3584 3169 et
3623 3119 3763 3184 quod

2183 3219 2394 3273 aequum
2440 3212 2556 3268 est,
2591 3203 2691 3256 hoc
2724 3211 2838 3267 est,
2881 3211 3084 3256 rectum
3117 3203 3229 3257 sive
3259 3202 3464 3271 aequale
3493 3203 3762 3266 salutare,

2183 3294 2235 3347 id
2280 3303 2364 3347 est
2410 3292 2579 3347 salute
2606 3292 2854 3362 plenum,
2889 3301 2944 3345 ut
2975 3292 3023 3346 ei
3060 3292 3260 3363 gratias
3301 3293 3640 3358 referamus,
3671 3296 3762 3363 qui

2183 3383 2337 3437 nobis
2369 3382 2598 3437 Salutem
2639 3382 2785 3437 dedit
2826 3392 3102 3438 mternam.
3153 3379 3267 3437 Nos
3305 3384 3396 3437 tibi
3437 3401 3672 3454 semper,
3714 3396 3762 3438 et

2185 3475 2368 3543 ubique
2397 3475 2593 3544 gratias
2625 3489 2795 3543 agere.
2835 3474 3139 3528 Conversus
3175 3474 3446 3529 Sacerdos
3474 3474 3540 3528 ad
3583 3476 3763 3531 Domi-

2183 3581 2311 3618 num
2355 3572 2476 3635 post
2517 3563 2909 3635 professionem
2952 3565 3127 3635 populi
3167 3566 3319 3634 quasi
3345 3568 3412 3620 ad
3441 3578 3762 3635 praesentem

2185 3655 2452 3723 loquitur,
2487 3655 2610 3724 quia
2648 3655 2698 3707 in
2733 3655 3017 3724 praesentia
3053 3655 3259 3709 Domini
3292 3671 3510 3726 semper
3539 3673 3762 3724 sumus,

2182 3753 2234 3798 et
2263 3743 2373 3813 ipse
2407 3743 2548 3796 videt
2574 3744 2924 3811 cogitationes
2959 3755 3204 3809 nostras;
3239 3755 3293 3799 et
3329 3745 3461 3799 dicit
3498 3744 3764 3802 Sacerdos

2187 3840 2294 3886 tam
2339 3832 2404 3885 de
2448 3847 2537 3897 se,
2565 3847 2725 3901 quam
2755 3834 2820 3886 de
2849 3833 3062 3903 papulo.
3107 3833 3213 3888 Nos
3251 3833 3346 3888 tibi
3386 3850 3634 3904 semper,
3666 3839 3764 3892 hoc

2185 3936 2266 3982 cst
2288 3967 2301 3988 ,
2339 3926 2484 3980 omni
2531 3937 2789 3994 tempore,
2818 3937 2872 3980 et
2899 3927 3118 3996 ubique,
3149 3927 3198 3981 id
3224 3935 3336 3994 est,
3367 3928 3418 3981 in
3448 3930 3596 3982 omni
3627 3929 3760 3984 loco.

2185 4017 2400 4072 Gratias
2429 4032 2610 4087 agere,
2643 4017 2877 4081 Domine,
2910 4018 3034 4086 quia
3061 4017 3363 4072 dominator
3392 4029 3476 4073 est
3499 4019 3761 4083 omnium,

2185 4116 2238 4160 et
2268 4107 2367 4161 sub
2399 4106 2515 4176 ejus
2543 4106 2908 4160 dominatione
2943 4106 3121 4160 omnia
3151 4115 3295 4160 sunt.
3326 4105 3538 4170 Sancte,
3568 4118 3647 4174 tu,
3673 4107 3760 4177 qui

2185 4207 2401 4252 sanctus
2430 4211 2524 4262 es,
2569 4205 2624 4250 et
2668 4211 2764 4264 per
2803 4211 2961 4266 quem
2990 4197 3170 4251 omnia
3213 4206 3400 4253 saneta
3447 4208 3596 4260 sunt,
3638 4201 3762 4269 quia

2185 4289 2322 4342 bona
2353 4297 2407 4342 et
2438 4296 2622 4342 sancta
2650 4288 2867 4343 creasti.
2918 4285 3096 4341 Pater.
3129 4287 3301 4342 Grece
3330 4289 3530 4342 dicitur
3571 4289 3759 4354 Pater,

2183 4385 2239 4430 et
2268 4377 2432 4431 latine
2461 4377 2703 4446 genitor,
2749 4377 2873 4447 quia
2905 4377 3018 4447 ipse
3049 4379 3232 4446 genuit
3269 4377 3462 4432 Filium
3509 4380 3630 4434 sine
3660 4381 3760 4434 ulla

2185 4468 2641 4538 coinquinatione,
2673 4483 2764 4523 seu
2798 4467 3158 4537 corruptione.
3194 4469 3368 4528 Pater,
3412 4468 3580 4524 latine
3616 4486 3646 4523 a
3675 4487 3763 4541 pa-

2187 4559 2377 4612 trando
2421 4558 2648 4622 dicitur,
2689 4559 2788 4612 hoc
2829 4567 2942 4619 est,
2979 4575 3008 4610 a
3040 4559 3421 4630 perpetrando,
3453 4561 3598 4628 quod
3625 4570 3709 4614 est
3733 4576 3763 4613 a

2183 4650 2541 4720 perﬁciendo,
2592 4649 2706 4702 sive
2754 4649 2821 4702 ab
2870 4649 3190 4719 adjuvando.
3229 4650 3353 4714 quia
3380 4650 3496 4720 ipse
3541 4652 3763 4721 perfecit

2182 4752 2382 4800 omnia,
2409 4752 2529 4805 quae
2559 4735 2700 4792 faeta
2737 4749 2880 4800 sunt,
2908 4750 2964 4791 et
2993 4736 3156 4793 voluit
3193 4751 3292 4794 nos
3323 4739 3464 4795 tilios
3495 4756 3626 4795 suos
3651 4742 3759 4795 lieri

2185 4827 2486 4897 adoptionis
2509 4842 2604 4896 per
2625 4828 3125 4891 sanetilicationem,
3153 4831 3277 4899 quia
3303 4830 3390 4885 ille
3410 4832 3763 4887 sanetilicavit

2187 4934 2302 4972 nos.
2332 4917 2689 4987 Omnipotens.
2716 4920 2979 4986 Quoniam
3010 4922 3187 4976 omnia
3216 4930 3411 4990 potest.
3442 4922 3568 4978 Ideo
3593 4927 3759 4978 omni-

2184 5013 2374 5077 potens
2417 5008 2652 5062 dicitur:
2701 5019 2754 5064 et
2796 5027 2903 5064 non
2945 5020 3028 5066 est
3064 5012 3390 5082 impossibile
3415 5015 3556 5084 apud
3596 5014 3757 5069 Deum

2186 5113 2344 5153 otnne
2367 5101 2610 5154 verbum.
2640 5100 2862 5154 literne
2887 5101 3047 5156 Deus.
3075 5100 3187 5157 lloc
3209 5112 3291 5158 est
3317 5104 3458 5159 inter
3480 5114 3754 5172 aeternum,

2188 5201 2244 5246 et
2273 5193 2584 5262 temporale,
2617 5203 2670 5248 et
2701 5202 3033 5264 perpetuum.
3063 5195 3343 5251 Eternum
3372 5206 3473 5258 est,
3500 5199 3640 5267 quod
3664 5197 3757 5250 ini-

2191 5283 2323 5336 tium
2355 5298 2461 5338 non
2492 5284 2696 5350 habuit,
2719 5301 2817 5339 nec
2838 5285 2998 5340 linem
3026 5286 3263 5352 habebit,
3290 5289 3382 5341 sed
3407 5303 3623 5358 semper
3644 5289 3754 5349 fuit,
