3962 5386
95 352 124 405 1
145 348 247 406 165

1233 344 1594 402 ΕΧΡΟΞΙΤΙΟ
1632 343 1858 401 SUPER
1897 345 2168 402 MISSMI.

3230 338 3359 394 “66

90 466 271 537 etrapit
298 478 570 530 esse,-nec
593 463 789 519 desinit
817 477 957 529 esse,
988 462 1081 518 sed
1109 470 1191 517 est
1219 464 1450 532 semper.
1481 460 1624 513 Deus
1651 475 1680 514 a
1712 466 1759 524 Α
1787 460 2108 532 supplicatio
2135 466 2346 526 nostra,
2373 467 2435 513 ut
2476 458 2589 529 ipse
2618 457 2855 517 caelestis
2885 457 3047 514 Pater
3082 471 3182 531 per
3208 457 3364 515 Chri-

89 557 378 629 diligendo
418 557 640 621 dtcitur,
670 557 796 625 quia
842 555 1021 610 omnia
1057 554 1252 624 diligit,
1302 563 1353 610 et
1394 554 1680 625 gubernat,

86 665 224 718 qum
252 649 477 703 creavit.
517 646 585 702 Et
616 647 773 702 aliter
805 646 950 702 Deus
979 662 1009 702 a
1054 647 1334 702 divinitate
1362 646 1539 700 dictus
1567 654 1648 698 est
1667 686 1680 708 ,

1789 560 1930 605 stum
1961 550 2156 605 Filium
2185 564 2363 613 suum,
2395 563 2492 618 per
2519 562 2680 617 quem
2717 563 2815 603 nos
2840 548 2888 603 ei
2920 549 3123 618 gratias
3152 548 3219 603 de
3246 564 3365 603 om-

1788 641 1947 695 nibus
1987 641 2216 711 agimus,
2246 639 2494 711 dignetur
2522 638 2807 693 admittere
2836 652 2996 693 voces
3037 647 3279 702 nostras,
3310 646 3364 692 et

86 741 228 811 quia
258 741 470 796 divinus
511 748 629 804 εει,
668 747 721 794 ει
764 740 942 795 omnia
989 739 1179 794 dividit
1216 747 1376 808 prout
1402 736 1532 792 vult.
1580 734 1687 790 Per
1779 726 2006 800 iungere
2045 729 2268 783 vocibus
2308 727 2689 798 praedictorum
2732 726 2983 782 ordinum
3022 728 3361 795 angelorum.

84 829 368 884 Christum
401 829 679 885 Dominum
710 839 965 884 nostrum.
991 827 1240 884 Christus
1268 842 1459 899 graece.
1491 838 1683 882 unctus

83 923 299 977 dicit-ur
344 920 528 975 latine.
577 919 676 974 llic
716 919 963 975 Christus
993 926 1120 974 ante
1155 920 1333 973 omnia
1366 918 1516 973 initia
1564 920 1681 972 ine-

80 1010 446 1066 narrabiliter
472 1011 686 1082 genitus
713 1019 813 1073 est,
851 1021 904 1066 et
931 1020 1224 1082 conceptus
1252 1020 1332 1066 est
1376 1012 1442 1067 de
1477 1011 1682 1083 Spiritu

80 1111 307 1168 sancto,
332 1109 389 1155 et
411 1112 570 1156 natus
593 1113 677 1156 est
705 1102 772 1156 de
797 1101 963 1156 Maria
996 1102 1233 1173 Virgine.
1267 1102 1399 1157 Nam
1429 1113 1479 1158 et
1510 1104 1561 1157 in
1596 1117 1684 1157 ve-

81 1191 193 1246 teri
232 1198 556 1245 testamento
580 1189 903 1246 Sacerdotes
928 1200 979 1246 et
1010 1191 1184 1262 Reges
1212 1194 1605 1262 unguebantur,
1628 1202 1682 1247 et

80 1282 215 1337 ideo
251 1280 454 1336 Christi
488 1280 842 1345 dicebantur,
890 1282 1013 1352 quia
1045 1282 1190 1336 uncti
1228 1291 1383 1337 erant
1428 1283 1682 1339 unctione

80 1372 398 1442 temporali.
427 1371 533 1426 Iste
561 1370 830 1438 Christus,
861 1387 960 1441 per
988 1388 1149 1442 quem
1177 1373 1320 1428 Patri
1349 1376 1549 1444 gratias
1570 1375 1681 1445 agi-

79 1481 236 1531 mus,
267 1465 598 1520 :eternaliter
627 1464 872 1520 Christus
897 1474 981 1521 est
999 1507 1014 1531 ,
1044 1474 1099 1520 et
1127 1482 1248 1521 cum
1291 1467 1450 1521 Patre
1477 1476 1681 1522 aeterno

79 1558 235 1611 Deus
265 1566 373 1620 est,
400 1565 456 1611 et
485 1571 583 1627 per
610 1557 786 1626 ipsum
825 1558 1086 1627 redempti
1117 1574 1326 1623 sumus,
1349 1567 1402 1613 et
1430 1558 1542 1629 ipse
1571 1560 1680 1615 Do-

79 1646 272 1702 minus
307 1655 494 1701 noster
528 1654 632 1710 est,
660 1646 786 1716 quia
817 1647 1125 1702 dominatur
1172 1648 1344 1703 nobis.
1386 1646 1492 1703 Per
1527 1665 1679 1720 quem

78 1738 417 1808 maiestatem
439 1748 582 1792 tuam
604 1737 823 1793 laudant
844 1739 1051 1810 angeli;
1075 1755 1172 1810 per
1189 1740 1363 1809 ipsum
1378 1739 1676 1805 Christum,

1786 816 2023 887 Supplici
2069 818 2397 887 confessione
2445 818 2696 882 dicentes,
2725 817 2829 871 hoc
2874 826 2958 871 est
3000 816 3189 871 humili
3236 830 3368 870 con-

1786 906 2043 963 fessione.
2072 907 2211 974 Quid
2240 907 2497 964 humilius
2525 906 2794 973 conﬁteri,
2819 922 2980 976 quam
3009 904 3368 975 nosmetipsos

1785 1001 1973 1056 aeterni
2007 1000 2154 1057 Patri
2201 1016 2298 1071 per
2332 1000 2524 1055 Filium
2570 1009 2830 1055 mternum
2879 998 3281 1062 commendare,
3312 1004 3369 1051 et

1784 1091 1851 1146 de
1880 1100 2064 1147 nostra
2092 1091 2429 1147 conscientia
2461 1099 2515 1145 et
2554 1090 2799 1145 bonitate
2838 1089 2975 1144 nihil
3015 1101 3363 1159 praesumere,

1782 1191 1835 1239 et
1857 1183 2012 1252 juxta
2034 1199 2194 1241 voces
2223 1184 2496 1256 angelicas
2519 1199 2642 1239 eum
2666 1199 2881 1254 semper
2905 1191 3150 1239 sanctum
3179 1196 3365 1239 essen-

1785 1274 1984 1328 tialiter
2013 1274 2258 1337 credere,
2290 1284 2346 1330 et
2372 1274 2670 1345 praedicare
2700 1274 2941 1330 dicentes
2968 1293 2980 1327 :

2170 1365 2419 1429 Sanctus,
2451 1364 2696 1430 Sanctus,
2732 1365 2979 1421 Sanctus.

1853 1456 2128 1510 Johannes
2154 1454 2494 1523 Evangelista
2527 1454 2580 1508 in
2610 1453 2917 1522 Apocalipsi
2956 1453 3094 1511 libro
3124 1455 3362 1525 scripsit,

1782 1560 1841 1602 se
1889 1530 2088 1600 vidisse
2128 1551 2256 1600 ante
2307 1545 2559 1599 thronum
2604 1542 2719 1609 Det,
2751 1553 2805 1598 et
2835 1544 2959 1614 agni
3003 1544 3192 1617 viginti
3232 1560 3365 1615 qua-

1785 1647 1908 1692 tuor
1955 1637 2207 1693 animalia
2250 1638 2554 1701 adstantia,
2601 1644 2654 1691 et
2702 1638 3041 1693 incessanter
3084 1636 3362 1693 dicentia:

1786 1726 2047 1791 Sanctus,
2092 1738 2337 1791 sanctus,
2379 1735 2594 1780 sanctus
2636 1726 2889 1781 Dominus
2930 1728 3067 1782 Deus
3109 1726 3363 1792 Sabaoth,

79 1842 181 1897 ρο..
229 1843 396 1896 quem
454 1842 555 1883 ηοε
601 1827 806 1897 gratias
858 1828 1067 1899 agimus
1117 1828 1288 1883 patri.
1339 1828 1676 1901 Majcsmem
1708 1810 1754 1869 Β
1780 1827 1833 1872 et
1864 1818 2089 1887 reliqua.
2120 1818 2240 1872 Ideo
2268 1817 2412 1872 enim
2445 1817 2618 1873 tribus
2659 1819 2868 1874 vicibus
2895 1819 3092 1873 dicitur
3116 1828 3359 1886 sanctus,

80 1915 272 1971 Patris
310 1917 533 1972 laudant
561 1918 762 1989 angeli,
795 1919 887 1988 qui
929 1919 1045 1989 ipse
1076 1921 1301 1991 aequalis
1323 1930 1409 1976 est
1443 1921 1589 1976 Patri
1627 1922 1680 1976 in

80 2008 396 2061 divinitate.
434 2007 709 2079 Maiestas,
742 2010 897 2078 quasi
934 2011 1106 2082 major
1139 2020 1226 2067 est
1261 2018 1520 2080 potestas,
1552 2014 1679 2083 quia

83 2095 266 2166 major
296 2107 380 2153 est
406 2102 646 2167 potestas
669 2099 762 2154 Dei
791 2115 953 2170 quam
976 2101 1276 2156 hominum.
1304 2102 1396 2158 Dei
1427 2102 1680 2171 majesta-

85 2197 191 2244 tem
246 2203 350 2259 per
393 2189 667 2245 Christum
723 2189 945 2246 laudant
995 2192 1204 2265 angeli,
1257 2196 1384 2263 quia
1431 2194 1682 2251 Christus

82 2280 243 2353 simul
306 2295 427 2335 cum
472 2281 636 2336 Patre
691 2283 901 2337 creavit
958 2284 1197 2355 angelos.
1241 2285 1480 2355 Angelus
1533 2288 1677 2342 enim

82 2383 269 2438 grece,
305 2368 471 2424 latine
510 2372 735 2427 nuntius
764 2372 1171 2444 interpretatur.
1206 2375 1442 2445 Angelus
1480 2393 1675 2433 nomen

80 2459 238 2516 oﬂicii
275 2471 382 2525 est,
417 2477 524 2517 non
556 2471 783 2529 naturas,
811 2466 936 2534 quia
972 2468 1204 2531 nuntiat,
1232 2468 1326 2522 sed
1357 2469 1680 2525 naturaliter

84 2549 317 2618 spiritus
378 2566 522 2605 sunt.
575 2551 815 2606 Adorant
871 2552 1284 2608 Dominationes.
1340 2554 1675 2626 Majestatem

82 2639 172 2692 Dei
206 2639 394 2695 Patris
424 2654 520 2710 per
549 2639 744 2696 Filium
786 2641 1028 2709 laudant,
1063 2654 1119 2698 et
1162 2645 1392 2700 adorant
1425 2647 1677 2702 Domina-

82 2731 280 2785 tiones.
325 2731 748 2799 Dominationes,
788 2734 923 2789 ordo
966 2745 1049 2791 est
1097 2736 1433 2808 angelorum.
1476 2739 1673 2794 Decem

82 2818 306 2874 luerunt
344 2821 565 2876 ordines
601 2822 939 2894 angelorum.
982 2825 1236 2880 Decimus
1275 2828 1410 2881 ordo
1452 2828 1671 2896 cecidit,

83 2917 136 2965 et
175 2925 379 2965 versus
413 2924 497 2966 εει
546 2927 643 2983 per
682 2899 991 2983 superbiam
1042 2915 1093 2969 in
1140 2916 1429 2971 diabolum.
1471 2916 1672 2974 Novem

84 3008 268 3054 autem
315 3012 742 3071 permanserunt
788 3004 841 3058 in
892 3005 1182 3062 sanctitate
1220 3023 1339 3061 sua.
1381 3007 1505 3063 Haec
1550 3019 1675 3064 sunt

85 3090 309 3144 nomina
338 3104 527 3145 eorum
556 3105 572 3145 :
600 3091 813 3163 Angeli,
842 3094 1186 3166 Archangeli,
1224 3096 1484 3164 Virtutes,
1517 3098 1673 3154 Prin—

1788 1920 1846 1963 ut
1875 1907 2227 1979 signiﬁcetur,
2256 1907 2418 1962 Pater
2455 1917 2693 1969 sanctus,
2720 1907 2890 1962 Filius
2918 1918 3159 1973 sanctus,
3190 1908 3365 1978 Spiri-

1786 2008 1874 2054 tus
1916 1998 2117 2063 Patris,
2147 2007 2203 2051 et
2232 1997 2351 2051 Filii
2383 2006 2624 2055 sanctus.
2656 1996 2762 2053 Sed
2803 1998 3052 2068 quamvis
3083 1995 3367 2068 tripliciter

1784 2092 1996 2146 dicatur
2024 2099 2283 2154 sanctus;
2323 2103 2430 2143 non
2470 2098 2648 2142 tamen
2679 2089 2877 2144 dicitur
2910 2089 3101 2160 plurali
3138 2105 3366 2146 numero

1781 2184 1975 2251 sancti,
2008 2193 2070 2238 ut
2115 2199 2223 2239 una
2270 2184 2533 2239 sanctitas
2580 2184 2633 2238 in
2679 2183 2764 2239 his
2807 2186 2980 2241 tribus
3015 2186 3287 2255 personis,
3313 2194 3369 2241 et

1781 2291 1885 2331 una
1926 2277 2205 2332 aiternitas
2249 2276 2597 2347 intelligatur.
2635 2276 2893 2333 Dominus
2932 2278 3073 2333 Deus
3104 2278 3365 2334 Sabaoth.

1779 2371 1825 2423 A
1871 2368 2053 2424 multis
2102 2369 2446 2440 interpretari
2494 2369 2632 2425 solet
2678 2370 3042 2442 omnipotens.
3089 2373 3134 2426 Α
3182 2371 3367 2427 multis

1780 2475 1913 2515 vero
1940 2462 2300 2525 exercituum,
2339 2470 2397 2515 ut
2441 2471 2497 2517 et
2541 2463 2654 2530 ipse
2689 2462 2761 2515 sit
2809 2463 3069 2518 Dominus
3114 2463 3274 2530 Deus,
3309 2475 3367 2519 et

1780 2550 1895 2619 ipse
1929 2564 2121 2604 omnes
2187 2554 2461 2605 exercitus
2505 2550 2818 2620 angelorum
2876 2559 3038 2621 atque
3084 2552 3364 2621 hominum

1778 2640 2035 2710 disponit.
2068 2639 2221 2695 Pleni
2250 2652 2370 2696 sunt
2403 2641 2517 2697 coeli
2541 2651 2586 2694 et
2616 2652 2754 2695 terra
2779 2644 2948 2712 gloria
2975 2652 3089 2709 tua,
3120 2645 3223 2699 hoc
3254 2655 3362 2711 est,

1777 2738 1838 2784 ut
1866 2730 1983 2801 ejus
2011 2731 2181 2802 gloria
2223 2732 2344 2787 coeli
2388 2747 2450 2788 ac
2490 2741 2632 2786 terra
2674 2732 3069 2803 gubernentur,
3096 2745 3152 2789 et
3177 2734 3269 2803 qui
3306 2735 3360 2789 in

1777 2821 1930 2879 ctelis
1957 2832 2082 2878 sunt
2120 2833 2178 2879 et
2224 2833 2369 2879 terra
2413 2823 2739 2895 gloriﬁcent,
2769 2832 2821 2880 et
2866 2824 3136 2880 honorent
3164 2842 3360 2881 nomen

1776 2923 2025 2971 sanctum
2067 2916 2203 2987 ejus.
2249 2914 2467 2971 Osanna
2511 2918 2569 2971 in
2607 2916 2845 2972 excelsis.
2891 2917 3173 2984 Quomodo
3218 2935 3364 2975 nunc

1776 3006 1976 3061 dicitur
2019 3016 2277 3077 corrupte
2321 3007 2572 3072 Osanna,
2616 3018 2744 3063 ante
2789 3009 3069 3065 dicebatur
3099 3009 3358 3067 Osianna.

1777 3097 1929 3151 Anna
1968 3096 2272 3166 interiectio
2307 3108 2391 3154 est
2430 3098 2723 3165 laudantis,
2755 3101 2870 3156 sive
2907 3115 3073 3156 causa
3116 3101 3364 3173 magniﬁ-

84 3179 295 3248 cipatus
334 3187 390 3235 et
432 3181 757 3248 Potestates,
787 3182 1016 3251 Thmui,
1060 3184 1486 3255 Dominationes,
1525 3187 1668 3243 Che—
1698 3178 1743 3240 C
1774 3191 1969 3244 cautis.
2001 3188 2116 3255 Osi,
2149 3191 2439 3246 sacriﬁcia.
2470 3190 2574 3247 Sed
2602 3183 2856 3263 corrupte
2890 3193 3090 3250 dicitur
3112 3194 3362 3261 Osanna,

85 3271 284 3337 rubim,
312 3270 624 3339 Seraphim.
654 3273 885 3329 lstarum
911 3276 1137 3331 duarum
1162 3279 1378 3335 nomina
1408 3295 1516 3336 non
1542 3292 1668 3338 sunt

83 3362 276 3417 latina.
323 3362 621 3420 Cberubim
666 3366 943 3437 plenitudo
995 3370 1237 3425 scientia:
1283 3373 1669 3443 interpretatur

85 3451 370 3524 Seraphim
431 3455 743 3513 incendium
799 3459 1014 3514 dicitur.
1068 3459 1384 3518 Ceterarum
1448 3467 1667 3522 nomina

83 3545 356 3601 dictorum
395 3549 649 3605 ordinum
690 3550 857 3608 latina
905 3562 1051 3619 sunt,
1089 3554 1191 3610 nisi
1238 3555 1567 3628 Angelorum
1612 3566 1668 3611 et

83 3638 573 3712 Archangelorum.
620 3643 809 3713 Angeli
838 3646 1057 3711 'nuntii,
1095 3645 1418 3719 Arehangeli
1467 3647 1665 3704 excelsi

86 3731 257 3786 nuntii
306 3732 580 3799 dicuntur.
628 3732 924 3806 Gregorius
965 3746 1146 3793 autem
1195 3737 1338 3808 Papa
1387 3739 1665 3794 Romanus

87 3821 136 3873 in
170 3823 368 3877 omelia
407 3838 503 3878 sua
542 3839 705 3895 super
734 3826 1025 3884 lectionem
1062 3831 1423 3901 evangelicam
1452 3847 1466 3886 :
1497 3833 1665 3887 Erant

86 3913 587 3984 adpropinquantes
614 3916 683 3970 ad
709 3915 892 3974 Iesum
919 3920 1212 3991 publicani,
1244 3931 1301 3977 et
1327 3932 1662 3992 peccatores,

86 4008 141 4054 ut
168 4002 423 4058 audirent
453 4004 621 4069 illum,
652 4004 963 4076 plenissime
990 4010 1056 4064 de
1086 4011 1359 4079 prtedictis
1385 4013 1665 4069 ordinibus

87 4095 354 4161 exposuit.
394 4094 503 4153 Nos
536 4112 667 4153 vero
708 4098 776 4155 ad
815 4103 1151 4170 propositum
1197 4105 1498 4160 redeamus.
1540 4105 1665 4160 Tre-

88 4195 226 4240 munt
253 4186 549 4244 Poteslates
578 4190 644 4246 de
672 4206 834 4261 supra
863 4193 1043 4248 dicitis
1064 4195 1345 4250 ordinibus
1368 4197 1516 4251 dicit.
1546 4197 1660 4253 Non

90 4273 206 4331 ideo
229 4277 390 4346 dixit,
418 4280 560 4350 quod
586 4296 751 4351 supra
774 4283 901 4338 dicti
930 4285 1149 4340 ordines
1176 4286 1483 4355 corporales
1514 4298 1659 4354 sunt,

89 4365 174 4419 sed
206 4375 396 4423 nostro
433 4384 583 4425 more
609 4371 763 4439 dicit,
795 4373 920 4442 quia
958 4389 1057 4428 nos
1093 4381 1348 4441 tremere,
1375 4391 1439 4430 ac
1470 4376 1663 4433 timere

91 4465 207 4511 ante
239 4456 500 4515 Dominos
530 4469 745 4517 nostros
784 4461 1056 4529 solemus;
1090 4465 1184 4520 sed
1229 4465 1349 4520 ideo
1388 4466 1521 4520 dicit
1557 4476 1663 4522 tre-

1772 3288 1826 3333 et
1858 3278 2081 3350 intelligi
2114 3289 2296 3350 potest
2334 3280 2597 3349 salvilica,
2634 3282 2717 3337 vel
2753 3282 2960 3338 salvum
2989 3283 3076 3340 fac
3102 3284 3157 3340 in
3179 3281 3361 3349 excel4

1770 3369 1863 3431 sis,
1899 3368 1950 3423 id
1975 3380 2062 3424 est
2090 3369 2144 3423 in
2175 3369 2319 3424 altis.
2348 3370 2698 3438 Benedictus,
2721 3374 2812 3443 qui
2857 3376 3007 3430 venit
3046 3375 3098 3431 in
3140 3377 3363 3434 nomine

1768 3457 2005 3515 Domini.
2035 3459 2264 3527 Quando
2304 3462 2556 3519 Christus
2604 3465 2752 3519 venit
2799 3467 2865 3520 ad
2910 3466 3272 3533 Hierusalem,
3303 3478 3362 3525 et

1767 3547 2049 3603 descendit
2084 3549 2151 3603 de
2196 3561 2378 3606 monte
2407 3550 2630 3618 Oliveti,
2663 3563 2793 3610 tunc
2827 3555 2921 3611 ﬁlii
2962 3557 3123 3613 lsrael
3155 3562 3359 3615 clama-

1765 3636 1899 3691 bant
1941 3636 2223 3694 dicentes:
2252 3638 2589 3709 Benedictus,
2625 3646 2716 3713 qui
2757 3646 2893 3699 venit
2924 3647 2977 3700 in
3007 3649 3214 3704 nomine
3247 3648 3356 3704 Do-

1767 3728 1917 3783 mini.
1948 3728 2055 3784 Sed
2100 3731 2230 3800 quid
2275 3732 2549 3802 signiﬁcat
2580 3735 2669 3792 ille
2704 3738 2907 3794 Christi
2942 3740 3205 3797 adventus
3231 3740 3359 3797 llic-

1764 3820 2023 3888 rusalem,
2054 3822 2157 3879 nisi
2194 3823 2434 3880 futuram
2468 3830 2946 3897 resurrectionem,
2976 3833 3193 3901 quando
3222 3849 3354 3893 ven-

1765 3921 1918 3970 turas
1942 3925 2063 3970 erat
2097 3916 2344 3987 judicare
2371 3921 2524 3976 vivos
2576 3932 2631 3978 et
2662 3934 2926 3990 mortuos,
2957 3935 3010 3980 et
3042 3930 3379 3998 apparuerit.

1765 4007 1922 4062 nobis
1951 4009 2003 4063 in
2034 4011 2224 4065 eadem
2260 4027 2425 4067 carne
2466 4031 2569 4083 qua
2611 4031 2710 4085 pro
2744 4017 2900 4073 nobis
2934 4034 3125 4089 passus
3158 4030 3262 4087 est,
3296 4030 3355 4077 et

1766 4104 1893 4154 tunc
1934 4098 1987 4154 in
2038 4102 2257 4157 nomine
2298 4103 2505 4158 Domini
2544 4105 2668 4160 Iesu
2716 4122 2875 4163 omne
2933 4124 3069 4181 genu
3116 4109 3356 4168 ﬂectitur

1763 4187 2086 4255 caelestium,
2121 4196 2459 4249 terrestrium
2512 4205 2565 4250 et
2617 4197 2971 4255 infernarum.
3022 4198 3092 4255 Et
3131 4210 3347 4270 cetera;

1762 4295 1882 4350 quae
1909 4281 2198 4352 Apostolus
2227 4286 2380 4341 dixit.

1834 4371 1904 4426 Te
1933 4374 2096 4444 igitur
2124 4376 2522 4434 clementissime
2566 4381 2746 4437 Pater.
2790 4384 2865 4439 Te
2906 4385 3093 4455 igitur,
3123 4387 3227 4443 hoc
3263 4398 3352 4443 est

1764 4476 1915 4522 certe
1956 4468 2377 4525 clementissime
2416 4471 2599 4527 Pater.
2640 4474 2889 4533 Clemens
2927 4478 3150 4543 dicitur,
3195 4481 3369 4549 quasi

91 4560 251 4613 mere,
282 4557 341 4603 ut
368 4564 468 4605 nos
496 4550 856 4623 intelligamus
881 4554 1061 4608 omnia
1091 4554 1354 4620 caelestia,
1385 4558 1659 4612 terrestria
1693 4532 1739 4590 ί)
1765 4560 1912 4615 clara
1951 4576 2125 4626 mens,
2156 4561 2271 4618 sive
2317 4562 2619 4626 abundans,
2644 4575 2701 4619 et
2741 4566 3160 4625 clementissime
3196 4570 3367 4639 quasi

90 4646 140 4687 et
187 4636 474 4693 inl’ernalia
530 4649 657 4696 ante
714 4653 1064 4712 conspectum
1117 4644 1314 4700 divina:
1366 4645 1664 4717 majestatis

94 4730 320 4783 tremere
350 4742 413 4783 ac
469 4728 683 4786 timere.
725 4731 852 4786 Caeli
884 4732 1232 4806 caelorumque
1279 4735 1523 4792 Virtutes.
1556 4737 1661 4808 lpsi

92 4813 204 4867 caeli
245 4815 472 4885 jussioni
518 4819 712 4876 divinae
761 4822 1049 4888 obediunt,
1099 4827 1222 4896 quia
1270 4842 1330 4881 se
1377 4831 1663 4884 ostendere

93 4914 336 4972 serenos,
385 4907 472 4963 vel
523 4909 849 4977 nebulosos,
902 4929 1007 4968 non
1062 4915 1264 4972 habent
1314 4928 1656 4988 potestatem.

93 4988 352 5051 (calorum
389 4997 620 5052 virtutes
653 5009 778 5054 sunt
809 5016 969 5072 supra
1014 5004 1141 5060 dicti
1187 5008 1405 5079 ordines
1440 5009 1661 5078 angelo-

96 5093 207 5135 runt
250 5084 386 5142 sicut
431 5088 623 5143 beatus
667 5087 961 5162 Gregorius
1002 5093 1052 5146 in
1104 5096 1302 5155 omelia
1351 5110 1447 5151 sua
1498 5114 1662 5170 super

101 5182 177 5190 Α..-

1766 4648 2068 4704 clarissima
2114 4658 2314 4713 mente,
2356 4651 2470 4705 sive
2518 4654 3013 4718 abundantissime,
3065 4658 3192 4728 quia
3238 4659 3355 4729 ipse

1765 4738 2102 4794 clarissimus
2143 4746 2229 4795 est
2275 4747 2476 4805 mente,
2510 4750 2565 4796 et
2602 4743 3149 4804 misericordissimus
3190 4750 3355 4805 corde

1765 4827 1949 4882 Pater.
1981 4826 2096 4884 Non
2124 4829 2244 4885 ideo
2272 4829 2445 4898 ipsum
2478 4832 2713 4888 dicimus
2739 4833 3067 4894 clementem
3111 4846 3167 4893 et
3194 4837 3359 4892 mise-

1766 4919 2054 4983 ricordem,
2087 4919 2229 4992 quod
2276 4922 2540 4978 membris
2582 4925 2883 4995 corporeis.
2916 4927 3003 4982 vel
3055 4930 3245 4992 corde,
3273 4937 3367 4981 aut

1769 5015 1950 5063 mente
1990 5009 2061 5064 sit
2086 5008 2418 5078 compositus
2444 5009 2588 5068 sicut
2618 5014 2801 5081 homo,
2831 5015 2928 5070 sed
2961 5015 3103 5076 ideo
3133 5016 3367 5069 clemen-

1770 5108 1878 5154 tem
1925 5109 1981 5156 et
2020 5099 2428 5160 misericordem
2468 5102 2789 5171 clamamus,
2821 5114 2883 5162 ut
2928 5105 3110 5169 illam
3152 5100 3383 5155 clemen-
