3992 6304
663 360 799 415 116⁵1

1488 362 1777 418 ΑΡΡΕΝΙ).
1816 364 1909 420 AD
1943 364 2115 422 SEC.
2159 368 2226 421 Χ.
2266 397 2282 407 -

2366 370 2795 428 MONUMENTA
2827 375 3103 433 LITURG.
3715 392 3810 448 1ιῶ

663 486 925 534 αξιοι-ηοω
975 492 1168 548 capere
1212 477 1506 532 valeamus.
1537 478 1732 533 Filium
1773 489 1920 534 tuum
1958 480 2239 536 Dominum
2267 485 2314 544 Α
2345 485 2799 541 cuntadstantium
2837 486 3195 555 offerentium,
3225 501 3275 544 et
3305 506 3405 546 non
3432 492 3722 555 offerentium
3746 516 3809 560 co-

662 578 927 625 nostrum.
975 568 1168 625 Filium
1217 583 1371 623 suum
1421 568 1753 640 unigenitum
1782 611 1796 635 ,
1836 570 1960 639 quia
2004 570 2119 639 ipse
2156 578 2240 624 est

666 661 973 732 unigenitus
1021 676 1084 714 ex
1139 659 1440 714 substantia
1492 659 1687 715 Patris.
1741 660 1847 715 Nos
1906 670 2085 715 autem
2143 661 2236 715 lilii

661 750 896 819 adoptivi
927 765 1110 803 sumus
1131 764 1227 818 per
1246 748 1439 818 ipsum,
1468 749 1557 818 qui
1582 750 1889 819 unigenitus
1915 758 1997 805 est
2022 767 2050 805 a
2078 750 2238 806 Patre

660 842 978 913 procedens.
1014 841 1160 896 Patri
1209 850 1529 896 comternus.
1569 842 1634 895 Et
1673 842 1793 898 ideo
1837 859 1933 913 per
1975 858 2096 898 eum
2136 843 2239 898 Pa-

659 944 793 986 trem
836 932 1111 1002 postulare
1147 931 1426 996 debemus,
1467 931 1745 987 humiliter
1773 933 2016 988 dicentes
2050 952 2062 987 :
2094 933 2236 1005 Sup-

657 1024 823 1093 plices
875 1033 926 1078 te
971 1038 1257 1092 rogamus,
1306 1038 1368 1076 ac
1407 1023 1663 1092 petimus.
1703 1021 1999 1093 Supplices.
2053 1024 2106 1079 id
2155 1034 2237 1080 est

657 1112 909 1166 humiles.
942 1108 1029 1165 Uti
1062 1122 1272 1180 accepta
1299 1111 1491 1164 habeas
1521 1121 1567 1164 et
1598 1110 1889 1165 benedicas.
1921 1111 2050 1167 Haec
2074 1113 2235 1178 dona,

656 1203 767 1255 lucc
797 1217 1038 1265 munera,
1064 1210 1111 1254 et
1142 1210 1323 1255 sancta
1350 1201 1613 1269 sacriﬁcia
1640 1201 1882 1257 inlibata.
1913 1202 2063 1258 Dona
2090 1212 2231 1265 sunt,

656 1307 777 1360 (μυξη
816 1290 1116 1345 voluntarie
1165 1289 1475 1357 donantur;
1511 1306 1733 1345 munera
1784 1301 1941 1358 sunt,
1982 1307 2100 1361 quae
2138 1307 2236 1363 pro

656 1383 835 1451 aliquo
877 1397 1102 1437 munere
1146 1381 1228 1436 vel
1277 1382 1523 1437 mercede
1573 1382 1878 1438 oll‘eruntur
1910 1404 1921 1438 :
1953 1384 2093 1439 sicut
2140 1398 2236 1438 nos

654 1471 932 1528 oderimus
970 1472 1104 1539 Deo,
1139 1481 1196 1527 ut
1234 1480 1454 1543 peccata
1502 1482 1681 1528 nostra
1726 1474 2088 1528 dimittantur.
2132 1472 2232 1528 Sa-

656 1563 859 1618 criﬁcia
890 1572 1038 1628 sunt,
1078 1578 1198 1633 quae
1232 1561 1345 1631 jam
1388 1578 1513 1618 cum
1541 1564 1879 1618 orationibus
1920 1578 2238 1619 consecran-

658 1661 765 1706 tur.
812 1651 1057 1716 lulibata,
1089 1651 1138 1706 id
1174 1660 1258 1706 est
1287 1651 1658 1716 immaculata,
1694 1661 1748 1707 et
1783 1652 1851 1707 ab
1891 1652 2036 1707 omni
2066 1651 2235 1706 livore

656 1739 875 1795 malitiae
904 1740 1098 1796 aliena.
1126 1740 1277 1795 Tunc
1306 1751 1431 1796 sunt
1460 1741 1597 1796 dona
1628 1750 1683 1797 et
1738 1741 2002 1797 sacrificia
2039 1742 2232 1797 inliba-

2342 572 2488 643 gnita
2518 583 2620 641 est,
2654 583 2707 629 et
2737 584 2860 630 nota
2888 578 3123 648 devotio,
3159 595 3346 636 omnes
3375 584 3589 642 reddunt
3614 600 3709 645 vota
3730 610 3809 651 sua.

2339 662 2475 717 Vota
2495 664 2767 731 dicuntur,
2781 682 2899 735 qua:
2913 667 3153 723 volenter
3166 672 3559 740 promittuntur,
3571 679 3674 745 quia
3687 683 3816 737 voles-

2340 758 2419 803 ter
2446 760 2501 804 et
2527 750 2759 806 libenter
2780 753 2890 808 Deo
2916 770 3128 819 vovere,
3157 767 3211 811 et
3237 759 3452 815 reddere
3474 762 3710 821 debemus.

2408 836 2859 895 Communicantes
2901 852 2950 896 et
2984 846 3287 899 memoriam
3328 860 3604 906 venerantes
3644 858 3814 923 inprimis

2337 926 2558 995 gloriose
2585 945 2787 998 semper
2815 928 3037 1002 Virginis
3064 933 3253 988 Maria:
3280 934 3547 992 Genitricis
3570 939 3668 1007 Dei,
3686 945 3813 999 etDo.

2336 1018 2465 1071 mini
2491 1019 2652 1072 nostri
2676 1017 2805 1072 Iesu
2828 1020 3044 1085 Christi,
3069 1022 3160 1075 sed
3184 1032 3231 1077 et
3260 1023 3519 1080 beatorum
3540 1026 3815 1097 Apostolorum

2338 1126 2397 1161 ac
2430 1108 2721 1179 Martyrum
2746 1119 2977 1166 tuorum.
3025 1111 3456 1179 Commnnicare,
3480 1116 3573 1171 hoc
3598 1128 3686 1185 est,
3704 1124 3816 1189 parti.

2336 1196 2539 1267 cipare,
2591 1199 2909 1254 memoriam
2967 1203 3235 1268 venerari,
3280 1202 3385 1259 hoc
3411 1213 3509 1271 est,
3537 1207 3584 1261 in
3630 1214 3815 1266 memoria

2336 1286 2716 1342 venerabiliter
2747 1297 2954 1355 tenere,
3002 1291 3147 1360 quod
3192 1291 3247 1346 S.
3300 1292 3467 1349 Maria
3503 1293 3648 1369 Virgo
3664 1315 3736 1369 per
3756 1307 3818 1358 ad-

2336 1384 2554 1429 veutum
2601 1375 2837 1446 Spiritus
2871 1379 3044 1434 sancti
3082 1382 3314 1449 genitrix
3356 1382 3498 1440 facta
3539 1397 3614 1442 est
3637 1388 3728 1443 Filii
3754 1392 3816 1447 Dei

2340 1465 2551 1519 Domini
2579 1468 2751 1522 nostri
2782 1467 2907 1524 .lesu
2938 1470 3162 1535 Christi,
3212 1473 3304 1543 qui
3337 1475 3495 1539 Deus,
3529 1486 3582 1531 et
3601 1478 3728 1534 homo
3747 1493 3816 1547 est,

2334 1569 2430 1624 per
2459 1569 2617 1625 quem
2670 1556 2885 1613 Patrem
2933 1560 3314 1630 supplicamus,
3346 1572 3402 1617 et
3430 1564 3580 1620 fidem
3601 1571 3816 1624 communi-

2334 1662 2459 1701 care
2482 1648 2762 1715 debemus,
2790 1659 2847 1704 et
2887 1650 3131 1717 credere,
3160 1654 3300 1722 quod
3348 1653 3545 1725 Spiritu
3581 1668 3735 1714 saneto
3758 1676 3818 1715 re-

2335 1736 2538 1802 niente,
2565 1737 2733 1793 Filius
2769 1738 2861 1793 Dei
2896 1749 3053 1794 natus
3086 1749 3169 1796 est
3190 1756 3256 1796 ex
3284 1757 3370 1808 ea,
3404 1753 3458 1797 et
3483 1746 3722 1816 virginitas
3742 1752 3820 1819 ejus

654 1837 733 1895 ta,
758 1828 973 1898 quando
1004 1828 1209 1899 absque
1244 1829 1623 1884 scandalorum
1656 1830 1881 1885 maculis
1914 1839 2039 1885 sunt
2065 1829 2228 1883 oller-
2265 1825 2304 1882 lt
2337 1843 2442 1880 non
2481 1837 2567 1882 est
2610 1828 2829 1884 violata.
2862 1829 2971 1886 Sed
3023 1841 3071 1886 et
3109 1832 3375 1888 beatorum
3427 1835 3742 1905 Apostolorum
3779 1857 3820 1895 ιι

655 1926 740 1984 ta,
776 1928 831 1974 et
868 1918 1015 1989 justo
1060 1928 1187 1976 sunt
1232 1920 1415 1975 labore
1464 1920 1750 1991 adquisita.
1802 1921 1917 1977 Non
1967 1931 2026 1977 ul.
2079 1922 2232 1977 multi

654 2017 859 2074 errant,
887 2010 979 2079 qui
1018 2011 1204 2065 dicunt
1230 2008 1453 2063 inlibata
1492 2024 1611 2065 esse
1641 2026 1745 2064 non
1781 2011 2046 2065 dedicata.
2089 2012 2233 2083 Lege

654 2108 862 2168 septem
890 2099 1202 2154 collationes
1228 2099 1470 2165 Patrum,
1500 2110 1553 2154 et
1585 2100 1635 2153 in
1668 2101 1903 2155 secunda
1941 2101 2231 2158 collatione

655 2191 863 2246 theonte
888 2191 943 2246 in
968 2205 1112 2246 nono
1139 2192 1401 2257 invenies,
1417 2207 1537 2262 qua:
1557 2192 1663 2247 sint
1692 2192 1913 2248 illibata.
1936 2192 2227 2264 Imprimis,

652 2298 769 2351 qua:
796 2281 888 2335 tibi
926 2282 1215 2351 o/ferimus.
1245 2281 1358 2337 Hoc
1396 2298 1495 2352 pro
1538 2282 1733 2352 quibus
1760 2281 2063 2337 offeruntur
2090 2283 2231 2337 indi-

653 2382 759 2426 cat.
792 2372 1061 2442 lmprimis
1094 2371 1275 2428 oﬂ'erri
1320 2373 1517 2428 debent
1550 2388 1644 2444 pro
1681 2372 1897 2427 ecclesia
1927 2382 2018 2427 tua
2046 2385 2229 2427 sancta

653 2463 931 2518 catholica.
968 2462 1208 2517 Ecclesia
1254 2477 1429 2533 grece,
1464 2462 1630 2517 latine
1661 2464 1976 2518 convocatio
2010 2462 2229 2519 dicitur.

652 2551 947 2617 Catholica,
980 2550 1302 2606 universalis
1337 2552 1551 2611 dicitur.
1587 2553 1712 2621 quia
1753 2553 2013 2617 universi,
2043 2553 2133 2623 qui
2173 2553 2231 2608 in

655 2640 822 2696 Deum
892 2632 1150 2707 credunt,
1227 2642 1280 2695 in
1350 2656 1454 2695 una
1518 2642 1712 2696 debent
1756 2656 1877 2697 csse
1934 2657 2230 2713 congrega-

654 2735 820 2789 tione.
854 2732 1025 2800 Quam
1059 2732 1361 2804 paciﬁcare,
1391 2732 1673 2798 custodire,
1708 2733 1943 2787 adunare
1978 2732 2224 2804 digneris,

651 2839 698 2883 et
739 2843 910 2898 regere
940 2835 1045 2881 toto
1086 2824 1206 2879 orbe
1249 2833 1529 2879 terrarum.
1565 2823 1670 2879 Pro
1703 2826 1806 2881 hoc
1837 2823 2112 2881 oll‘erimus
2146 2824 2227 2880 in-

651 2918 863 2989 primis,
894 2924 955 2970 ut
994 2930 1153 2986 supra
1192 2915 1392 2970 dictam
1433 2917 1904 2988 congregationem
1944 2923 2091 2970 tuam
2131 2931 2227 2987 per

653 3017 825 3063 totum
871 3006 1058 3062 orbem
1109 3013 1378 3062 terrarum
1431 3005 1770 3077 paciﬁcatam
1824 3014 1878 3061 et
1934 3006 2223 3061 adunatam

653 3098 927 3156 custodire
956 3096 1213 3167 digneris.
1236 3093 1353 3150 Una
1382 3112 1499 3151 cum
1527 3096 1728 3166 famqu
1749 3106 1837 3150 tuo
1866 3094 1979 3160 illo,
2010 3096 2113 3151 hoc
2141 3103 2225 3151 est

2338 1918 2630 1991 Martyrum
2662 1932 2889 1977 tuorum.
2912 1924 3204 1995 Apostolus
3225 1917 3422 1981 dicitur
3448 1927 3498 1982 in
3528 1931 3818 2001 mstralingna

2333 2012 2548 2068 missus.
2581 2013 2786 2085 Martyr
2816 2015 3012 2071 dicitur
3041 2018 3212 2072 testis.
3251 2020 3492 2089 Apastoli
3517 2021 3625 2076 ideo
3641 2023 3820 2077 dicuntur

2332 2101 2459 2171 quia
2485 2119 2515 2156 a
2537 2101 2753 2158 Christo
2783 2103 2932 2159 missi
2977 2117 3122 2160 sunt.
3182 2106 3448 2178 Martyres
3474 2109 3708 2177 dicuntur,
3736 2113 3818 2180 quia

2333 2203 2499 2250 testes
2526 2202 2671 2261 sunt,
2703 2197 2848 2267 quod
2885 2196 3131 2254 Christus
3178 2215 3373 2269 passus
3401 2209 3483 2255 est
3509 2216 3600 2271 pro
3640 2203 3821 2257 nobiset

2331 2285 2431 2353 ipsi
2471 2299 2569 2353 pro
2617 2282 2855 2341 Christo.
2899 2285 3052 2341 Hane
3082 2288 3244 2357 igitur
3284 2287 3593 2343 oblationem
3635 2289 3821 2344 sanitatis

2333 2384 2548 2441 nostrtc,
2576 2376 2665 2431 sed
2706 2386 2753 2430 et
2799 2388 3001 2431 cunctae
3028 2376 3248 2447 familia:
3295 2389 3424 2441 tute,
3458 2395 3718 2449 quassum
3752 2379 3821 2433 Do-

2332 2463 2503 2529 mine,
2556 2474 2612 2516 ut
2671 2462 2909 2533 placatus
2964 2465 3212 2536 accipias.
3267 2465 3536 2522 Sacerdos
3576 2467 3820 2523 oblationem

2329 2565 2509 2616 Suam,
2541 2562 2705 2620 atque
2732 2562 3069 2618 cunctorum,
3105 2553 3197 2623 qui
3227 2555 3460 2610 Domino
3484 2554 3821 2619 famulantur,id

2329 2650 2435 2705 est,
2492 2643 2583 2713 qui
2630 2642 2860 2698 Domino
2892 2644 3153 2709 serviunt,
3183 2646 3558 2712 commendat,
3584 2655 3633 2700 ut
3662 2646 3822 2701 Domino

2330 2734 2561 2805 placeat,
2585 2744 2639 2789 et
2666 2735 2781 2805 ipse
2832 2735 2989 2791 nobis
3014 2737 3277 2807 propitius
3316 2737 3408 2792 sit.
3457 2737 3660 2808 Diesque
3680 2748 3821 2791 nostros

2329 2824 2382 2876 in
2410 2832 2497 2876 tua
2533 2839 2661 2893 pace
2682 2823 2947 2894 disponas,
2980 2835 3133 2895 atque
3160 2824 3225 2879 ab
3241 2834 3439 2880 aeterna
3461 2825 3747 2880 damnatione
3762 2843 3822 2879 nos

2327 2913 2476 2985 eripi,
2505 2923 2552 2968 et
2601 2915 2654 2967 in
2684 2914 2958 2969 electorum
2987 2925 3193 2970 tuorum
3226 2915 3423 2986 jubeas
3465 2932 3607 2986 grege
3629 2920 3823 2971 numerari

2330 3020 2420 3073 per
2444 3002 2711 3058 Christum
2759 3003 2895 3058 Dum
2925 3015 3178 3060 nostrum.
3205 3005 3313 3059 Pro
3343 3020 3431 3071 eo,
3469 3014 3602 3080 quod
3632 3007 3823 3065 Sacerdos

2326 3094 2502 3159 oll‘ert,
2539 3095 2766 3165 populus
2792 3096 2947 3152 debet
2973 3110 3153 3162 orare,
3179 3107 3239 3153 ut
3267 3099 3538 3158 Sacerdos
3562 3100 3819 3157 exaudiatur.

651 3192 809 3247 simul
836 3206 958 3247 cum
988 3189 1099 3254 illo,
1127 3188 1217 3257 qui
1246 3190 1430 3243 sedem
1457 3187 1685 3257 apostoli
1716 3194 1879 3250 tenet,
1904 3187 2028 3256 quia
2059 3187 2226 3242 eccle-
2253 3178 2296 3239 C
2330 3193 2390 3238 ut
2418 3186 2659 3240 omnium
2694 3186 2807 3241 dies
2837 3186 2889 3239 in
2944 3202 3078 3257 pace
3104 3187 3484 3258 disponantur,
3514 3201 3566 3246 et
3606 3191 3664 3245 ab
3682 3198 3821 3244 atem

651 3281 753 3347 sia,
786 3280 839 3334 in
870 3294 975 3349 qua
1015 3276 1208 3331 Petrus
1245 3276 1498 3346 princeps
1527 3275 1906 3345 Apostolorum
1947 3276 2105 3341 sedit,
2136 3291 2226 3332 ca-

650 3378 748 3439 put
773 3375 856 3424 est
884 3367 1124 3423 omnium
1155 3365 1504 3421 ecclesiarum
1541 3365 1953 3421 catholicarum.
1996 3364 2227 3437 Ideoque

650 3459 811 3516 Petro
852 3458 990 3513 dixit
1024 3458 1316 3513 Christus:
1353 3467 1409 3513 tu
1449 3474 1508 3513 es
1545 3456 1759 3525 Petrus,
1792 3466 1846 3514 et
1886 3474 2048 3529 super
2087 3460 2227 3515 hanc

649 3558 858 3619 petram
908 3547 1187 3604 mdilicabo
1235 3547 1517 3603 ecclesiam
1566 3562 1773 3613 meam,
1816 3556 1873 3603 et
1917 3556 2117 3603 cetera.
2160 3549 2228 3603 Et

648 3650 871 3712 propter
917 3639 1057 3694 hanc
1113 3638 1437 3694 sententiam
1483 3637 1738 3693 debemus
1784 3652 1973 3693 omnes
2015 3653 2114 3709 pro
2159 3653 2226 3693 eo

646 3748 844 3798 orare,
887 3733 978 3802 qui
1030 3731 1080 3785 in
1126 3730 1314 3785 eadem
1358 3739 1553 3800 praeest
1590 3729 1841 3786 ecclesia.
1890 3729 1957 3785 Et
1998 3731 2226 3786 antistite

647 3834 846 3889 nostro,
874 3823 986 3889 illo,
1019 3825 1123 3877 hoc
1150 3830 1233 3877 est
1260 3837 1356 3892 pro
1384 3822 1654 3892 episcopo,
1698 3822 1751 3876 in
1795 3821 1947 3891 cujus
1970 3823 2224 3893 parocbia

647 3929 852 3976 sumus,
884 3927 982 3982 pro
1013 3911 1130 3980 ipso
1166 3925 1326 3964 orare
1368 3910 1646 3974 debemus,
1680 3912 1803 3980 quia
1851 3912 1965 3982 ipse
2003 3921 2087 3967 est
2124 3926 2222 3982 pa-

647 4013 783 4070 stor,
811 4011 865 4058 et
901 4002 1225 4072 praedicator
1256 4008 1458 4054 noster.
1495 3998 1751 4054 Memento
1792 3999 2015 4055 Domine
2053 4000 2226 4069 fatuu-

647 4094 850 4156 lorum,
898 4090 1321 4161 famularumque
1362 4098 1602 4153 tuarum,
1638 4098 1686 4142 et
1730 4089 1961 4143 omnium
1999 4088 2224 4142 circum-

645 4182 921 4236 stantium.
962 4177 1231 4237 Sacerdos
1276 4184 1402 4229 ante
1450 4176 1624 4232 oravit
1664 4191 1762 4247 pro
1806 4176 2130 4247 apostolico,
2169 4188 2225 4232 et

646 4273 901 4340 episcopo
928 4282 1048 4322 suo.
1077 4267 1134 4320 Si
1162 4265 1446 4336 episcopus
1470 4263 1685 4319 Missam
1714 4264 1974 4331 celebrat,
2005 4266 2095 4322 ille
2117 4283 2221 4325 non

649 4360 810 4415 debet
858 4357 1039 4412 dicere
1079 4371 1173 4426 pro
1218 4354 1446 4408 antistite
1490 4362 1684 4408 nostro.
1725 4353 1843 4409 Jam
1888 4364 2099 4411 oratum
2139 4367 2223 4412 est

644 4466 745 4522 pro
801 4446 1120 4504 senioribus.
1174 4445 1364 4500 Postea
1416 4445 1681 4500 orandum
1729 4454 1813 4500 est
1858 4462 1957 4518 pro
2003 4448 2218 4519 pepulo,

646 4510 863 4613 quando
905 4539 1164 4596 sacerdos
1207 4537 1337 4592 dicit
1368 4552 1383 4591 :
1417 4535 1686 4592 Memento
1725 4510 1948 4593 Domine
1995 4510 2220 4593 ian-aulo;
2254 4510 2300 4568 θ

645 4649 766 4687 rum
804 4630 1239 4700 famularumque
1282 4636 1513 4683 tuarum.
1556 4626 1889 4699 Deprecatur
1934 4631 2217 4685 Dominum

645 4722 887 4788 Patrem,
919 4732 977 4777 ut
1005 4720 1296 4778 memorari
1332 4720 1583 4792 dignetur
1619 4721 1857 4776 omnium
1889 4723 1955 4777 ad
1989 4721 2219 4778 alliciunt

644 4812 823 4870 Missa:
865 4815 978 4870 sive
1021 4813 1386 4870 masculorum
1423 4813 1539 4869 sive
1575 4812 1895 4868 feminarum
1935 4815 2222 4871 advenien-

644 4906 809 4971 tium;
857 4912 911 4959 et
959 4906 1100 4974 quod
1146 4905 1280 4960 dicit
1326 4904 1896 4969 circumadstantium,
1950 4905 2049 4975 ipsi
2095 4918 2220 4962 sunt

646 4994 873 5050 masculi
913 5003 966 5049 et
1005 4993 1234 5061 feminae,
1266 4996 1359 5065 qui
1400 4995 1771 5052 circumstant.
1802 4993 1920 5049 Jam
1954 4994 2219 5054 Sacerdos

646 5087 821 5141 oravit
850 5100 949 5156 pro
977 5086 1248 5150 omnibus,
1271 5086 1361 5155 qui
1406 5085 1475 5141 ad
1515 5084 1836 5142 audiendam
1875 5084 2091 5141 Missam
2124 5101 2215 5141 ve-

645 5184 875 5241 nerunt,
920 5182 1049 5230 tunc
1092 5174 1307 5229 demqu
1343 5184 1463 5229 orat
1494 5190 1592 5244 pro
1627 5174 1745 5239 his,
1785 5174 1877 5245 qui
1919 5174 2216 5231 oblationes

646 5281 775 5322 suas
795 5264 1043 5323 oﬂerunt.
1071 5264 1173 5331 Qui
1196 5265 1287 5320 tibi
1311 5267 1531 5336 offerunt
1556 5265 1652 5319 hoc
1677 5266 1994 5336 sacriﬁcium
2018 5267 2211 5327 laudis,

647 5356 809 5425 Dicit,
833 5357 973 5426 quod
999 5372 1097 5426 pro
1121 5357 1275 5413 laude
1305 5358 1399 5413 Dei
1450 5359 1694 5429 inprimis
1726 5357 1977 5427 oderunt,
2005 5370 2057 5415 et
2088 5375 2212 5429 pos-

644 5455 729 5501 tea
758 5461 856 5516 pro
886 5460 964 5511 se,
1000 5447 1216 5517 suisque
1261 5450 1530 5502 omnibus.
1575 5445 1682 5503 Pro
1719 5450 2066 5519 redemptione
2096 5453 2213 5505 ani-

638 5551 844 5592 marum
874 5552 1110 5600 suarum,
1140 5553 1236 5607 pro
1277 5553 1366 5607 sps
1404 5537 1589 5594 salutis
1622 5549 1670 5592 et
1705 5539 2074 5595 incolomitatis
2107 5556 2216 5596 sua

640 5624 734 5679 tibi
777 5625 997 5679 reddunt
1032 5635 1152 5680 uota
1190 5643 1288 5681 sua
1324 5637 1515 5682 (eterna
1547 5627 1653 5682 Deo
1683 5630 1810 5693 vivo,
1841 5639 1888 5684 et
1929 5646 2065 5685 vero.
2091 5628 2216 5687 Ideo

642 5711 896 5783 all'erunt,
923 5716 1046 5785 quia
1076 5716 1197 5773 vivo
1237 5725 1291 5773 et
1322 5731 1448 5773 vero
1490 5716 1600 5776 Deo
1646 5720 1886 5776 omnium
1928 5719 2064 5777 lides
2103 5719 2213 5778 cir-

2331 3276 2678 3331 damnatione
2702 3266 3015 3347 eripiamur.
3065 3277 3131 3333 de
3153 3293 3259 3348 qua
3281 3279 3543 3337 Dominus
3564 3279 3763 3336 Christus
3786 3278 3821 3329 ia

2334 3367 2439 3422 line
2468 3366 2652 3422 mundi
2709 3367 2951 3422 dicturus
2979 3367 3083 3421 erit
3138 3368 3322 3439 impiis
3357 3389 3369 3424 :
3403 3370 3482 3427 Ite
3526 3368 3749 3425 maledicti
3786 3366 3821 3417 is

2331 3456 2508 3526 ignem
2544 3465 2829 3520 aeternum,
2890 3465 2945 3513 et
2998 3466 3199 3514 cetera.
3256 3458 3326 3514 Et
3376 3460 3443 3516 ad
3492 3459 3629 3516 illum
3670 3468 3821 3528 ειαεαη

2327 3547 2624 3601 electorum
2680 3560 2901 3601 suorum
2949 3561 3045 3615 per
3089 3546 3311 3618 angelos
3362 3557 3585 3604 sanctos
3623 3542 3821 3601 numeral

2329 3652 2652 3703 mereamur,
2699 3637 2784 3692 cui
2817 3636 3061 3692 dicturus
3088 3638 3191 3692 erit
3224 3657 3237 3691 :
3271 3637 3468 3695 Venite
3505 3636 3737 3695 Benedicti
3755 3631 3821 3687 Ps-

2329 3723 2426 3779 tris
2474 3725 2575 3779 mei
2621 3724 2892 3794 possidete
2924 3740 3166 3796 regnum,
3202 3736 3256 3782 et
3296 3738 3499 3784 cetera.
3540 3729 3687 3795 Quam
3725 3722 3821 3777 olla-

2328 3817 2517 3869 tionem
2568 3826 2625 3869 tu
2658 3816 2801 3870 Deus
2836 3817 2889 3870 in
2943 3818 3181 3872 omnibus
3227 3835 3528 3888 qucrsumtts
3562 3816 3820 3874 benedicta.

2326 3905 2668 3977 adscriptam,
2693 3916 2885 3973 rotant,
2928 3908 3311 3976 rationabilem,
3339 3909 3753 3977 acceptabileutqu
3766 3903 3821 3971 ll-

2326 4014 2439 4052 cere
2476 3997 2723 4067 digneris.
2760 3996 3038 4068 Supplicat
3068 3996 3354 4060 Sacerdos.
3387 4009 3448 4055 ut
3493 3999 3626 4053 illam
3660 3992 3820 4051 oblatio-

2326 4102 2473 4151 nem,
2504 4102 2663 4156 quam
2689 4087 2801 4156 ipse
2837 4103 2935 4157 pro
2956 4103 3015 4143 se
3037 4085 3213 4151 offert,
3242 4098 3299 4143 et
3330 4103 3430 4158 pro
3472 4087 3667 4159 populo,
3697 4080 3819 4138 omni-

2326 4186 2517 4247 potens
2537 4176 2702 4233 Pater
2716 4178 2963 4249 dignetur
2982 4178 3225 4247 accipere
3252 4179 3603 4245 benedictam,
3619 4186 3664 4231 et
3680 4174 3819 4230 habere

2325 4267 2673 4337 adscriptam,
2726 4268 2829 4323 hoc
2869 4277 2970 4332 est,
3024 4269 3381 4340 adsignatum,
3428 4280 3487 4324 ut
3521 4268 3613 4323 sibi
3655 4265 3816 4335 placeat

2326 4357 2538 4423 Ratam,
2567 4358 2669 4413 hoc
2699 4367 2803 4424 est,
2835 4359 3155 4429 iudicatam,
3192 4370 3251 4415 ut
3272 4361 3491 4431 dignam
3521 4359 3651 4413 illam
3669 4354 3816 4425 judictt

2326 4450 2378 4503 in
2410 4459 2699 4521 conspectu
2730 4466 2827 4507 suo
2851 4450 3054 4507 oll‘erri.
3080 4451 3497 4519 Rationabilem,
3533 4452 3689 4514 idest,
3720 4446 3815 4514 ius"

2325 4540 2537 4595 ratione
2581 4539 2791 4610 plenam
2836 4540 3015 4597 facere
3066 4541 3335 4613 dignetur.
3393 4542 3528 4610 Quia
3558 4550 3669 4595 tunc
3691 4535 3816 4592 illiut

2327 4632 2696 4701 acceptabilis,
2719 4632 2764 4688 si
2790 4642 2935 4688 recte
2962 4634 3249 4690 credentes
3273 4649 3375 4705 pro
3416 4635 3555 4706 justa
3580 4633 3748 4688 ratione
3759 4623 3814 4679 ol-

2324 4720 2569 4776 l'erimus.
2595 4721 2805 4777 Justum
2842 4732 2923 4778 est
2952 4723 3246 4793 postulare,
3278 4733 3336 4778 ut
3372 4724 3462 4779 illa
3485 4722 3812 4787 oblatio,quam

2324 4826 2423 4867 nos
2449 4813 2839 4867 rationabiliter
2876 4813 3174 4881 oﬂ'erimus,
3218 4815 3382 4871 Pater
3406 4815 3712 4887 omnipotens
3729 4823 3815 4863 san-

2325 4901 2613 4957 ctificantlo
2663 4901 2847 4968 faciat,
2906 4914 2961 4956 ut
3011 4904 3157 4957 nobis
3192 4903 3395 4974 Corpus
3432 4916 3480 4959 et
3528 4895 3813 4972 δακρύεῇ

2326 4989 2648 5044 dilectissimi
2680 4988 2809 5046 Filii
2830 4994 2911 5045 sui
2937 4992 3146 5046 Domini
3168 4994 3332 5047 nostri
3357 4992 3487 5048 Jesu
3507 4990 3694 5047 Christi.
3711 4980 3810 5041 Patri

2325 5080 2554 5136 dilectus
2583 5091 2666 5137 est
2689 5081 2879 5148 Filius,
2913 5084 3052 5138 sicut
3091 5084 3203 5153 ipse
3241 5083 3406 5140 Pater
3449 5092 3656 5140 testatus
3688 5074 3812 5135 esti!

2324 5170 2464 5228 coelo
2485 5172 2669 5227 dicens
2695 5190 2709 5228 :
2740 5172 2840 5228 llic
2867 5188 2951 5228 ρει
2979 5174 3144 5229 Filius
3171 5191 3321 5230 meus
3344 5175 3584 5237 dilectus,
3606 5181 3653 5228 et
3667 5179 3809 5226 cetcn-
3900 5230 3901 5233 η

2324 5261 2392 5315 Et
2424 5277 2523 5316 nos
2545 5277 2668 5317 eum
2692 5261 2914 5334 diligere
2947 5266 3221 5332 debemus,
3248 5266 3371 5336 quia
3389 5266 3503 5337 ipse
3535 5264 3664 5336 prior
3680 5255 3811 5316 dilexit

2323 5369 2440 5420 nos,
2471 5364 2526 5411 et
2548 5370 2739 5426 passus
2768 5363 2852 5412 est
2872 5369 2969 5427 pro
3006 5358 3179 5414 nobis.
3900 5328 3901 5367 ι

2393 5442 2498 5511 Qui
2532 5446 2724 5516 pridie,
2749 5461 2907 5515 quam
2944 5455 3209 5516 pateretur
3228 5447 3425 5517 accepit
3452 5460 3623 5516 panem
3640 5443 3809 5496 insut-

2320 5545 2401 5591 tas
2428 5554 2490 5591 ac
2519 5535 2834 5590 venerabiles
2864 5550 3048 5590 manus
3074 5553 3198 5591 suas
3215 5578 3229 5602 ,
3253 5537 3459 5591 elevatis
3496 5532 3644 5590 oculis
3674 5531 3718 5582 is
3741 5537 3808 5577 α’

2319 5626 2427 5681 lum
2478 5624 2548 5681 ad
2595 5636 2645 5682 te
2697 5629 2831 5685 Dum
2881 5629 3097 5687 Patrem
3139 5648 3291 5688 suum
3335 5630 3717 5702 omnipotentem,
3746 5612 3806 5669 ιὶδί

2318 5722 2516 5792 gratias
2558 5739 2716 5794 agens
2774 5724 3050 5793 benedixit,
3079 5726 3255 5799 fregit,
3303 5726 3443 5782 dedit
3482 5708 3802 5793 discipuli!“lii
