3962 5386
154 322 279 378 “69

1339 326 1697 384 EXPOSITIO
1730 326 1953 381 SUPER
1993 327 2266 383 MISSAM.

3257 323 3396 387 mo‘

148 441 313 493 dicens
349 453 364 490 :
395 440 650 508 Accipite,
688 448 734 492 et
781 440 1090 492 manducate
1128 456 1190 494 ea:
1222 444 1317 494 hoc
1370 459 1575 507 omnes,
1619 443 1715 494 hoc
1743 426 1788 483 Α
1817 443 1956 496 clare
1983 444 2243 512 majestati
2291 456 2395 497 tute
2421 445 2485 498 de
2514 447 2615 500 tuis
2658 447 2806 501 donis
2852 466 2912 502 ac
2949 449 3106 512 datis,
3149 450 3389 506 Hostiam

149 541 216 583 cst
241 529 373 582 enim
403 543 590 595 corpus
616 544 807 580 meum.
838 525 1011 581 Simili
1039 529 1190 580 modo
1212 539 1389 597 postea
1412 547 1568 598 quam
1616 546 1714 582 cae-

149 629 319 670 natum
358 627 432 670 est
468 617 726 685 accipiens
770 626 816 669 et
847 617 983 668 hunc
1033 616 1349 684 praeclarum
1387 617 1618 670 Calicem
1659 621 1712 670 in

147 717 348 760 sanctas
393 721 454 759 ac
484 704 792 758 venerabiles
829 720 1016 756 manus
1047 721 1191 766 suas,
1226 705 1346 756 item
1397 704 1488 758 tibi
1516 706 1713 774 gratias

151 811 299 865 agens
330 793 610 860 benedixit,
633 793 772 846 dedit
802 792 1070 861 discipulis
1095 793 1203 845 suis
1226 794 1399 846 dicens
1423 807 1440 844 .·
1464 793 1710 864 Accipite,

147 896 190 940 et
217 885 366 938 bibite
402 898 468 936 ea:
503 899 562 936 eo
609 897 807 948 omnes,
838 883 920 935 hic
950 891 1024 936 est
1070 883 1206 936 enim
1251 882 1404 937 Catia:
1431 883 1712 953 Sanguinis

147 977 241 1029 mei
285 975 400 1027 novi
428 983 477 1026 et
522 974 703 1027 interni
749 975 1064 1037 testamenti,
1107 977 1406 1043 mysterium
1438 976 1591 1043 fidei,
1625 979 1713 1045 qui

147 1083 234 1137 pro
261 1065 421 1128 vobis,
448 1074 494 1119 et
516 1081 608 1133 pro
636 1065 813 1116 multis
835 1064 1131 1132 eﬂ‘undetur
1151 1066 1202 1117 in
1229 1065 1579 1119 remissionem
1604 1082 1715 1135 pec-

147 1166 396 1209 catorum.
443 1153 572 1208 Ila'c
599 1155 1004 1224 quotiescunque
1034 1155 1279 1222 feceritis,
1316 1157 1370 1208 in
1401 1157 1500 1210 mei
1523 1172 1714 1209 memo-

147 1247 274 1298 riam
303 1243 525 1313 facietis.
556 1243 726 1310 Quam
761 1243 1169 1308 intermisimus,
1216 1245 1305 1314 qui
1333 1245 1525 1314 pridie,
1552 1261 1714 1315 quam

148 1342 434 1404 pauretur,
459 1334 561 1388 hoc
596 1341 700 1398 est,
724 1333 917 1402 pridie,
946 1347 1106 1401 quam
1137 1334 1249 1402 ipse
1286 1350 1475 1403 passus
1503 1345 1586 1389 est
1617 1350 1713 1406 pro

148 1424 294 1478 nobis
318 1422 485 1476 voluit
511 1421 725 1477 tradere
755 1421 1032 1490 discipulis
1057 1422 1168 1475 suis
1197 1422 1450 1490 Corporis
1485 1432 1540 1478 et
1569 1422 1710 1478 San-

148 1515 312 1586 guinis
348 1517 432 1569 sui
476 1514 818 1586 mysterium,
850 1523 909 1567 ut
949 1513 1019 1566 illi
1053 1514 1326 1568 traderent
1371 1515 1545 1571 nobis.
1584 1515 1714 1582 Quis

147 1622 392 1677 umquam
425 1607 693 1670 crederet,
731 1605 873 1674 quod
904 1605 1057 1672 panis
1102 1605 1154 1658 iu
1205 1620 1422 1659 carnem
1453 1607 1715 1675 potuisset

146 1697 394 1762 converti,
429 1696 510 1751 vel
541 1684 721 1750 vinum
746 1695 796 1749 in
826 1695 1162 1765 sanguinem,
1195 1695 1298 1748 nisi
1326 1695 1439 1766 ipse
1463 1697 1714 1750 Salvator

1817 551 2025 602 puram,
2072 534 2311 589 Hostiam
2375 549 2644 603 sanctam,
2690 538 2928 594 Ilostiam
2974 542 3388 607 immaculatum,

1821 623 2016 677 Panem
2044 636 2279 678 sanctum
2322 627 2438 681 rita:
2465 638 2692 693 ceteram,
2717 641 2762 683 et
2787 627 3014 684 Calicem
3045 632 3230 686 salutis
3275 651 3392 702 per-

1815 725 2002 783 petute.
2032 716 2255 772 Domine
2282 719 2521 772 omnium
2539 734 2805 773 memores
2832 721 3260 788 supradictarum
3294 723 3390 774 ho-

1819 803 2043 857 nitatum
2074 813 2317 870 tuarum,
2365 805 2642 862 oﬁ‘erimus
2683 818 2785 861 tua:
2832 809 3097 877 majestati
3154 808 3384 863 hostiam

1817 912 2028 966 puram,
2059 898 2158 951 hoc
2187 907 2287 960 est,
2319 913 2453 967 puro
2480 900 2660 963 corde,
2694 901 2817 969 quia
2848 916 3037 969 purum
3066 909 3150 954 est
3190 915 3388 970 corpus

1818 989 2168 1056 tuum,quod
2219 989 2283 1043 de
2333 990 2434 1044 hoc
2481 1004 2620 1058 pane
2655 989 2771 1044 ﬁeri
2811 991 3104 1046 credimus.
3150 990 3389 1045 Hostiam

1815 1088 2082 1142 sanctam,
2115 1079 2239 1147 quia
2271 1089 2325 1133 tu
2354 1080 2701 1134 sanctiﬁeasti
2736 1097 2931 1152 corpus
2973 1092 3143 1145 tuum,
3174 1083 3392 1150 quando

1818 1169 2086 1222 hominem
2117 1171 2169 1223 in
2204 1172 2369 1225 Deum
2416 1172 2784 1241 adsumpsisti,
2831 1180 2887 1228 et
2937 1188 3079 1226 nunc
3114 1173 3390 1227 sanctiﬁca

1817 1258 1957 1311 hunc
2003 1267 2056 1311 ct
2099 1273 2309 1326 panem,
2340 1268 2401 1312 ut
2432 1274 2632 1328 corpus
2663 1268 2811 1313 tuum
2847 1259 2958 1313 ﬁat.
3001 1257 3244 1313 llostiam
3286 1259 3388 1312 im-

1818 1347 2157 1408 maculatum,
2184 1348 2308 1416 quia
2347 1357 2402 1400 tu
2450 1349 2565 1402 sine
2615 1347 2824 1401 macula
2856 1347 3064 1418 peccati
3109 1362 3304 1416 passus
3330 1362 3388 1402 es

1815 1457 1912 1509 pro
1944 1441 2115 1495 nobis.
2148 1441 2344 1494 Panem
2377 1451 2620 1494 sanctum
2643 1441 2765 1495 vita:
2793 1449 3028 1500 aeternae,
3059 1439 3183 1508 quia
3217 1446 3269 1492 tu
3292 1453 3390 1506 pa-

1816 1532 1899 1584 nis
1925 1531 2076 1584 vivus
2097 1547 2176 1595 es,
2205 1531 2293 1600 qui
2324 1530 2390 1586 de
2419 1531 2554 1586 caelo
2575 1529 2916 1588 descendisti.
2949 1537 3003 1583 et
3022 1543 3215 1598 corpus
3241 1536 3392 1582 tuum

1817 1622 1868 1673 in
1898 1621 1998 1674 hoc
2029 1637 2165 1690 pane
2195 1638 2224 1674 a
2274 1632 2324 1674 te
2355 1623 2692 1676 sanctilicato
2741 1636 2838 1674 nos
2880 1620 3125 1687 accipere
3154 1619 3386 1681 voluisti,

1815 1722 1864 1765 et
1895 1728 1989 1780 per
2018 1711 2239 1766 calicem
2284 1712 2550 1782 passionis
2592 1721 2716 1770 tua),
2747 1727 2842 1766 nos
2873 1710 3190 1779 sanguinem
3238 1717 3384 1761 tuum

145 1791 355 1853 diceret,
388 1789 484 1858 qui
530 1803 719 1858 panem
752 1795 807 1841 et
852 1786 1033 1840 viuum
1067 1789 1289 1852 creavit,
1319 1796 1374 1840 et
1423 1789 1603 1842 omnia
1645 1805 1711 1843 ex

1816 1817 2028 1856 sumere
2078 1802 2309 1856 voluisti.
2359 1801 2436 1854 Tu
2501 1803 2776 1856 sanctiﬁca
2823 1802 2963 1854 hanc
3011 1800 3278 1863 hostiam,
3333 1807 3393 1851 ut

148 1878 304 1934 nihilo
357 1878 508 1933 fecit.
542 1878 780 1932 Facilius
824 1885 908 1930 est
946 1876 1144 1944 aliquid
1182 1892 1245 1929 ex
1283 1877 1464 1946 aliquo
1513 1878 1711 1943 facere,

147 1983 295 2040 quam
326 1969 509 2023 omnia
540 1983 604 2021 ex
639 1966 806 2021 nihilo
835 1975 1042 2021 creare.
1098 1965 1214 2036 Ipse
1255 1966 1502 2020 Salvator
1550 1966 1715 2022 voluit

147 2065 328 2127 corpus
351 2056 648 2110 humanum
676 2055 972 2126 suscipere,
1021 2063 1073 2107 et
1130 2055 1402 2114 hominem
1434 2055 1544 2110 Deo
1579 2073 1711 2111 con-

141 2147 376 2217 jungere,
404 2156 465 2200 ut
504 2161 643 2200 unus
679 2145 833 2200 ﬁeret
881 2145 1147 2199 mediator
1180 2144 1272 2198 Dei
1323 2153 1377 2199 et
1413 2146 1709 2201 hominum.

151 2239 306 2294 llomo
344 2238 592 2294 Christus
625 2237 780 2293 Jcsus
820 2239 933 2308 ipse
967 2236 1135 2292 voluit
1179 2252 1274 2306 per
1319 2253 1417 2292 nos
1437 2254 1632 2308 panem
1660 2251 1715 2294 et

149 2329 315 2382 viuum
345 2327 527 2384 oﬁ‘erri
555 2329 682 2393 sibi,
714 2338 768 2383 et
792 2329 859 2383 ab
888 2328 1005 2397 ipso
1025 2327 1280 2382 divinitus
1309 2329 1638 2394 consecrari,
1663 2338 1717 2382 et

152 2420 371 2475 ﬁdelem.
393 2419 648 2489 p0pulum
681 2419 926 2482 credere,
976 2433 1162 2472 verum
1193 2433 1314 2472 esse
1363 2420 1674 2488 mysterium
1697 2460 1711 2483 ,

148 2511 276 2582 quod
304 2513 416 2580 ipse
449 2511 673 2566 tradidit
716 2510 992 2580 discipulis
1033 2510 1147 2566 suis
1177 2511 1362 2565 dicens
1399 2529 1412 2564 :
1461 2511 1710 2580 Accipite,

147 2615 190 2657 et
216 2603 525 2657 manducate
574 2618 637 2656 ex
686 2603 783 2656 hoc
825 2618 1021 2656 omnes.
1051 2602 1316 2656 Similiter
1350 2613 1404 2656 et
1439 2602 1504 2656 de
1546 2602 1713 2656 calice

148 2693 270 2748 dixit
296 2711 308 2746 :
340 2693 586 2762 Accipite,
615 2702 663 2746 et
693 2691 848 2746 bibite
866 2707 929 2745 ex
949 2707 1008 2745 eo
1039 2707 1233 2745 omnes.
1265 2691 1329 2744 Et
1358 2691 1570 2760 quando
1589 2707 1714 2746 ocu-

151 2782 222 2835 los
239 2781 302 2835 ad
331 2780 530 2836 caelum
561 2779 780 2845 levavit,
817 2788 870 2834 et
917 2779 1066 2833 Patri
1107 2780 1310 2848 gratias
1341 2781 1470 2850 egit,
1495 2795 1591 2834 nos
1628 2779 1717 2834 do-

148 2871 266 2935 cuit,
287 2871 422 2940 quod
455 2885 554 2927 nos
573 2869 791 2925 Patrem
818 2882 1033 2939 semper
1054 2870 1357 2939 supplicare
1373 2869 1714 2934 deberemus,

149 2971 276 3037 quod
327 2966 414 3021 ille
471 2975 580 3020 tam
635 2979 888 3035 magnum
941 2963 1347 3018 Sacramentum
1393 2979 1488 3033 per
1528 2979 1718 3017 manus

150 3066 347 3113 nostras
378 3058 645 3128 perlicere
675 3057 945 3128 dignetur.
973 3055 1180 3110 Etcum
1213 3055 1436 3122 diceret,
1459 3056 1567 3109 lucc
1589 3072 1718 3125 quo-

1819 1891 1974 1944 nobis
2009 1907 2205 1959 corpus
2227 1899 2398 1954 tuum,
2429 1901 2484 1946 et
2512 1893 2729 1962 sanguis
2759 1901 2881 1946 tuus
2913 1892 3022 1945 ﬁat.

1885 1978 2060 2048 Supra
2080 1997 2195 2050 qua:
2220 1981 2445 2050 propitio
2481 1997 2542 2033 ac
2595 1996 2774 2033 sereno
2806 1979 2950 2033 vultu
2982 1979 3252 2046 respicere,
3291 1977 3396 2029 hoc

1813 2069 2187 2139 deprecamur,
2217 2080 2274 2126 ut
2307 2070 2468 2126 Pater
2506 2079 2726 2127 sanctus
2773 2087 2934 2141 supra
2980 2072 3115 2125 dona
3163 2085 3191 2122 a
3238 2067 3392 2122 nobis

1813 2162 2002 2218 oﬁerta
2033 2163 2122 2232 pio
2167 2172 2222 2217 et
2259 2162 2454 2218 blando
2480 2163 2626 2217 vultu
2659 2171 2714 2218 et
2741 2162 2892 2217 claro
2926 2161 3180 2232 dignetur
3222 2159 3391 2228 respl-

1814 2267 1958 2316 ccre,
1985 2252 2035 2304 id
2062 2260 2144 2306 cst
2170 2252 2372 2306 videre.
2402 2250 2468 2305 Et
2490 2262 2699 2321 accepta
2728 2252 2938 2314 habere,
2993 2250 3128 2302 sicut
3172 2258 3383 2315 accepta

1813 2341 2000 2394 habere
2027 2341 2272 2410 dignatus
2302 2357 2375 2405 es,
2409 2357 2627 2394 munera
2654 2341 2801 2409 pueri
2850 2342 2925 2392 tui
2963 2338 3097 2408 justi
3151 2336 3299 2402 Abel,
3340 2349 3388 2389 et

1814 2430 2128 2496 sacri/icium
2190 2427 2518 2482 Patriarcha:
2547 2430 2711 2483 nostri
2752 2427 3000 2492 Abrahce,
3027 2436 3074 2480 et
3123 2427 3259 2496 quod
3299 2425 3390 2478 tibi

1815 2520 1999 2573 obtulit
2024 2537 2255 2573 summus
2287 2518 2540 2574 Sacerdos
2564 2528 2683 2573 tuus
2724 2518 3122 2582 Melchisedech,
3151 2526 3390 2570 sanctum

1815 2608 2152 2677 sacriﬁcium,
2184 2608 2573 2663 inunaculatam
2607 2607 2866 2661 Hostiam.
2914 2608 3150 2675 Accepta
3201 2603 3390 2659 habuit

1819 2700 2078 2755 Dominus
2112 2715 2331 2754 munera
2368 2698 2521 2762 Abel,
2570 2698 2693 2767 quia
2737 2696 2990 2766 quicquid
3020 2695 3279 2764 optimum
3312 2695 3389 2746 iu-

1817 2792 1983 2853 venit,
2015 2790 2206 2860 optulit
2237 2788 2484 2853 Domino,
2511 2802 2564 2844 ct
2590 2789 2842 2857 nosjusta
2871 2803 3091 2842 ntunera
3115 2796 3166 2839 et
3193 2784 3386 2839 munda

1820 2884 1928 2939 Deo
1975 2883 2174 2936 mundo
2210 2885 2372 2936 corde
2403 2881 2598 2936 oﬁ‘crre
2642 2881 2918 2935 debemus.
2969 2878 3239 2931 Abraham
3281 2873 3389 2928 ﬁiio

1819 2987 1916 3026 suo
1967 2971 2112 3025 Isaac
2143 2987 2248 3024 non
2295 2971 2554 3040 pepercit,
2587 2971 2678 3024 sed
2711 2969 2970 3023 obediens
3009 2965 3236 3035 jussioni
3286 2964 3391 3017 Do-

1819 3061 1948 3114 mini
1971 3060 2164 3116 oﬁ'erre
2184 3075 2306 3116 eum
2333 3061 2520 3114 voluit.
2546 3059 2938 3114 Melchisedech
2967 3058 3171 3128 primus
3191 3057 3389 3110 Sacer-

149 3153 424 3221 tiescunque
451 3151 677 3221 feceritis
722 3151 776 3204 in
808 3151 907 3205 mei
948 3152 1248 3204 memoriam
1283 3149 1515 3218 facietis,
1552 3149 1712 3218 jussit
1739 3129 1783 3190 C
1815 3149 1910 3204 dos
1929 3149 2153 3204 Domino
2179 3164 2372 3220 panem
2395 3158 2448 3206 et
2474 3149 2654 3202 vinum
2679 3148 2889 3218 optulit,
2913 3155 2966 3201 et
2989 3147 3108 3200 ideo
3129 3143 3388 3212 scriptum

151 3257 237 3296 nos
259 3243 395 3298 illius
418 3243 690 3314 passionis
719 3255 993 3295 memores
1021 3255 1160 3303 esse,
1187 3249 1386 3310 quanta
1438 3255 1535 3309 pro
1560 3240 1714 3294 nobis

148 3333 406 3386 sustinuit.
460 3331 623 3388 Omni
657 3341 899 3401 tempore
946 3344 1217 3385 memores
1266 3345 1384 3384 esse
1437 3331 1710 3394 debemus,

148 3421 349 3488 quando
375 3423 480 3476 hoc
511 3420 921 3475 Sacramentum
944 3418 1302 3485 celebramus,
1329 3429 1382 3474 et
1409 3418 1526 3486 ejus
1554 3420 1716 3474 mise-

151 3509 380 3565 ricordiae
429 3526 539 3564 non
590 3519 792 3564 nostra:
826 3507 1054 3563 bonitati
1084 3505 1335 3560 ﬁduciam
1383 3507 1532 3561 dare.
1568 3505 1715 3560 Unde

150 3609 192 3652 et
214 3616 458 3654 memores
489 3616 672 3653 sumus
698 3597 919 3652 Domine
948 3613 1040 3650 nos
1073 3597 1204 3650 servi
1249 3597 1345 3660 tui,
1369 3596 1458 3649 sed
1497 3604 1544 3648 et
1573 3594 1714 3664 plebs

148 3698 228 3743 tua
263 3701 444 3744 sancta
473 3688 668 3743 Christi
700 3686 831 3741 Filii
873 3687 949 3740 tui
993 3686 1206 3740 Domini
1252 3687 1346 3740 Dei
1375 3687 1557 3751 nostri,
1609 3701 1716 3739 tne-

151 3793 314 3835 mores
340 3795 439 3835 nos
463 3793 584 3834 esse
615 3777 940 3834 Sacerdotes
991 3776 1342 3846 proﬁtemur;
1396 3785 1557 3844 atque
1598 3773 1712 3845 ple-

149 3867 260 3923 bern
285 3884 581 3924 memorem
611 3883 734 3924 esse
765 3877 1047 3933 testamur,
1078 3866 1280 3923 Christi
1324 3865 1446 3923 Filii
1489 3868 1564 3921 tui
1605 3867 1712 3922 Do-

151 3961 267 4015 mini
297 3963 388 4016 Dei
438 3962 632 4017 nostri.
666 3961 790 4016 ldeo
820 3960 1141 4015 Sacerdotes
1180 3959 1409 4015 ﬁdeliter
1449 3974 1715 4014 memores

147 4063 258 4104 esse
285 4051 504 4116 debent,
550 4050 675 4119 quia
710 4049 813 4120 ipsi
842 4047 1060 4103 Missam
1103 4046 1399 4109 celebrant,
1425 4055 1479 4100 et
1503 4045 1713 4100 sacriﬁ-

148 4139 278 4192 cium
299 4139 536 4194 oﬁ'erunt
557 4138 758 4194 Christi
783 4137 1031 4206 exemplo
1060 4138 1331 4191 instructi.
1366 4137 1433 4189 Et
1456 4135 1594 4190 scire
1624 4135 1714 4190 de-

150 4229 350 4296 debant,
379 4231 471 4300 qui
501 4229 794 4296 celebrant,
828 4230 954 4300 quia
989 4227 1151 4284 stulta
1181 4227 1472 4299 postulatio
1527 4237 1630 4293 est,
1668 4228 1714 4282 si

151 4324 327 4389 nescit,
342 4326 484 4394 quod
503 4323 756 4393 postulat.
775 4321 930 4377 Plebs
946 4329 1134 4376 sancta
1160 4320 1280 4374 ideo
1307 4319 1604 4374 meminere
1625 4319 1714 4372 de-

96 4459 101 4466 .
151 4411 250 4474 bet,
271 4414 394 4482 quia
428 4413 678 4468 Christus
706 4428 812 4467 non
835 4412 1006 4467 solum
1042 4425 1140 4480 pro
1173 4408 1559 4465 Sacerdotibus
1577 4423 1704 4479 pas-

150 4517 234 4556 sus
257 4514 357 4567 est,
387 4504 480 4557 sed
507 4513 558 4558 et
584 4520 682 4574 pro
717 4503 894 4572 plebe.
933 4502 1128 4556 Sancta
1162 4501 1280 4556 ideo
1320 4499 1539 4565 dicitur,
1582 4499 1707 4569 quia

101 4642 108 4646 .
153 4587 249 4643 ﬁde
273 4605 336 4645 ac
363 4592 631 4661 baptismo
675 4593 876 4648 Christi
927 4600 1180 4662 percepto
1215 4589 1548 4645 sanctiﬁcata
1603 4600 1708 4654 est,

153 4679 299 4733 inodo
343 4681 562 4744 iudicat,
595 4683 736 4736 unde
785 4681 1080 4734 meminere
1119 4680 1336 4745 debent,
1369 4680 1421 4734 id
1472 4687 1556 4734 est
1605 4690 1708 4732 tam

151 4764 299 4820 beata:
335 4765 622 4829 Passionis,
658 4785 750 4822 nec
790 4785 892 4821 non
932 4769 995 4822 ab
1039 4769 1219 4838 inferis
1269 4767 1706 4831 Resurrectionis,

155 4870 236 4907 nec
263 4852 364 4910 non
406 4858 461 4912 in
511 4859 664 4914 caelos
710 4859 1041 4912 Ascensionis
1074 4859 1316 4928 gloriosa:
1353 4858 1547 4912 Christi
1580 4857 1710 4911 Filii

143 4941 254 4997 Dei.
280 4947 544 5002 Passionis
596 4965 858 5004 memores
887 4964 1008 5004 esse
1043 4950 1318 5013 debemus,
1345 4951 1470 5018 quia
1510 4951 1702 5004 anim-.e

147 5030 291 5096 iusta:
334 5037 400 5090 ab
446 5036 629 5092 inferis
658 5055 754 5109 per
802 5042 1252 5095 resurrectionem
1297 5037 1414 5104 ejus
1463 5041 1702 5096 liberata:

155 5132 262 5148 ιιι-ας.
313 5125 562 5150 ριλκξλρ,-
597 5131 850 5150 ..-Α--μμῖ-.
878 5130 921 5152 3-
957 5131 1064 5152 ΑΒ..-
1099 5143 1363 5152 μ--..Α-ΑΑ
1400 5145 1512 5154 -..λη
1545 5131 1672 5154 ,λαὶ-Α

1815 3249 1897 3295 est
1942 3240 1993 3294 in
2047 3240 2254 3309 psalmo
2286 3257 2298 3294 :
2339 3240 2418 3294 'l‘u
2449 3254 2509 3295 es
2536 3239 2799 3294 Sacerdos
2827 3239 2879 3292 in
2907 3246 3165 3291 aeternum
3193 3248 3386 3288 secun-

1817 3329 1942 3383 dum
1969 3329 2213 3384 ordinem
2237 3328 2650 3384 Melchisedech.
2680 3327 2815 3394 Quia
2839 3328 2979 3380 sicut
3001 3323 3388 3382 Melcltis‘klcch

1813 3433 2006 3487 panem
2028 3427 2083 3472 et
2110 3419 2314 3482 vinum,
2339 3418 2413 3472 ita
2435 3429 2489 3471 et
2509 3417 2758 3472 Christus
2784 3417 2834 3470 in
2859 3417 3109 3490 [laesione
3131 3437 3225 3474 sua
3255 3423 3389 3473 (lor-

1815 3522 1914 3574 pus
1940 3514 1994 3560 et
2023 3505 2352 3578 Sanguinem
2371 3521 2528 3561 suum
2556 3506 2750 3578 optulit
2773 3507 2880 3564 Deo
2910 3510 3052 3563 Patri
3081 3526 3178 3579 pro
3217 3511 3386 3572 nobis,

1815 3603 1869 3646 et
1907 3595 1957 3647 in
1998 3609 2137 3662 pauc
2176 3605 2233 3649 et
2286 3596 2410 3650 vino
2469 3598 2734 3666 passionis
2786 3613 2895 3652 suae
2939 3599 3252 3668 mysterium
3291 3613 3390 3651 nos

1816 3682 2015 3736 imitari
2049 3683 2237 3750 voluit,
2263 3685 2476 3754 quando
2499 3685 2774 3755 discipulis
2795 3686 2907 3741 suis
2933 3687 3066 3740 dans
3096 3701 3288 3755 panem
3335 3697 3389 3740 et

1814 3773 2035 3827 calicem
2064 3772 2199 3826 dixit
2231 3787 2244 3826 :
2277 3772 2386 3828 lloc
2414 3785 2496 3829 est
2517 3774 2726 3846 Corpus
2759 3791 2956 3838 meum,
2992 3785 3046 3830 et
3077 3777 3163 3831 hic
3190 3775 3388 3831 estCa-

1815 3863 1886 3918 lix
1937 3863 2224 3934 Sanguinis
2270 3865 2398 3930 mei,
2435 3873 2489 3920 et
2521 3880 2618 3919 nos
2648 3867 2952 3936 supplicare
2997 3866 3271 3920 debemus.
3321 3866 3386 3920 Ut

1815 3954 1954 4008 sicut
1980 3969 2140 4022 supra
2173 3953 2440 4009 dictorum
2477 3953 2698 4009 Patrum
2747 3965 2971 4024 accepta
3019 3955 3236 4009 fuerunt
3279 3956 3386 4009 Deo

1815 4061 2060 4110 munera,
2108 4047 2180 4100 ita
2227 4045 2354 4099 ﬁant
2398 4057 2454 4100 et
2494 4055 2695 4100 nostra.
2732 4046 3000 4116 Supplices
3041 4057 3088 4100 te
3145 4063 3384 4116 rogamus

1814 4138 2136 4207 nnmipotens
2170 4137 2328 4203 Deus,
2351 4137 2480 4206 jube
2506 4139 2617 4191 haec
2635 4138 2853 4208 perferri
2870 4154 2972 4206 per
2995 4155 3180 4190 manus
3202 4138 3384 4206 Angeli

1814 4229 1891 4282 tui
1920 4230 1976 4281 in
2001 4228 2219 4282 sublime
2247 4227 2416 4283 altare
2443 4237 2612 4292 tuum,
2655 4230 2708 4281 in
2741 4238 3014 4285 conspectu
3040 4229 3228 4280 dicina
3261 4227 3380 4279 Ma-

1804 4320 2013 4389 jestatis
2035 4329 2159 4386 tute,
2190 4319 2465 4375 humiliter
2493 4319 2842 4391 postulamus,
2872 4329 2930 4373 ut
2957 4333 3178 4374 munera
3200 4327 3382 4372 nostra

1815 4427 1976 4480 super
2010 4411 2113 4466 hoc
2143 4410 2334 4476 altare,
2365 4411 2508 4481 quod
2561 4411 2730 4466 videri
2760 4418 2937 4480 potest
2971 4409 3181 4474 oﬁ'erta,
3224 4408 3384 4462 Pater

1805 4501 1992 4570 jubeat
2023 4501 2260 4556 caelestis
2287 4515 2382 4569 per
2413 4516 2602 4556 manus
2622 4501 2798 4572 angeli
2817 4501 2896 4554 sui
2922 4498 3146 4568 perferri
3176 4498 3234 4550 in
3253 4497 3385 4550 illud

1809 4590 1974 4646 altum
2001 4590 2170 4645 altare
2202 4597 2326 4645 ante
2353 4591 2588 4646 divinam
2640 4589 2977 4658 majestatem
3029 4601 3203 4649 suam,
3241 4587 3385 4654 quod

1808 4683 1978 4739 oculis
2005 4684 2206 4739 nostris
2240 4683 2424 4737 videre
2465 4697 2570 4737 non
2600 4693 2905 4750 possumus,
2948 4678 3074 4745 quia
3107 4675 3386 4744 corporale

1809 4792 1914 4830 non
1944 4786 2046 4841 est,
2076 4776 2167 4830 sed
2193 4771 2452 4843 spiritale.
2485 4772 2554 4827 Et
2573 4772 2713 4827 sicut
2742 4784 2841 4825 nos
2870 4767 3110 4823 divinam
3133 4764 3389 4832 majesta-

1811 4876 1918 4919 tem
1948 4864 2124 4920 Patris
2147 4863 2493 4930 investigare,
2529 4862 2621 4918 sed
2658 4861 2836 4931 potius
2861 4858 3115 4920 credere,
3144 4864 3199 4908 ut
3235 4863 3389 4923 quot-

1809 4966 1931 5025 quot
1959 4972 2024 5010 ea:
2052 4958 2149 5009 hac
2176 4953 2360 5006 altaris
2391 4953 2788 5023 participatione
2820 4956 3220 5004 sacrosanctum
3264 4939 3396 4993 Filii

1807 5047 1882 5110 tui
1907 5044 2107 5116 Corpus
2131 5054 2175 5097 et
2205 5041 2526 5110 Sanguinem
2569 5042 2941 5113 sumpserimus
2982 5035 3128 5094 omni
3165 5029 3401 5116 benedic-

1837 5137 1847 5147 -
1994 5134 2168 5156 se,s_-.:
2220 5141 2258 5156 ,ο
2293 5130 2455 5156 ..-κιεκ
2479 5133 2774 5156 ..---t-------..
2799 5143 2891 5156 ...υ
2920 5126 3199 5156 Ρι-ἒοηηη
3235 5115 3412 5156 Domi-
