3962 5386
583 333 712 389 1171

1385 329 1670 383 APPE'ND.
1710 328 1802 382 AD
1840 326 2014 382 SAEC.
2054 323 2117 378 X.
2144 354 2212 362 -—
2235 319 2664 378 MONUMENTA
2705 321 2977 379 LITURG.

3703 319 3830 374 {173

583 455 853 502 nostrum.
895 441 1059 498 Nobis
1086 459 1285 513 quoque
1309 442 1682 512 peccatoribus,
1712 440 1923 509 famulis
1955 441 2058 494 tuis
2086 439 2149 491 de
2178 443 2223 499 A
2251 453 2314 491 eo
2340 438 2480 507 quod
2532 439 2756 507 pedibus
2793 436 3000 491 teritur.
3057 435 3251 490 Panem
3300 443 3540 490 nostrum
3590 433 3827 486 cottidia-

585 536 920 590 multitudine
947 535 1338 587 miserationum
1371 543 1578 586 tuarum
1603 532 1928 601 sperantibus
1955 541 2154 600 partem

585 630 814 699 aliquam
864 626 938 682 vel
985 627 1280 680 societatem
1337 625 1533 677 donare
1591 623 1818 691 digneris
1883 639 1997 674 cum
2053 623 2156 675 tuis

584 721 778 773 sanctis
799 715 1078 786 Apostolis,
1097 725 1143 768 et
1175 715 1517 785 Martyribus,
1544 713 1626 767 vel
1647 712 1897 767 omnibus
1917 712 2152 766 Sanctis.

582 807 708 861 llaec
740 806 916 860 omnia
947 803 1214 858 sacriﬁcia
1239 803 1360 857 ideo
1390 812 1516 856 sunt
1543 801 1732 856 oll‘erta
1766 811 1872 855 tam
1911 815 1939 853 a
1964 800 2157 855 Sacer—

581 899 728 961 dote,
756 911 916 965 quam
954 912 984 949 a
1037 895 1255 964 populo,
1287 901 1347 947 ut
1375 893 1714 962 omnipotens
1742 891 1882 944 Deus
1935 899 2154 959 peccata

582 995 766 1040 nostra
794 1002 900 1039 non
934 993 1162 1054 reputet,
1197 985 1290 1039 sed
1319 999 1441 1039 eum
1490 983 1692 1038 sanctis
1715 982 1828 1037 suis
1858 983 2011 1038 nobis
2033 999 2155 1052 por-

583 1075 783 1129 tionem
826 1075 1045 1128 tribuat.
1103 1073 1254 1126 Intra
1282 1088 1503 1143 quorum
1543 1088 1634 1124 nos
1678 1072 1997 1124 consortium
2051 1087 2154 1124 non

581 1165 868 1218 a’stimator
896 1164 1084 1228 meriti,
1121 1163 1210 1216 sed
1237 1163 1420 1228 venite,
1449 1178 1766 1232 quwsumus,
1809 1161 2027 1231 largitor
2054 1162 2153 1214 ad-

580 1257 744 1309 mitte.
783 1254 892 1309 Hoc
945 1269 1212 1325 rogamus,
1267 1262 1324 1306 ut
1358 1253 1471 1322 ipse
1503 1253 1641 1307 dixit
1682 1271 1696 1307 :
1739 1254 1793 1306 In
1833 1268 2154 1322 quacunque

580 1347 666 1400 die
689 1352 940 1415 peccator
962 1359 1254 1399 conversas
1274 1343 1454 1408 fuerit,
1485 1353 1539 1398 et
1561 1344 1930 1412 pmnitentiam
1960 1344 2148 1413 egerit,

579 1436 759 1489 omnia
784 1443 1002 1504 peccata
1055 1433 1172 1501 ejus
1223 1434 1273 1488 in
1311 1433 1580 1488 oblivione
1619 1442 1777 1488 erunt
1807 1449 1986 1488 coram
2045 1451 2146 1490 me.

579 1527 694 1580 Non
719 1527 1126 1582 retributionem
1155 1536 1499 1595 peccatorum
1523 1526 1768 1588 aestimet,
1807 1527 1898 1581 sed
1932 1527 2044 1595 ipse
2083 1527 2152 1582 sit

578 1617 749 1672 venite
785 1618 1021 1688 largitor,
1053 1627 1107 1670 et
1151 1618 1287 1671 intra
1346 1627 1653 1672 sanctorum
1697 1619 2002 1673 societatem
2054 1634 2150 1673 nos

579 1707 757 1761 mittat
785 1723 874 1776 per
906 1706 1172 1760 Christum
1223 1707 1500 1761 Dominum
1532 1718 1784 1762 nostrum.
1836 1708 1938 1762 Per
1986 1725 2146 1779 quem

2259 545 2382 581 num
2422 529 2491 582 da
2519 529 2662 582 nobis
2691 529 2862 582 hodie.
2915 528 3075 583 Panis
3114 529 3250 596 apud
3278 526 3488 582 Grecos
3544 525 3600 578 in
3658 534 3829 578 nostra

2256 616 2436 688 lingua
2472 617 2648 685 omnis
2690 617 3103 686 interpretatur,
3133 627 3186 670 et
3217 631 3314 669 nos
3340 630 3586 676 oramus,
3623 623 3684 666 ut
3725 628 3831 665 om.

2257 709 2503 778 nipotens
2544 707 2700 762 Pater
2724 723 2936 763 omnem
2981 709 3178 762 victum
3208 707 3510 776 spiritalem
3549 721 3616 759 ac
3650 720 3808 758 carm

2256 798 2357 852 lem
2390 799 2542 852 nobis
2564 798 2744 868 largiri
2770 798 3018 868 dignetur
3047 799 3191 852 omni
3231 807 3489 866 tempore.
3543 794 3616 847 Et
3645 796 3832 847 dimitte

2256 890 2402 944 nobis
2427 891 2597 943 debita
2626 900 2825 954 nostra,
2853 891 2984 943 sicut
3009 900 3056 943 ct
3093 906 3185 942 nos
3227 889 3545 941 dimittimus
3591 885 3831 938 debitori-

2255 980 2345 1034 bus
2371 982 2581 1034 nostris.
2611 979 2753 1034 Nihil
2780 981 2923 1035 euim
2957 979 3149 1045 injuste
3175 980 3318 1042 facit,
3353 978 3446 1046 qui
3483 975 3592 1030 sibi
3624 973 3828 1026 debenti

2253 1072 2486 1128 debitum
2517 1072 2765 1142 requirit.
2791 1071 2980 1126 Nullus
3018 1071 3133 1126 sine
3174 1071 3356 1125 debito
3387 1067 3728 1122 invenietur.
3772 1065 3830 1118 Et

2255 1162 2372 1217 ideo
2402 1163 2657 1217 debemus
2686 1161 3020 1216 debitoribus
3071 1161 3270 1215 nostris
3297 1159 3485 1214 debita
3537 1157 3824 1218 dimittere,

2252 1265 2311 1311 ut
2366 1255 2519 1310 nobis
2581 1255 2926 1324 omnipotens
2983 1261 3165 1307 nostra
3211 1252 3490 1314 dimittat,
3547 1248 3680 1316 quia
3727 1247 3826 1314 ipse

2252 1346 2424 1400 dixit:
2457 1344 2516 1400 Si
2556 1361 2658 1398 non
2690 1343 2988 1397 remiseritis
3025 1327 3381 1412 unusquisque
3425 1338 3594 1406 fratri
3630 1352 3726 1388 suo
3771 1336 3827 1389 de

2251 1435 2492 1489 cordibus
2520 1436 2720 1499 vestris,
2749 1451 2840 1489 nec
2869 1435 3030 1488 Pater
3056 1443 3219 1488 vester
3243 1431 3465 1486 caelestis
3499 1428 3724 1482 remittet
3753 1441 3827 1478 ro-

2250 1527 2324 1580 bis
2352 1536 2561 1595 peccata
2593 1537 2778 1590 vestra,
2809 1535 2862 1580 et
2892 1526 3017 1579 alibi
3055 1544 3067 1578 :
3098 1525 3414 1594 Auferentur
3442 1523 3509 1576 de
3539 1537 3701 1591 regno
3725 1521 3825 1586 ejus

2250 1620 2424 1673 omnia
2465 1618 2736 1672 scandala.
2771 1619 2836 1673 Et
2885 1619 3076 1672 iterum
3107 1637 3118 1672 :
3154 1616 3500 1672 Sacriﬁcium
3560 1629 3671 1667 non
3704 1613 3827 1664 reci-

2247 1710 2412 1779 pitur,
2463 1711 2508 1765 si
2556 1726 2678 1765 cum
2725 1710 2978 1765 seandalo
3035 1708 3289 1770 oﬂ‘erlnr,
3344 1709 3440 1762 sed
3481 1719 3618 1760 ante
3669 1704 3826 1756 altare

573 1795 751 1849 omnia
786 1795 900 1849 lucc
934 1795 1071 1851 dona
1109 1796 1198 1850 ille
1236 1796 1458 1858 ereavit,
1506 1796 1592 1851 ille
1621 1797 1922 1853 sanctiﬁcet
1959 1808 2012 1852 et
2052 1799 2146 1854 be-
2175 1789 2220 1846 Β
2248 1801 2441 1855 dimitti
2482 1800 2732 1870 jubetur,
2761 1815 2928 1870 usque
2950 1801 3074 1854 dum
3107 1801 3492 1855 reconcilietur
3517 1796 3680 1850 fratri
3716 1809 3824 1858 suo,

575 1885 879 1948 nedicat,et
912 1895 1126 1955 praestet
1153 1887 1327 1951 nobis,
1353 1897 1407 1939 ut
1439 1902 1532 1956 per
1553 1885 1846 1953 Christum,
1871 1904 1967 1958 per
1986 1905 2144 1956 quem

575 1975 718 2028 facta
759 1986 884 2030 sunt
909 1977 1110 2040 omnia,
1135 1986 1190 2031 et
1241 1979 1293 2030 in
1339 1973 1577 2041 Christo,
1623 1977 1674 2031 in
1705 1995 1810 2047 quo
1851 1979 1988 2034 facta
2022 1989 2146 2034 sunt

574 2067 778 2132 omnia,
807 2075 862 2120 et
885 2082 1006 2120 cum
1035 2083 1142 2136 quo
1185 2068 1324 2122 facta
1377 2078 1498 2122 sunt
1528 2069 1730 2132 omnia,
1762 2070 1886 2138 quia
1918 2079 2143 2124 coaster-

576 2170 682 2210 nus
713 2165 794 2210 est
823 2156 989 2220 Patri,
1024 2173 1238 2228 semper
1279 2159 1481 2228 gratias
1532 2157 1830 2213 referamus
1875 2157 2020 2213 Patri
2056 2177 2145 2230 per

577 2250 751 2302 omnia
780 2249 975 2302 stecula
997 2249 1333 2303 swculorum.
1361 2250 1539 2304 Amen.

641 2333 922 2405 Prteceptis
955 2337 1272 2391 salutaribus
1317 2339 1518 2392 moniti.
1569 2337 1765 2393 Christi
1825 2343 2133 2410 prmceptis,

577 2441 696 2494 quae
719 2426 893 2480 salute
925 2437 1048 2481 sunt
1094 2427 1271 2496 plena,
1303 2427 1426 2496 quia
1459 2428 1570 2497 ipse
1624 2437 1704 2483 est
1751 2429 1896 2484 salus
1946 2441 2143 2486 aeterna

571 2531 757 2570 sumus
795 2517 1096 2580 ammoniti,
1129 2525 1182 2572 et
1217 2515 1378 2585 jussi,
1409 2527 1456 2570 et
1482 2518 1656 2572 divina
1691 2519 2012 2573 institutione
2041 2521 2145 2589 {or-

570 2607 717 2668 mati,
748 2605 800 2658 id
829 2613 913 2659 est
941 2605 1167 2659 formam
1196 2615 1252 2661 et
1271 2606 1573 2676 exemplum
1605 2624 1636 2661 a
1659 2608 1875 2662 Christo
1922 2609 2143 2663 Domino

571 2701 757 2746 nostro
792 2694 1119 2763 accepimus,
1166 2703 1222 2749 et
1244 2695 1358 2750 ausi
1405 2711 1591 2750 sumus
1632 2711 1810 2762 orare,
1863 2698 2000 2752 sicut
2056 2699 2143 2754 ille

571 2783 755 2838 docuit
783 2785 1072 2854 discipulos
1097 2801 1243 2851 suos,
1272 2794 1327 2841 et
1354 2785 1570 2841 Patrem
1607 2799 1850 2841 nostrum
1872 2787 2142 2845 credimus

570 2872 623 2925 in
667 2872 818 2928 caelis
846 2889 986 2941 esse,
1032 2877 1122 2944 qui
1177 2891 1275 2932 nos
1298 2877 1522 2942 creavit,
1572 2887 1626 2932 et
1680 2879 1954 2933 dicimus:
1987 2877 2144 2934 Pater

567 2969 761 3025 noster,
791 2963 879 3032 qui
915 2979 967 3017 es
1007 2965 1061 3018 in
1103 2964 1263 3018 catis.
1315 2964 1564 3021 Christus
1602 2967 1738 3022 dixit
1787 2978 1908 3037 post
1956 2983 2138 3022 resur-

571 3050 861 3104 rectionem
900 3067 1049 3107 suam
1081 3054 1316 3108 ascendo
1357 3054 1424 3107 ad
1473 3053 1686 3110 Patrem
1719 3071 1895 3110 meum
1941 3066 1994 3112 et
2037 3057 2140 3111 Pa-

2245 1901 2300 1947 et
2326 1901 2450 1948 tunc
2479 1892 2658 1948 oﬁ‘erri
2691 1895 2888 1947 mundo
2925 1893 3102 1946 corde.
3155 1890 3220 1944 Et
3265 1908 3327 1945 ne
3373 1907 3468 1943 nos
3500 1889 3728 1941 inducas
3778 1887 3824 1937 iu

2243 1986 2626 2054 temptationem
2646 2025 2660 2050 ,
2702 1985 2803 2039 hoc
2825 1995 2926 2049 est,
2957 1999 3022 2039 ne
3050 1985 3311 2038 intremus
3336 1983 3388 2036 in
3417 1978 3823 2048 temptationem

2247 2073 2411 2138 illam,
2440 2076 2491 2128 in
2515 2091 2618 2144 qua
2647 2076 2889 2131 diabolus
2915 2091 3012 2129 nos
3055 2085 3299 2145 temptat,
3331 2084 3385 2127 et
3436 2072 3487 2127 ei
3528 2069 3823 2124 consentia-

2245 2181 2385 2229 mus,
2418 2165 2510 2220 sed
2542 2165 2802 2221 Dominus
2833 2181 2932 2220 nos
2961 2166 3071 2235 ipse
3096 2165 3369 2228 delendat,
3399 2177 3470 2216 ne
3505 2160 3822 2215 inducantur

2245 2256 2297 2309 in
2331 2257 2734 2325 temptationem
2777 2255 3115 2311 diabolicam.
3161 2255 3292 2322 Quia
3343 2256 3387 2308 si
3421 2255 3571 2308 Deus
3622 2264 3722 2303 nos
3757 2250 3822 2300 di-

2245 2347 2427 2410 mittit,
2459 2347 2635 2401 statim
2688 2346 3078 2401 introducimur
3112 2346 3164 2399 in
3213 2345 3466 2413 laqueum
3499 2341 3723 2400 diaboli,
3771 2349 3821 2392 et

2245 2435 2364 2490 ideo
2392 2435 2738 2504 postulamus,
2771 2443 2828 2487 ut
2855 2435 2968 2504 ipse
2999 2449 3095 2489 nos
3127 2434 3314 2489 liberet
3348 2448 3377 2485 a
3419 2431 3587 2494 malo,
3619 2431 3720 2483 hoc
3743 2438 3820 2481 est

2244 2525 2312 2579 ab
2358 2526 2501 2579 omni
2535 2525 2936 2596 impugnatione
2975 2524 3256 2579 diabolica.
3306 2522 3495 2577 Libera
3550 2539 3665 2580 nos,
3692 2537 3819 2588 qutt-

2243 2633 2442 2681 sumus,
2471 2617 2535 2669 ab
2571 2615 2806 2670 omnibus
2854 2615 3006 2669 malis
3030 2615 3328 2684 pra'teritis,
3379 2611 3745 2682 prwsentibus,
3777 2621 3818 2660 ct

2244 2705 2460 2774 futuris,
2490 2707 2590 2759 hoc
2615 2714 2712 2763 est.
2743 2705 3093 2775 postulamus,
3121 2712 3179 2756 ut
3209 2703 3322 2770 ipse
3354 2715 3454 2755 nos
3481 2701 3552 2753 ab
3572 2698 3816 2753 omnibus

2244 2795 2398 2850 malis
2439 2797 2648 2859 liberet,
2691 2795 2779 2864 qui
2807 2810 2906 2848 nos
2927 2794 3095 2848 bonos
3121 2802 3174 2846 et
3201 2793 3430 2846 mundos
3469 2789 3713 2846 creavit.
3767 2789 3815 2838 in

2242 2901 2350 2954 quo
2388 2885 2588 2938 nullum
2631 2893 2713 2938 est
2744 2884 2959 2937 malum.
3005 2883 3280 2937 Prmterita
3344 2889 3490 2943 sunt,
3549 2892 3672 2946 quae
3711 2875 3816 2943 jam

2243 2984 2367 3031 ante
2404 2984 2688 3045 peccantes
2734 2975 3124 3039 commisimus,
3157 2983 3212 3028 et
3247 2971 3368 3026 ideo
3419 2969 3632 3037 ﬂagella
3665 2966 3816 3018 susti-

2244 3081 2449 3122 nemus.
2477 3066 2766 3120 Praesentia
2796 3073 2938 3130 sunt,
2975 3080 3094 3133 qua:
3137 3062 3358 3118 cottidie
3403 3057 3812 3114 eorumittimus.

510 3168 512 3171 '
569 3145 704 3193 "em
735 3149 990 3195 νθεῑτυῐηο
1023 3141 1192 3197 Aliter
1213 3144 1348 3198 ἀίιίι
1371 3143 1592 3200 Palmm
1622 3134 1814 3210 suum;
1846 3146 2003 3201 aliter
2032 3147 2136 3201 Ρει-
2167 3137 2212 3198 (ἶ
2244 3159 2444 3214 Futura
2475 3167 2622 3221 sunt,
2657 3168 2775 3226 quae
2813 3157 2988 3211 adhuc
3011 3155 3224 3210 diabolo
3261 3153 3525 3207 suadente
3567 3147 3816 3202 advenire

571 3240 708 3286 trem
739 3244 1004 3289 nostrum.
1037 3236 1250 3292 Patrem
1287 3255 1465 3304 suum,
1497 3241 1620 3309 quia
1660 3242 1909 3310 proprius
1939 3242 2138 3307 Filius;

539 3323 741 3378 .Filius
776 3335 859 3379 est
885 3325 1060 3382 Patris
1088 3344 1152 3382 ex
1198 3331 1500 3384 substantia
1547 3331 1724 3387 Patris
1786 3342 1911 3387 ante
1960 3334 2140 3388 omnia

572 3421 815 3480 tempora
842 3414 1051 3483 genitus
1075 3414 1222 3470 Patri
1267 3426 1584 3473 coaeternus.
1629 3419 1791 3474 Pater
1839 3429 2022 3475 noster
2059 3431 2142 3475 est

568 3504 713 3568 ideo,
743 3505 866 3573 quia
895 3521 992 3561 nos
1018 3509 1222 3564 creavit
1249 3509 1300 3563 in
1347 3519 1607 3580 tempore,
1639 3520 1693 3566 et
1742 3526 1840 3566 nos
1885 3511 2005 3566 Filii
2047 3527 2138 3566 su-

568 3609 690 3648 mus
717 3595 798 3649 sui
842 3595 1098 3666 adOptivi,
1145 3607 1199 3652 et
1245 3600 1598 3655 hereditatem
1650 3601 1922 3656 coalestem
1967 3601 2141 3658 Patris

539 3727 542 3734 .
573 3685 741 3740 nostri
770 3686 1006 3742 caelestis
1049 3690 1321 3756 possidere
1365 3691 1643 3756 debemus,
1673 3691 1717 3746 si
1757 3693 2010 3761 operibus
2039 3693 2140 3746 im-

567 3777 798 3843 plemus.
853 3795 971 3848 qua:
1012 3784 1354 3850 perceptione
1400 3784 1520 3839 ﬁdei
1568 3787 1970 3854 spopondimns.
2016 3787 2139 3842 Coe-

569 3866 678 3918 lum
705 3881 734 3918 a
763 3870 984 3923 cenando
1013 3872 1230 3936 dicitur,
1258 3887 1322 3928 eo
1347 3874 1488 3942 quod
1523 3875 1662 3928 celat
1687 3875 1868 3930 divina
1910 3887 2135 3932 secreta.

565 3954 736 4011 Aliter
767 3958 961 4012 caelum
989 3975 1017 4013 a
1043 3961 1358 4018 celsitudine
1381 3965 1594 4030 dicitur,
1627 3981 1691 4020 eo
1713 3968 1855 4036 quod
1877 3967 2036 4023 altius
2069 3969 2140 4023 sit

566 4043 726 4100 rebus
759 4049 1006 4102 terrenis.
1054 4050 1161 4105 Nos
1187 4061 1363 4106 autem
1411 4054 1530 4108 ideo
1572 4055 1799 4110 dicimus
1841 4056 2000 4112 Pater
2045 4074 2140 4112 no-

563 4141 680 4186 ster
719 4135 808 4202 qui
853 4151 912 4190 es
943 4137 995 4190 in
1044 4139 1226 4203 castis,
1268 4149 1328 4193 ut
1379 4143 1600 4196 credere
1652 4158 1748 4197 nos
1794 4146 2140 4201 ostendamus

568 4221 786 4276 Patrem
835 4226 1140 4291 cmlestem;
1190 4229 1256 4282 Et
1302 4231 1439 4284 sicut
1487 4231 1606 4285 Filii
1649 4241 1912 4302 prtecepta
1967 4235 2139 4291 Patris

565 4313 648 4366 sui
679 4313 920 4381 implere,
945 4326 1000 4368 et
1035 4318 1100 4369 ad
1142 4318 1336 4372 caelum
1365 4334 1575 4389 semper
1603 4322 1820 4376 tendere
1863 4325 2136 4381 desidere-

567 4417 704 4455 mus.
743 4401 1110 4470 Sanctiﬁcatur
1139 4423 1326 4463 nomen
1364 4419 1543 4474 tuum,
1578 4412 1676 4465 hoc
1703 4422 1802 4476 est,
1831 4423 1889 4466 ut
1918 4429 2014 4468 nos
2057 4416 2138 4468 di-

2243 3258 2485 3319 possunt.
2521 3249 2583 3302 Et
2607 3249 2726 3302 ideo
2751 3262 2988 3312 oramus,
3023 3255 3079 3300 ιιι
3109 3246 3177 3299 ab
3209 3243 3461 3300 omnibus
3502 3240 3810 3296 liberemur,

2243 3341 2366 3410 quia
2394 3348 2518 3393 ante
2551 3346 2896 3406 conspectum
2929 3336 3020 3390 Dei
3053 3335 3194 3389 nulla
3223 3343 3349 3388 sunt
3377 3328 3679 3401 przeterita,
3719 3338 3810 3377 nec

2242 3429 2440 3493 futura,
2468 3428 2561 3483 sed
2586 3427 2769 3481 omnia
2816 3433 2938 3480 sunt
2981 3423 3288 3494 prasentia.
3320 3419 3683 3474 lntercedente
3725 3428 3810 3481 pro

2243 3518 2386 3572 nobis
2419 3517 2569 3571 beata
2604 3523 2652 3569 et
2681 3514 2910 3585 gloriosa
2945 3528 3145 3582 semper
3183 3511 3392 3580 Virgine
3424 3507 3520 3561 Dei
3567 3503 3804 3574 genitrire

2242 3607 2438 3671 Maria,
2466 3616 2514 3659 et
2545 3605 2706 3659 beatis
2755 3602 3015 3673 Apostolis
3057 3601 3160 3654 tuis
3191 3598 3370 3663 Petro,
3399 3607 3446 3650 et
3498 3594 3694 3655 Paulo,
3735 3600 3808 3643 at-

2240 3714 2338 3769 que
2363 3698 2591 3750 Andrea.
2628 3693 2942 3749 luvocamus
2973 3693 3124 3747 nobis
3167 3691 3220 3744 in
3271 3687 3603 3758 adjutorium
3655 3696 3804 3751 geneo

2242 3791 2430 3843 tricem
2462 3787 2580 3851 Dei,
2621 3800 2740 3855 qua:
2770 3785 2919 3854 virgo
2939 3782 3060 3846 fuit,
3106 3791 3231 3835 ante
3275 3788 3515 3848 partum,
3562 3775 3711 3842 virgo
3756 3771 3802 3823 in

2241 3885 2418 3948 partu,
2450 3875 2598 3944 virgo
2624 3882 2744 3944 post
2795 3880 3028 3942 partum,
3055 3879 3110 3924 et
3152 3869 3341 3922 beatos
3381 3864 3692 3934 Apostolos,
3720 3859 3801 3929 qui

2242 3967 2396 4022 nobis
2438 3966 2553 4020 haec
2587 3963 2836 4034 mysteria
2865 3961 3180 4016 celebranda
3228 3957 3586 4015 tradiderunt,
3633 3962 3692 4005 ut
3732 3951 3800 4002 in-

2242 4057 2520 4113 tercedant
2547 4068 2644 4124 pro
2684 4053 2856 4116 nobis,
2884 4051 3007 4122 quia
3036 4065 3132 4103 nos
3163 4048 3261 4118 ipsi
3294 4045 3438 4116 digni
3472 4060 3580 4096 non
3632 4052 3802 4094 sumus

2241 4149 2308 4203 de
2337 4145 2624 4217 praeteritis
2651 4159 2713 4198 ac
2734 4141 3086 4212 przesentibus
3109 4139 3319 4193 veniam
3356 4132 3678 4204 promereri,
3713 4143 3802 4182 nec

2242 4238 2308 4292 de
2341 4235 2536 4290 futuris
2565 4233 2850 4298 cautelam,
2895 4230 2998 4283 nisi
3046 4228 3200 4282 nobis
3231 4239 3418 4280 eorum
3470 4218 3802 4276 orationibus

2241 4325 2493 4380 donetur.
2530 4320 2649 4376 iam
2678 4320 2974 4381 oravimus,
2999 4325 3056 4370 ut
3083 4316 3371 4370 liberemur
3391 4327 3422 4364 a
3458 4309 3645 4368 malis,
3675 4320 3805 4359 nunc

2241 4427 2480 4479 oramus,
2513 4419 2571 4465 ut
2619 4409 2886 4479 praedictis
2933 4405 3134 4460 sanctis
3173 4398 3661 4458 intervenientibus
3703 4397 3804 4463 ipse

565 4489 657 4560 gni
687 4489 858 4544 simus
883 4507 1074 4548 nomen
1105 4506 1352 4551 sanctum
1398 4497 1512 4565 ejus
1564 4509 1746 4556 tenere
1789 4473 1843 4556 in
1887 4505 2138 4560 cordibus
2169 4473 2216 4531 ί)
2241 4504 2400 4558 donet
2426 4473 2902 4570 pacem-pmpitius
2925 4496 2975 4548 in
3000 4495 3189 4548 diebus
3229 4489 3452 4552 nostris,
3480 4487 3575 4556 qui
3623 4493 3805 4554 potens

566 4581 792 4646 nostris,
843 4593 901 4637 ut
946 4586 1084 4640 sicut
1125 4587 1297 4657 angeli
1338 4591 1532 4654 sancti,
1583 4593 1672 4660 qui
1726 4594 1779 4647 in
1821 4595 1960 4648 coelo
1989 4605 2133 4660 sunt,

564 4672 741 4726 sciunt
769 4683 823 4727 et
850 4674 1153 4743 intelligunt
1191 4678 1532 4733 sanctitatem
1559 4681 1789 4736 nominis
1817 4684 1954 4752 ejus,
1987 4685 2058 4737 ita
2083 4694 2135 4740 et

555 4774 680 4822 nos,
715 4763 806 4828 qui
839 4762 889 4815 in
930 4772 1070 4817 terra
1100 4780 1286 4820 sumus
1313 4767 1428 4834 ipso
1457 4765 1742 4834 adjuvante
1791 4772 2132 4826 sanctitatem

555 4845 679 4913 ejus
709 4863 1013 4902 mereamur
1041 4867 1355 4919 agnoscere,
1395 4861 1451 4907 ut
1486 4855 1626 4910 sicut
1671 4856 1721 4908 in
1778 4856 2038 4919 ccelo,.ita
2081 4869 2136 4914 et

567 4935 620 4988 in
650 4943 791 4989 terra
820 4937 889 4989 sit
916 4953 1108 4992 nomen
1160 4940 1274 5007 ejus
1299 4943 1710 4996 sanctiﬁcatum.
1759 4945 2006 4998 Adveniat
2060 4963 2136 5000 re-

564 5042 720 5096 gnum
756 5036 922 5091 tuum,
960 5029 1061 5082 hoc
1090 5039 1171 5084 est
1194 5070 1207 5094 ,
1245 5041 1304 5084 ut
1329 5047 1426 5086 nos
1473 5047 1690 5098 regnum
1722 5030 1836 5099 ejus
1867 5042 1919 5087 et
1953 5044 2138 5101 poten-

2239 4599 2321 4646 est
2341 4607 2370 4643 a
2397 4589 2536 4645 malo
2565 4588 2814 4643 liberare.
2840 4584 3031 4638 Pacem
3066 4597 3096 4634 a
3121 4577 3471 4649 temptatione
3502 4574 3704 4629 diaboli
3747 4587 3804 4625 ae

2241 4684 2559 4738 inducamur
2604 4683 2656 4735 in
2679 4694 2819 4734 eam.
2868 4676 3063 4731 Pacem
3094 4691 3123 4727 a
3179 4672 3334 4726 malis
3371 4668 3705 4726 hominibus,
3745 4676 3804 4716 ae

2237 4772 2506 4840 patiamur
2553 4767 2761 4837 ﬂagella
2797 4781 2982 4820 eorum
3007 4805 3021 4827 ,
3067 4770 3248 4832 utpote
3290 4756 3679 4814 misericordia:
3711 4765 3803 4806 tua:

2239 4861 2428 4930 adjuti,
2464 4861 2564 4914 hoc
2583 4867 2688 4922 est,
2706 4866 2766 4911 ut
2794 4856 2887 4910 Dei
2916 4854 3180 4925 adjutorio
3209 4851 3372 4920 adjuti
3395 4868 3410 4914 ;
3436 4865 3468 4902 ιι
3491 4855 3715 4918 peccato
3737 4844 3802 4896 si-

2241 4964 2361 5002 mus
2392 4963 2604 5016 semper
2632 4947 2804 5008 liberi,
2830 4954 2882 5000 et
2909 4945 2976 4998 ab
3001 4943 3145 4996 omni
3171 4940 3578 5010 perturbatione
3611 4935 3796 4996 securi,

2241 5039 2343 5091 hoc
2367 5045 2467 5101 est,
2495 5046 2554 5091 ut
2598 5035 2832 5105 peccatis
2881 5035 3080 5088 nostris
3128 5029 3386 5093 dimissis,
3442 5029 3496 5082 in
3557 5023 3795 5096 pnesenti

3959 963 3962 1104 Ν
