3962 5386
188 301 319 357 1173

1345 295 1708 354 EXPOSITIU
1748 293 1972 352 SUPER
2010 293 2289 351 MISSAM.

3292 297 3428 352 lli"

181 426 367 466 orunes
413 408 708 462 concordes
752 406 933 473 faciat,
977 415 1034 461 ut
1066 408 1334 478 paciﬁcati
1376 425 1496 463 cum
1543 408 1760 463 Christo
1787 413 1832 466 Α
1864 406 2100 461 vicissim
2128 406 2279 461 chori
2311 404 2694 475 reciprocando
2731 402 3082 458 melodiorum
3118 414 3309 461 cantus
3351 407 3430 462 al-

183 512 486 554 mereamur
521 498 573 551 in
616 497 754 552 cudo
786 512 1040 568 regnare,
1073 508 1136 553 et
1167 500 1287 554 ideo
1350 509 1476 555 tunc
1527 499 1754 552 facimus

182 605 364 660 pacem
394 597 680 657 antequam
712 588 918 658 Corpus
957 601 1010 642 et
1053 589 1380 661 Sanguinem
1425 589 1632 644 Domini
1661 605 1751 642 su-

182 693 409 744 mamus,
425 688 480 732 ut
505 677 850 732 concordiam
873 679 1014 733 inter
1031 691 1133 734 nos
1157 681 1357 734 habere
1385 681 1750 742 ostendamus,

179 778 373 822 etcum
400 766 684 820 concordia
709 765 915 836 Corpus
937 777 988 821 et
1011 765 1338 837 Sanguinem
1352 769 1564 824 Domini
1582 767 1754 823 nostri

179 856 299 912 Jesu
331 856 532 911 Christi
559 857 611 910 in
649 871 873 926 corpora
901 868 1082 912 nostra
1114 860 1492 929 suscipiamus,
1522 860 1646 929 quia
1676 859 1750 911 si-

182 961 245 999 ne
277 944 566 999 concordia
593 943 735 1012 digni
770 959 875 998 non
907 960 1094 1000 sumus
1136 955 1379 1000 sanctam
1408 946 1753 1001 Communio—

178 1050 296 1090 nem
320 1035 585 1104 accipere,
608 1050 732 1104 quia
762 1051 982 1091 munera
1005 1047 1209 1101 nostra,
1239 1038 1285 1091 si
1311 1037 1634 1093 discordiam
1656 1041 1753 1094 lia-

178 1126 362 1180 bemus
386 1139 506 1178 cum
553 1124 814 1194 proximis
860 1126 1060 1181 nostris
1093 1135 1383 1195 antequam
1434 1129 1750 1185 reconcilie-

178 1232 313 1281 mur,
343 1232 372 1269 a
401 1215 511 1270 Deo
538 1232 643 1270 non
671 1217 1014 1285 recipiuntur.

243 1303 393 1359 Tunc
421 1314 543 1359 or-at
570 1305 747 1360 clerus
773 1307 1060 1361 cantando.
1102 1307 1281 1378 Agnus
1333 1308 1446 1373 Dei,
1475 1312 1562 1380 qui
1610 1311 1750 1364 tollis

175 1405 382 1462 peccata
415 1396 601 1448 mundi
633 1397 874 1450 miserere
903 1397 1067 1450 nobis.
1093 1398 1277 1469 Agnus
1305 1399 1506 1454 dicitur
1531 1411 1751 1469 prepter

178 1485 575 1552 innocentiam,
621 1487 742 1556 quia
793 1487 924 1542 nulli
980 1489 1258 1543 hominum
1309 1490 1390 1544 vel
1454 1492 1748 1546 bestiarum

179 1581 352 1637 nocet,
379 1583 436 1628 et
486 1575 611 1628 dum
641 1575 708 1628 ad
741 1577 1016 1630 victimam
1068 1577 1282 1632 ducitur
1307 1579 1642 1634 occidentem
1693 1595 1750 1635 se

178 1680 277 1720 non
336 1665 490 1731 ledit,
542 1667 636 1722 sed
679 1666 977 1723 occisorem
1034 1684 1190 1723 suum
1249 1679 1370 1740 post
1418 1672 1746 1726 occisionem

1861 506 2097 562 ternant,
2121 495 2206 551 vel
2226 495 2385 551 unius
2410 511 2509 550 vox
2551 492 2846 550 reﬂexuose
2871 493 3024 550 alteri
3075 495 3428 568 reciprocaci-

1859 598 2043 657 terque
2069 588 2376 657 respondet.

1926 678 2204 733 lntroitum
2245 692 2476 747 namque
2527 679 2594 734 ab
2623 677 2941 733 introeundo
2988 689 3069 735 est
3099 679 3317 736 dictum.
3352 679 3428 736 Eo

1857 768 1998 822 enim
2028 774 2186 822 cantu
2218 767 2282 821 ad
2309 776 2508 823 sanctae
2533 767 2912 824 modulationis
2966 769 3137 824 oﬂicia
3172 771 3424 836 intratur;

1855 863 1908 908 et
1934 865 2061 910 tunc
2103 855 2413 910 christiana:
2448 856 2724 926 religionis
2750 859 3093 926 congregatio
3141 858 3428 914 ecclesiam

1857 945 1948 998 Dei
1982 945 2208 1010 intrans,
2252 946 2320 1000 ad
2349 957 2560 1001 ceteras
2597 946 2896 1002 oﬂiciorum
2929 947 3114 1003 laudes
3158 959 3430 1019 przeparat

1854 1050 1931 1089 se.
1964 1034 2114 1089 Sicut
2155 1036 2297 1090 enim
2357 1036 2726 1091 invitatorium
2781 1037 2980 1092 dicitur
3035 1039 3103 1093 ab
3154 1038 3428 1094 invitando

1853 1137 1972 1176 cum
2005 1123 2291 1178 inchoatur
2321 1123 2532 1178 initium
2560 1132 2903 1190 nocturnum,
2925 1134 2980 1181 et
3005 1125 3202 1180 dicitur
3228 1127 3424 1190 venite,

1855 1210 2235 1266 italntroitum
2267 1212 2335 1265 ab
2379 1211 2731 1281 introeundo,
2781 1215 2997 1282 quando
3042 1215 3288 1270 initiatur
3333 1233 3427 1271 no-

1852 1309 2125 1355 cturnum.
2155 1301 2515 1370 Antiphonam
2539 1309 2718 1356 autem
2751 1303 2814 1356 ad
2852 1303 3134 1359 lntroitum
3179 1305 3425 1362 Calesti-

1851 1405 1953 1443 nus
1981 1391 2196 1444 natione
2225 1389 2528 1460 Campanus
2548 1391 2793 1446 Pontifex
2823 1393 3004 1449 Romae
3040 1397 3340 1460 constituit,
3369 1404 3429 1450 ut

1853 1486 1978 1533 ante
2003 1478 2328 1534 sacriﬁcium
2353 1481 2739 1539 celebraretur.
2766 1485 2916 1552 Quod
2942 1497 3066 1542 ante
3100 1503 3206 1543 non
3239 1488 3425 1553 fiebat,

1851 1569 1951 1622 nisi
1984 1577 2191 1622 tantum
2221 1569 2454 1639 Epistola
2499 1571 2647 1628 Pauli
2694 1577 3044 1643 recitabatur,
3071 1586 3126 1632 et
3175 1588 3427 1636 sanctum

1851 1657 2221 1728 Evangelium.
2253 1659 2380 1717 lnde
2411 1661 2747 1732 Kyricleison
2776 1667 2997 1731 dicitur,
3027 1670 3168 1738 quod
3196 1684 3260 1724 ex
3304 1687 3429 1740 grc-

175 1771 323 1811 suam
355 1755 550 1822 reiicit,
578 1757 649 1811 ita
682 1766 736 1813 et
759 1757 1004 1815 Christus
1027 1760 1231 1815 nullum
1262 1763 1402 1824 lesit,
1437 1764 1579 1818 sicut
1609 1764 1748 1834 Apo-

1857 1764 1916 1803 co
1983 1750 2033 1803 in
2094 1750 2317 1806 latinum
2395 1753 2616 1811 Domine
2681 1759 2940 1814 miserere
3012 1761 3424 1832 interpretatur.

176 1845 340 1900 stolas
368 1844 503 1899 dixit
534 1864 546 1898 :
577 1845 677 1912 Qui
710 1857 990 1917 peccatum
1038 1864 1141 1902 non
1184 1848 1328 1916 fecit,
1365 1867 1463 1907 nec
1500 1854 1748 1909 inventus

178 1947 252 1992 est
297 1937 453 1992 dolus
486 1939 539 1993 in
579 1953 670 1994 ore
704 1941 841 2010 ejus.
900 1939 1007 1994 Sed
1065 1951 1186 2010 post
1234 1943 1541 2012 passionem
1593 1960 1745 1998 suam

176 2045 458 2086 CODVCI‘SOS
505 2039 878 2100 persecutores
929 2047 1055 2088 SUOS
1104 2033 1304 2088 multos
1354 2051 1452 2105 per
1503 2044 1746 2089 sanctam

175 2117 612 2174 Communionem
635 2119 890 2189 Corporis
937 2130 991 2176 et
1015 2121 1306 2194 Sanguinis
1329 2125 1410 2178 sui
1446 2123 1656 2190 reiecit,
1690 2137 1745 2180 et

178 2205 452 2262 credentes
495 2206 639 2262 fecit.
697 2208 814 2280 lpse
854 2209 974 2264 tulit
1028 2222 1246 2280 peccata
1297 2213 1498 2275 mundi,
1535 2215 1748 2283 quando

177 2297 376 2351 veniam
410 2308 754 2367 peccatorum
816 2300 972 2355 nobis
1012 2299 1178 2365 dedit,
1209 2301 1330 2371 quia
1366 2312 1491 2357 ante
1535 2305 1744 2372 passio-

182 2403 294 2441 nem
324 2388 663 2457 ejusjustict
706 2399 1019 2459 peccatores
1045 2391 1096 2446 in
1140 2391 1407 2446 infernum
1455 2393 1747 2447 descende-

181 2489 316 2544 runt,
340 2487 394 2533 et
417 2480 472 2534 in
503 2479 680 2535 Veteri
709 2480 1052 2535 Testamento
1089 2481 1462 2535 remissionem
1496 2490 1742 2550 peccato-

182 2585 290 2622 rum
335 2586 599 2640 nusquam
630 2571 875 2642 legimus.
907 2570 1156 2626 Christus
1195 2586 1322 2625 vero
1349 2586 1442 2640 per
1478 2573 1744 2640 pceniten-

181 2662 300 2715 tiam
328 2680 432 2718 non
468 2664 638 2719 solum
667 2664 878 2718 veniam
907 2671 1274 2733 peccatorum,
1306 2663 1398 2718 sed
1427 2664 1592 2718 etiam
1617 2677 1748 2733 gau-

177 2747 313 2802 dium
357 2752 518 2806 nobis
567 2752 816 2822 promisit
861 2751 1164 2821 angelicum
1215 2751 1443 2805 dicens:
1479 2751 1746 2805 Caudium

175 2841 269 2893 erit
289 2858 471 2896 coram
504 2842 708 2911 angelis
733 2843 823 2896 Dei
856 2857 1015 2913 super
1038 2858 1144 2896 uno
1175 2850 1458 2911 peccatore
1485 2842 1749 2912 poeniten-

182 2929 301 2984 tiam
329 2942 544 3002 agente.
576 2933 752 3002 Ipsum
776 2932 1075 2997 Christum,
1103 2933 1192 3000 qui
1225 2941 1309 2987 est
1340 2948 1510 3003 agnus
1541 2933 1635 2988 Dei
1669 2934 1748 2986 in-

182 3037 394 3089 nocens,
443 3026 536 3095 qui
570 3040 761 3094 passus
803 3033 887 3080 est
920 3039 1019 3095 pro
1068 3025 1244 3080 salute
1276 3025 1458 3079 mundi
1491 3025 1742 3094 petimus,

1852 1838 1942 1892 Sic
1973 1847 2026 1890 et
2054 1837 2267 1895 Christe
2290 1840 2529 1913 eleyson,
2571 1846 2670 1900 hoc
2705 1859 2826 1902 est:
2875 1848 3091 1906 Christe
3149 1852 3425 1906 miserere.

1854 1930 2085 1984 Ymnum
2127 1947 2256 1986 vero
2285 1935 2586 2004 angelicum
2619 1938 2670 1993 id
2694 1949 2778 1993 est
2798 1938 2979 1994 Gloria
3003 1943 3055 1995 in
3083 1943 3296 1997 excelsis
3321 1943 3428 1999 Deo

1853 2028 1976 2074 tuum
2000 2022 2176 2090 angeli
2202 2025 2536 2090 cecinerunt,
2569 2027 2781 2096 quando
2817 2037 2975 2085 natus
3002 2040 3084 2086 est
3136 2033 3419 2090 Dominus.

1849 2108 1977 2175 Quae
2029 2112 2190 2166 etiam
2246 2111 2607 2183 Telesphorus
2650 2115 2895 2174 Pontifex
2947 2121 3164 2176 natione
3220 2121 3429 2180 Grecus

1849 2202 2055 2264 statuit,
2082 2212 2136 2255 ut
2165 2211 2290 2258 ante
2326 2206 2651 2261 sacrilicium
2691 2209 3028 2278 psalleretur.
3067 2212 3167 2280 Qui
3212 2223 3267 2270 et
3296 2231 3428 2270 cono

1848 2288 2040 2353 stituit,
2068 2292 2198 2344 utin
2234 2293 2412 2347 natale
2444 2293 2650 2350 Domini
2682 2312 2778 2366 per
2809 2309 3022 2354 noctem
3063 2300 3238 2358 Missa:
3284 2305 3423 2360 celeo

1848 2375 2160 2432 brarentur.

1921 2467 2116 2522 Deinde
2150 2469 2340 2539 legitur
2373 2471 2609 2542 Epistola
2658 2473 2830 2531 Pauli.
2885 2478 3133 2546 Paulmn,
3172 2483 3422 2541 omnibus

1848 2565 2031 2610 notum
2053 2566 2155 2621 est,
2211 2557 2495 2616 Doctorem
2535 2565 2774 2634 gentium
2819 2582 2958 2624 esse.
2995 2570 3058 2624 Et
3092 2572 3217 2641 quia
3265 2588 3294 2628 a
3324 2576 3429 2630 Do-

1849 2648 1994 2701 mino
2017 2663 2112 2702 vas
2141 2648 2422 2708 electionis
2458 2652 2574 2708 fore
2613 2657 2830 2723 meruit,
2866 2659 3064 2714 idcirco
3116 2661 3254 2718 idem
3297 2665 3422 2720 dum

1849 2753 2076 2808 corpore
2101 2750 2362 2807 maneret,
2400 2757 2464 2796 ex
2495 2759 2603 2812 quo
2635 2746 2893 2814 quasdam
2925 2749 3210 2806 scribendo
3239 2763 3425 2822 gentes

1851 2834 1916 2886 ad
1941 2840 2154 2902 tempus
2177 2835 2380 2891 docuit.
2412 2836 2540 2893 lnde
2568 2855 2709 2895 nunc
2733 2841 2953 2896 cottidie
2979 2843 3103 2896 dum
3129 2843 3385 2898 recitatur
3411 2863 3423 2897 :

1848 2923 2088 2978 omnium
2117 2935 2326 2982 mentes
2373 2926 2611 2983 lidelimn
2653 2929 2772 2985 ﬁdei
2799 2932 2968 2987 ﬁrma?
2992 2933 3210 2988 roborat
3243 2935 3428 2989 solidi—

1853 3017 1980 3064 tate.
2007 3010 2135 3066 Post
2162 3014 2560 3082 responsorium
2591 3015 3113 3088 Gradalepsallitur.
3143 3020 3422 3076 Etdictum

180 3122 233 3164 ut
261 3125 579 3170 nnsereatur
599 3117 769 3170 nostri
800 3117 1042 3171 dicentes
1071 3135 1082 3169 :
1116 3116 1369 3170 Miserere
1397 3117 1552 3172 nobis
1578 3116 1745 3187 (2267).

1857 3099 2274 3170 responsorium,
2314 3104 2454 3172 quod
2503 3122 2609 3161 uno
2642 3118 2910 3175 cessante,
2952 3112 3054 3164 hoc
3096 3111 3268 3180 ipsum
3292 3111 3427 3166 alter

181 3200 304 3256 Nam
327 3213 378 3259 et
407 3223 582 3276 agnus
605 3207 656 3260 in
696 3209 862 3262 veteri
904 3215 1228 3262 testamento
1256 3207 1504 3263 Christus
1555 3217 1748 3263 seruet-

180 3289 341 3358 ipsum
391 3293 588 3348 obtulit
632 3294 739 3349 Deo
785 3293 970 3358 Patri,
1007 3304 1065 3348 ut
1115 3311 1282 3366 genus
1314 3297 1607 3350 humanum
1654 3312 1750 3366 per

180 3381 471 3446 passionem
505 3399 653 3438 suam
681 3382 938 3438 liberaret
974 3400 1002 3437 a
1033 3394 1277 3454 peccato,
1325 3394 1379 3439 et
1422 3386 1544 3440 ideo
1577 3401 1748 3455 agnus

181 3467 266 3522 Dei
313 3479 437 3528 tunc
482 3474 714 3538 canitur,
755 3474 971 3543 quando
1017 3474 1226 3544 Corpus
1267 3483 1320 3528 et
1371 3475 1603 3542 Sanguis
1649 3477 1748 3530 Dni

182 3561 486 3631 percipitur,
543 3574 596 3618 ut
647 3580 834 3619 omnes
890 3564 1196 3630 credamus,
1241 3565 1363 3634 quia
1419 3567 1586 3635 ipsius
1625 3569 1746 3638 agni

179 3646 376 3719 Corpus
404 3663 454 3707 et
497 3655 728 3724 Sanguis
757 3664 886 3709 tunc
916 3656 1168 3720 sumitur,
1194 3657 1283 3724 qui
1311 3666 1532 3726 peccata
1565 3661 1746 3713 mundi

183 3737 290 3791 tulit
316 3743 592 3798 moriendo
626 3752 679 3798 et
726 3745 892 3798 vitam
928 3753 1184 3799 aeternam
1225 3747 1379 3801 nobis
1414 3747 1631 3802 donavit
1663 3764 1751 3802 re-

181 3829 440 3894 surgendo
465 3830 623 3886 Jesus
650 3830 898 3886 Christus
938 3833 1196 3888 Dominus
1243 3844 1446 3900 noster,
1487 3837 1576 3906 qui
1625 3852 1744 3891 cum

181 3914 332 3974 Patre
361 3923 414 3976 in
447 3924 658 3978 unitate
684 3924 854 3980 sancti
880 3925 1117 3994 Spiritus
1150 3927 1278 3980 vivit
1303 3938 1356 3982 et
1389 3940 1578 3998 regnat
1603 3930 1746 3984 Deus

183 4022 271 4076 per
298 4016 476 4069 omnia
501 4017 694 4071 saecula
724 4018 1066 4085 surculorum,
1097 4020 1287 4074 Amen.
1336 4022 1402 4076 Et
1446 4033 1566 4092 post
1618 4023 1746 4078 Mis-

184 4112 290 4154 sam
336 4102 541 4160 linitam
585 4107 716 4162 dicit
745 4107 1014 4164 Diaconus
1041 4110 1108 4163 ad
1139 4111 1389 4179 populum
1416 4131 1428 4166 :
1460 4113 1538 4167 lle
1583 4113 1746 4168 Missa

183 4199 270 4242 est.
316 4193 583 4250 Diaconus
634 4213 813 4266 grece,
864 4198 1029 4253 latine
1086 4200 1336 4253 minister
1382 4201 1599 4255 dicitur.
1657 4203 1748 4257 Ille

186 4285 386 4338 nuntiat
411 4288 624 4356 populo.
655 4290 796 4356 quod
821 4290 981 4344 liniue
1012 4298 1138 4343 sunt
1166 4306 1376 4358 preces,
1405 4293 1528 4361 quia
1572 4294 1748 4348 nullus

186 4382 332 4426 antea
389 4377 538 4430 exire
587 4377 747 4431 debet
807 4379 872 4432 de
929 4379 1193 4442 ecclesia,
1233 4394 1393 4447 quam
1449 4383 1745 4436 nuntiatum

187 4459 253 4513 sit
301 4463 364 4516 de
426 4465 697 4521 ministro.
767 4467 831 4521 Et
886 4483 1073 4522 omnes
1134 4469 1494 4534 respondeant
1556 4488 1568 4521 :

185 4553 390 4616 gratias.

253 4639 488 4700 Primum
539 4649 590 4702 in
621 4647 822 4702 Ordine
876 4648 1051 4703 Missa:
1099 4647 1404 4720 Antiphona
1461 4649 1524 4702 ad
1580 4649 1753 4703 lntro-

191 4724 314 4782 itum
349 4737 575 4790 canitur.
618 4738 922 4806 Antiphona
945 4739 1087 4792 enim
1117 4754 1296 4808 grece,
1323 4739 1484 4792 latine
1515 4755 1615 4792 vox
1667 4757 1749 4792 re-

192 4813 393 4882 ciproca
431 4823 837 4896 interpretatur.
887 4827 940 4880 In
969 4842 1075 4896 quo
1104 4842 1298 4896 genere
1333 4827 1602 4882 cantionis
1647 4830 1751 4883 duo

223 5007 240 5022 Ἰ
260 4944 398 5018 (26⁵1)
428 4951 629 5008 Passim
663 4956 714 5008 in
745 4973 872 5010 mss.
903 4956 1066 5010 etiam
1097 4957 1461 5011 Alemannicis
1491 4957 1708 5015 additur
1736 4979 1748 5012 :

196 5005 453 5090 55:30am
476 5005 641 5078 Ιιῶἷὶι
664 5005 890 5078 ὲὲεἱέὸὶιίὸ
910 5005 1408 5096 's'L"b‘.-.;;.‘y'as1:aa;
1412 5005 1755 5100 fcit-EE:ch

1642 4469 1747 4523 Deo
1781 4443 1825 4501 θ

1853 3194 2193 3264 respondeat.
2229 3193 2459 3250 Gradale
2489 3206 2672 3253 autem
2696 3199 2892 3255 dicitur
2913 3201 2980 3255 ab
3003 3200 3211 3256 illorum
3237 3201 3426 3256 distin-

1853 3281 1998 3336 tione
2025 3283 2514 3353 responsoriorum,
2547 3287 2689 3356 quod
2731 3289 2832 3344 hoc
2869 3289 2920 3342 in
2952 3290 3207 3359 gradibus
3239 3289 3421 3360 psalli-

1853 3381 1956 3426 tur.
1989 3373 2192 3429 Caetera
2221 3375 2525 3446 ubicunque
2553 3378 2781 3434 voluerit
2814 3381 3026 3436 'clerus.
3058 3383 3258 3438 Deinde
3299 3399 3427 3437 can-

1852 3468 1996 3515 tatur
2019 3459 2254 3528 alleluia,
2271 3464 2412 3532 quod
2433 3480 2495 3519 ex
2519 3466 2721 3522 hebreo
2743 3469 2794 3522 in
2827 3467 3051 3524 latinum
3081 3470 3197 3524 laus
3217 3471 3312 3524 Dei
3345 3472 3428 3526 in-

1853 3560 2194 3620 terpretatur.
2244 3553 2318 3607 Ex
2369 3554 2577 3610 duobus
2629 3558 2774 3612 enim
2822 3558 3086 3614 bebraicre
3139 3559 3438 3615 locutionis-

1852 3643 2031 3699 verbis
2065 3645 2166 3700 hoc
2215 3663 2379 3701 unum
2427 3658 2509 3702 est
2554 3651 2910 3720 compositum
2959 3665 3174 3705 nomen.
3230 3650 3426 3707 Decem

1851 3738 2049 3808 quippe
2092 3741 2399 3796 nominibus
2427 3743 2564 3811 apud
2614 3743 2851 3801 Ileblteos
2900 3745 3039 3800 Deus
3086 3753 3324 3812 vocatur,
3356 3762 3423 3801 ex

1850 3831 2044 3898 quibus
2071 3831 2141 3896 ia,
2167 3834 2310 3902 quod
2341 3835 2427 3888 hic
2457 3835 2676 3901 dicitur,
2700 3851 2864 3889 unum
2892 3845 2992 3891 est.
3036 3864 3038 3866 τ

1918 3920 2168 3976 Cctermn
2192 3923 2305 3978 haec
2334 3925 2386 3977 in
2411 3924 2588 3979 oliicio
2623 3925 2851 3979 melodia
2891 3940 2920 3980 a
2955 3925 3158 3981 sanctis
3200 3925 3422 3982 institu-

1854 4013 2060 4066 torihus
2088 4023 2208 4067 sunt
2242 4015 2530 4084 preposita,
2567 4026 2624 4071 ut
2675 4017 2902 4086 populus
2931 4016 3176 4072 laudibus
3215 4017 3308 4072 Dei
3339 4019 3421 4072 in-

1851 4103 2048 4158 sistens
2083 4104 2148 4157 ad
2175 4106 2347 4159 sancti
2398 4105 2670 4177 Evangelii
2723 4107 2909 4172 verba,
2955 4115 3014 4162 ut
3049 4108 3113 4161 ad
3140 4107 3241 4162 alia
3281 4110 3424 4163 sacri

1855 4193 2286 4263 mysteriioﬂicia
2308 4198 2585 4262 attentior,
2615 4198 3001 4268 sollicitiorque
3022 4199 3266 4254 exsistat.
3297 4199 3425 4254 Post

1853 4281 1994 4334 hanc
2014 4283 2156 4336 enim
2183 4282 2394 4337 laudem
2419 4284 2580 4340 lectio
2607 4284 2664 4341 S.
2692 4287 2963 4357 Evangelii
3009 4287 3218 4359 legitur.
3250 4287 3424 4342 Evan-

1855 4368 2051 4438 gelium
2084 4386 2314 4440 namque
2343 4387 2520 4444 grece,
2553 4373 2719 4430 latine
2746 4376 2943 4430 bonum
2985 4377 3228 4430 nuntium
3260 4377 3426 4431 inter-

1854 4469 2114 4528 pretatur.
2146 4461 2356 4516 Nullum
2381 4465 2522 4518 enim
2569 4466 2816 4520 nuntium
2847 4467 3036 4521 melius
3067 4475 3249 4537 potest
3280 4483 3426 4530 esse,

1855 4565 2013 4618 quant
2047 4551 2198 4615 illud,
2227 4554 2367 4622 quod
2421 4554 2633 4608 nuntiat
2667 4555 2894 4609 salutem
2945 4557 3109 4610 totius
3143 4557 3346 4619 saaculi,
3377 4567 3432 4610 et

1856 4640 2119 4706 promittit
2145 4643 2332 4695 aeterni
2357 4641 2601 4697 felicibus
2623 4645 2842 4712 praemia
2865 4645 3035 4714 regni.
3054 4645 3120 4699 Et
3148 4644 3284 4698 bene
3305 4659 3436 4697 con-

1857 4729 2004 4782 venit
2030 4739 2148 4798 post
2183 4731 2319 4784 hanc
2351 4730 2596 4786 melodia:
2635 4731 2870 4795 laudem,
2920 4747 3046 4802 quae
3090 4731 3312 4801 proprie
3342 4731 3441 4784 Dei

1857 4821 2072 4876 nomine
2097 4823 2402 4876 continetur
2427 4820 2543 4891 ejus
2587 4823 2927 4878 sanctissima
2979 4826 3234 4898 protinus
3277 4822 3460 4874 verba

1857 4962 2156 5021 ctoritates,
2194 4959 2452 5030 videlicet
2477 4969 2880 5022 testamentum,
2931 4960 3100 5030 quod
3131 4956 3486 5030 8909335??-

1857 5013 2187 5104 curdntionis
2229 5019 2362 5104 abba
2415 5013 2678 5104 Eulradus
2707 5013 2788 5104 -de
2841 5013 3108 5092 ώοιῖξξι.
3147 5013 3514 5104 ξιξὶῇιξῇὶᾶι

3171 5092 3188 5104 ι
3224 5079 3284 5104 ΑΛ
3326 5075 3481 5104 Λαὶὶα
