3962 5386
529 234 664 291 Ηῗῦ

1369 238 1660 293 ΑΡΡΕΜ).
1700 237 1790 292 AD
1828 235 1998 291 SIEC.
2032 228 2099 288 Χ.
2138 264 2207 273 -
2242 222 2675 289 MONUMENTA
2705 232 2974 289 LITURG.

3642 228 3769 283 “76

525 342 656 419 legi,
689 353 749 400 ut
795 342 1091 401 dulcedinis
1137 359 1332 400 canore
1383 346 1615 415 primum
1668 346 1888 415 spiritus
1918 343 2094 413 populi
2126 343 2172 402 Α
2201 351 2257 395 et
2299 342 2633 397 medicabile.
2688 339 2801 396 Nos
2837 342 2928 396 tibi
2974 358 3193 415 semper,
3248 353 3298 397 et
3352 342 3549 412 ubique
3580 339 3771 410 gratias

530 435 872 488 inl’ormetur.
926 432 1115 487 Postea
1162 434 1289 488 boni
1346 435 1535 495 nuntii,
1589 434 1641 489 id
1692 443 1777 490 est
1821 431 2096 502 Evangelii

530 524 687 579 avida
719 524 999 577 auditurus
1024 522 1382 592 gratulatione
1415 523 1739 579 consoletur.

599 611 1049 680 Oﬁ'ertoria,qn:e
1098 612 1150 666 in
1203 612 1594 670 sacriﬁciorum
1643 616 1848 670 honore
1898 621 2097 668 canunt

532 702 929 758 ecclesiasticus
954 702 1090 756 liber
1119 703 1365 758 inditium
1406 715 1508 770 est,
1538 715 1747 761 veteres
1765 716 1985 760 cantare
2013 720 2097 759 so-

530 791 678 855 litos.
719 791 936 862 quando
978 793 1210 849 victima:
1264 795 1705 858 immolabantur,
1762 796 1901 851 sicut
1954 794 2096 848 enim

533 880 664 935 dicit
696 898 710 934 :
742 883 1002 950 porrexit,
1036 883 1231 954 inquit,
1280 885 1547 942 Sacerdos
1588 902 1804 942 manum
1858 901 2011 942 suam
2042 885 2096 939 in

490 970 495 973 '
530 967 836 1029 libationes.
869 980 922 1025 et
958 972 1144 1043 libavit
1187 972 1254 1031 de
1288 974 1549 1046 sanguine
1597 993 1730 1040 uvae,
1778 987 1833 1031 et.
1879 977 2014 1031 fudit
2044 978 2096 1031 in

530 1057 935 1119 fundamentum
960 1063 1147 1121 altaris
1175 1065 1396 1121 odorem
1424 1067 1606 1123 divino
1632 1077 1687 1123 et
1719 1066 1932 1122 excelso
1954 1067 2100 1138 prin-

530 1148 655 1217 cipi.
682 1150 832 1205 Tunc
854 1152 1297 1209 exclamaverunt
1337 1156 1429 1210 lilii
1476 1163 1655 1210 Aaron
1701 1157 1931 1212 intubis
1978 1173 2099 1226 pro-

533 1241 841 1308 ductilibus,
868 1251 922 1297 et
950 1255 1301 1311 sonaverunt,
1325 1255 1381 1299 et
1409 1246 1648 1301 auditum
1695 1247 1939 1302 fecerunt
1981 1263 2096 1301 ma-

531 1346 691 1403 gnam
722 1332 908 1388 vocem
933 1335 985 1387 in
1004 1335 1318 1390 memoriam
1342 1352 1524 1392 coram
1542 1336 1790 1392 Domino.
1812 1337 1925 1391 Non
1944 1336 2099 1390 aliter

495 1430 499 1434 '
532 1428 590 1475 et
613 1435 754 1475 nunc
800 1420 851 1475 in
883 1422 1061 1476 sonitu
1124 1422 1282 1488 tubae,
1326 1424 1377 1479 id
1406 1436 1508 1489 est,
1548 1425 1602 1479 in
1643 1424 1789 1480 vocis
1838 1426 2099 1495 praedica-

529 1512 676 1566 tione
701 1518 893 1567 cantus
932 1514 1297 1569 accendimus.
1330 1514 1607 1592 Simulque
1634 1518 1796 1571 corde
1835 1525 1888 1571 et
1938 1532 2099 1586 opere

528 1600 718 1657 laudes
767 1602 996 1658 Domino
1024 1605 1388 1662 declamantes
1405 1607 1695 1676 jubilamus
1738 1608 1791 1663 in
1825 1609 1965 1673 alto;
2004 1609 2097 1665 illo

2198 449 2369 504 agere.
2415 422 2705 502 Postquam
2752 442 2930 488 autem
2990 433 3380 502 proﬁteturise
3429 430 3665 502 pepulns
3709 435 3771 486 ad

2198 520 2370 575 Dnnm
2424 523 2587 577 corda
2634 521 2834 577 habere
2885 523 3110 578 intenta.
3164 521 3463 577 Conversio
3528 520 3681 575 vocis
3722 530 3774 575 et

2197 613 2393 667 mentis
2419 612 2526 666 ﬁta
2553 610 2845 668 Sacerdote
2867 613 3029 669 veluti
3057 611 3477 684 przesentialiter
3506 611 3774 679 loquentis

2198 706 2263 761 ad
2300 706 2472 775 ipsum
2503 704 2728 759 dicendo
2760 722 2772 757 :
2803 702 2910 759 Nos
2937 704 3031 759 tibi
3070 718 3284 774 semper
3316 711 3372 756 et
3396 702 3604 773 ubique
3652 716 3773 771 gra-

2199 794 2299 848 tias
2324 807 2502 863 agere.
2552 792 2701 847 Tunc
2728 793 2871 848 enim
2917 792 3076 863 digne
3118 792 3230 847 Deo
3284 791 3476 863 gratia:
3526 792 3773 845 concele—

2198 885 2442 951 braatur,
2488 885 2533 939 si
2579 884 2647 939 ab
2694 884 2943 939 omnibus
2997 884 3215 939 humani
3262 883 3481 954 generis
3531 880 3808 936 ﬁdelibus‘

2198 990 2411 1044 semper
2435 983 2489 1030 et
2510 974 2709 1044 ubique
2736 984 2983 1045 agantur.
3009 972 3401 1045 Semperjuxta
3428 972 3771 1027 Psalmistan

2199 1066 2496 1119 benedicam
2544 1064 2819 1118 Dominum
2868 1065 2923 1118 in
2947 1065 3086 1118 omni
3124 1074 3370 1134 tempore,
3422 1078 3635 1131 semper
3664 1060 3775 1114 (au

2198 1154 2311 1224 ejus
2353 1155 2406 1207 in
2446 1171 2534 1208 ore
2582 1168 2712 1208 meo.
2757 1153 2822 1208 Et
2860 1153 3052 1207 iterum
3095 1170 3108 1204 :
3160 1150 3412 1206 Laudabo
3490 1150 3775 1204 Dominum

2198 1244 2253 1297 in
2283 1244 2385 1298 vita
2406 1258 2541 1308 mea,
2567 1241 2787 1312 psallam
2830 1241 2939 1295 Deo
2976 1258 3086 1295 meo
3127 1241 3361 1311 quamliu
3393 1257 3505 1294 ero.
3538 1239 3608 1293 Et
3638 1240 3777 1306 Apoc

2199 1338 2369 1395 stolus
2403 1355 2415 1391 :
2447 1336 2571 1393 Sine
2598 1337 2977 1391 intermissione
3007 1344 3149 1390 orate
3176 1348 3193 1386 :
3222 1336 3278 1388 in
3307 1334 3555 1388 omnibus
3581 1332 3774 1402 gratias

2200 1428 2355 1497 agite,
2384 1436 2438 1482 et
2462 1426 2688 1496 reliqua.
2720 1425 2786 1480 Et
2831 1425 3027 1493 ubique
3070 1422 3353 1477 Psalmista
3408 1424 3633 1478 dicente
3669 1419 3775 1473 :In

2201 1516 2341 1570 omni
2367 1514 2477 1569 loco
2505 1514 2874 1568 dominationis
2898 1513 3011 1582 ejus
3043 1512 3251 1565 benedic
3295 1513 3477 1565 anima
3509 1526 3631 1563 mea
3677 1507 3777 1561 Do-

2200 1606 2362 1660 mino.
2410 1605 2477 1660 Et
2518 1605 2645 1674 quia
2692 1604 2854 1658 etiam
2907 1603 3045 1657 Deus
3090 1603 3287 1672 ubique
3327 1612 3431 1667 est,
3466 1600 3676 1655 ideirco
3707 1598 3777 1654 illi

530 1689 738 1745 scilicet
765 1707 895 1747 vero
935 1694 1224 1761 sacriﬁcio,
1253 1675 1417 1764 cujus
1443 1699 1703 1769 sanguine
1750 1698 1986 1753 salvatus
2013 1707 2096 1754 est
2128 1675 2173 1734 Β
2205 1696 2401 1765 ubique
2425 1695 2626 1766 gratias
2652 1694 2857 1749 referre
2880 1693 3158 1749 debemus.
3211 1691 3432 1745 Domine
3463 1700 3649 1744 sancte
3684 1687 3779 1743 Pa-

530 1780 780 1836 mundns.
818 1782 1022 1837 Deinde
1074 1793 1192 1853 post
1232 1787 1529 1843 orationem
1579 1795 1784 1843 secrete
1825 1788 2022 1843 dicitur
2066 1803 2096 1841 a

534 1873 866 1930 Sacerdote:
904 1875 1160 1930 Dominus
1191 1877 1470 1931 vobiscum.
1514 1877 1920 1934 Sacerdos‘orat
1954 1879 2101 1934 salu-

532 1963 697 2018 tando
722 1962 974 2037 p0pulnm
1006 1980 1103 2034 pro
1127 1965 1271 2020 clero
1293 1975 1347 2021 et
1368 1967 1538 2034 plebe,
1566 1976 1622 2021 et
1648 1966 1823 2023 clerus
1852 1976 1906 2022 et
1928 1969 2098 2038 plebs,

534 2061 593 2106 ut
617 2052 909 2121 participes
960 2054 1069 2106 sint
1107 2055 1312 2122 pariter
1362 2069 1482 2109 cum
1518 2055 1747 2110 Domino
1804 2058 2105 2128 reciproca-

532 2140 672 2195 eiter
713 2140 986 2196 exorando
1032 2142 1392 2213 respondent,
1442 2151 1496 2199 et
1555 2159 1676 2200 cum
1728 2145 1918 2215 spiritu
1975 2160 2098 2213 tuo;

533 2228 588 2288 id
642 2238 747 2295 est,
787 2240 847 2283 ut
881 2246 1032 2285 mens
1082 2240 1138 2285 et
1177 2232 1397 2302 spiritus
1438 2241 1622 2287 noster
1653 2249 1817 2288 unum
1857 2236 1965 2289 sint
2018 2251 2096 2291 se-

533 2321 770 2376 cundum
815 2321 1131 2390 Apostolnm
1170 2339 1183 2375 :
1226 2322 1452 2393 psallam
1502 2324 1729 2393 spiritu,
1779 2325 2004 2396 psallam
2047 2337 2104 2382 et

534 2418 733 2473 mente,
759 2411 874 2481 ipse
896 2428 994 2483 pro
1019 2412 1144 2479 illis,
1175 2422 1229 2467 et
1257 2413 1330 2468 illi
1377 2428 1476 2485 pro
1522 2414 1632 2482 illo,
1671 2417 1795 2486 quia
1815 2418 2103 2487 Apostolus

535 2503 690 2558 docet
719 2520 732 2557 :
766 2504 994 2560 invreem
1016 2520 1196 2570 orare,
1234 2515 1293 2560 ttt
1333 2508 1629 2562 salventur.
1662 2508 1731 2562 Et
1770 2508 2026 2566 Dominus
2051 2513 2102 2565 in

532 2593 821 2663 Evangelio
853 2615 865 2649 :
892 2596 1051 2652 Amen
1098 2598 1214 2652 dico
1268 2599 1427 2665 vobis,
1477 2601 1600 2670 quia
1638 2600 1686 2655 si
1714 2602 1841 2666 duo,
1890 2602 1965 2657 vel
2000 2614 2102 2657 tres

534 2688 884 2742 consenserint
918 2689 981 2742 de
1027 2691 1167 2743 omni
1194 2707 1248 2744 re
1274 2707 1430 2761 super
1481 2701 1696 2757 terram,
1746 2709 2103 2763 quamcunque

533 2776 795 2845 petierint,
818 2778 903 2844 ﬁet
935 2778 1038 2832 illis
1063 2796 1094 2832 a
1118 2779 1280 2835 Patre
1328 2798 1460 2847 meo,
1505 2783 1594 2853 qui
1618 2793 1693 2837 est
1723 2784 1777 2836 in
1803 2784 1963 2838 caelis.
2004 2783 2105 2840 lte-

538 2881 656 2920 rum
689 2866 816 2921 dicit
845 2866 1109 2924 Sacerdos
1135 2888 1148 2924 :
1179 2870 1402 2925 Sursum
1428 2874 1608 2927 corda.
1652 2873 1751 2929 llic
1777 2890 1880 2929 non
1931 2875 2103 2930 solum

534 2956 746 3025 plebem
775 2959 1041 3024 hortatur,
1057 2952 1194 3014 u'tad
1210 2960 1494 3017 Dominum
1512 2962 1685 3033 erigat
1701 2962 1862 3018 corda
1878 3005 1893 3029 ,
1916 2978 2100 3017 verum

537 3046 701 3101 etiam
744 3062 899 3102 suum
933 3064 1026 3103 cor
1055 3050 1379 3119 participare
1416 3065 1537 3106 cum
1584 3052 1714 3120 ipsis
1751 3052 2106 3108 desiderando

537 3147 746 3193 exorat.
779 3138 845 3192 Et
867 3138 1007 3192 sicut
1026 3137 1143 3192 illos
1171 3148 1321 3208 optat
1348 3154 1563 3195 sursum
1612 3140 1810 3196 habere
1837 3144 2024 3207 corda,
2051 3153 2108 3198 et

541 3226 610 3281 de
639 3228 952 3282 coelestibus
1002 3228 1241 3298 c0gitare
1305 3229 1516 3283 dicente
1571 3229 1827 3297 Apostolo
1860 3247 1873 3282 :
1908 3229 2107 3285 Nostra

542 3316 862 3371 conversatio
908 3316 964 3371 in
1010 3315 1148 3373 caelis
1195 3325 1289 3370 est.
1343 3317 1410 3371 Et
1468 3318 1682 3384 iterum,
1734 3335 1852 3389 qua:
1898 3337 2107 3375 sursum

542 3406 923 3474 suntvqucerite,
956 3421 1057 3459 non
1087 3422 1202 3476 qua:
1228 3423 1382 3477 super
1415 3416 1632 3471 terram,
1664 3408 1743 3464 sic
1769 3418 1825 3464 et
1848 3410 1963 3479 ipse
1999 3410 2105 3466 ima

541 3494 853 3565 relinquens
874 3504 1054 3551 mente
1079 3496 1145 3551 ad
1172 3497 1411 3552 coelestia
1438 3514 1559 3553 cum
1588 3498 1717 3569 ipsis
1748 3501 1927 3555 tendat
1950 3502 2106 3571 juxta

535 3587 874 3653 Psalmistam
906 3607 917 3640 :
949 3587 1134 3645 Levavi
1157 3589 1331 3647 oculos
1369 3606 1526 3645 meos.
1556 3599 1611 3645 et
1632 3591 1712 3644 Ad
1733 3603 1780 3646 te
1805 3592 1964 3646 levavi
1985 3610 2109 3647 oru-

540 3680 619 3733 los
645 3696 805 3746 meos,
827 3681 917 3750 qui
945 3681 1148 3734 habitas
1184 3683 1240 3734 in
1281 3681 1441 3737 malis.
1472 3682 1608 3738 Hinc
1644 3684 1822 3739 clerus
1849 3685 2106 3740 exhorta-

542 3772 689 3826 tione
719 3771 1027 3828 Sacerdotis
1056 3773 1338 3829 roboratns
1379 3777 1662 3845 respondet
1694 3794 1709 3831 :
1745 3776 2012 3833 Habemus
2039 3779 2108 3832 ad

538 3866 853 3934 Dominum;
882 3884 945 3924 ac
973 3869 1017 3925 si
1041 3870 1277 3926 diceret:
1297 3870 1446 3927 Sicut
1471 3873 1826 3927 ammonendo
1853 3886 1952 3926 nos
1977 3872 2108 3925 bor-

542 3960 677 4015 taris
707 3976 922 4016 sursum
949 3963 1158 4033 erigere
1187 3963 1373 4028 corda,
1407 3964 1489 4018 sic
1526 3964 1849 4019 exortationi
1897 3972 1999 4017 ture
2029 3963 2110 4019 fa-

536 4047 763 4113 cientes,
795 4052 1011 4105 attende
1040 4051 1103 4104 ad
1147 4050 1320 4104 Dnum
1362 4051 1561 4106 habere
1612 4051 1949 4120 proﬁtemur.
1976 4049 2113 4107 Cra-

538 4141 639 4206 tias
667 4157 884 4209 agamus
912 4140 1131 4194 Domino
1186 4141 1297 4194 Deo
1336 4151 1534 4194 nostro.
1566 4140 1783 4195 Gratias
1811 4143 1952 4196 enim
1998 4141 2110 4197 Deo

539 4224 697 4279 nobis
724 4240 883 4295 agere
902 4226 1135 4297 optando
1164 4226 1393 4296 imperat
1415 4223 1702 4292 Sacerdos,
1726 4228 1814 4296 qui
1840 4237 1964 4283 ante
1985 4245 2109 4299 pro-

2203 1798 2281 1842 ter
2299 1789 2617 1852 omnipotens
2663 1796 2852 1841 (eterna
2898 1784 3049 1839 Deus.
3086 1785 3347 1839 Dominus
3385 1799 3416 1837 a
3448 1783 3777 1836 dominando

2202 1877 2420 1942 dicitur,
2448 1874 2573 1944 jure
2597 1875 2740 1929 enim
2766 1875 2838 1928 illi
2864 1877 2964 1929 hoc
2994 1889 3188 1928 nomen
3220 1872 3437 1945 proprie
3467 1872 3776 1935 adhibetur,

2202 1970 2293 2040 qui
2324 1969 2438 2038 ipse
2482 1967 2803 2038 potestative
2851 1965 3089 2020 omn'um
3141 1966 3451 2019 dominatur
3500 1971 3778 2017 creatura-

2200 2075 2343 2128 rum,
2388 2060 2440 2114 in
2464 2073 2571 2128 quo
2600 2058 2819 2113 nomine
2840 2071 2999 2111 omne
3026 2071 3165 2126 genu
3187 2054 3423 2110 ﬂectitur
3448 2051 3773 2114 cretestium,

2203 2152 2539 2207 terrestrium
2570 2156 2621 2204 et
2668 2147 3021 2203 infernornm.
3052 2146 3115 2199 Et
3153 2145 3292 2199 sicut
3339 2142 3608 2197 Dominus
3636 2156 3666 2193 a
3689 2140 3779 2194 do—

2204 2243 2483 2307 minando,
2529 2242 2601 2295 ita
2633 2251 2853 2296 sanctus
2882 2255 2912 2293 a
2942 2236 3330 2295 sanctiﬁcando
3380 2235 3608 2301 dicitur,
3660 2232 3776 2300 quia

2204 2334 2270 2390 ab
2292 2335 2409 2404 ipso
2431 2348 2608 2388 omnia
2634 2331 3061 2387 sanctiﬁcantnr.
3091 2328 3273 2394 Pater,
3296 2327 3401 2381 hoc
3416 2341 3525 2380 non
3551 2324 3781 2379 dicimus

2204 2434 2390 2480 nostro
2417 2424 2630 2486 merito,
2665 2423 2756 2475 sed
2786 2420 2897 2476 sola
2924 2435 3034 2474 sum
3071 2419 3433 2475 concessionis
3466 2415 3778 2485 largitione,

2203 2515 2296 2585 qui
2328 2515 2453 2569 dum
2482 2512 2685 2581 peccati
2710 2511 2850 2565 servi
2877 2524 3135 2574 essemus,
3157 2520 3207 2563 et
3233 2507 3325 2562 ﬁlii
3355 2507 3448 2560 ira:
3483 2505 3780 2560 secundum

2203 2603 2540 2673 Apostolum,
2568 2603 2720 2657 liberi
2746 2602 2871 2656 lacti
2920 2599 3162 2669 iustitiae.
3193 2599 3427 2657 Patrem.
3465 2596 3621 2651 illum
3660 2593 3773 2647 dili-

2205 2706 2402 2764 gendo,
2453 2708 2518 2749 eo
2557 2692 2780 2761 jnbeute
2830 2705 3103 2746 vocamus.
3144 2686 3250 2743 Per
3292 2676 3563 2742 Christum
3606 2684 3781 2739 Dauni

2207 2795 2460 2850 nostrum,
2491 2799 2648 2855 grece
2677 2783 2818 2837 enim
2852 2781 3118 2845 Christus,
3161 2778 3327 2832 latine
3366 2785 3569 2830 unctus
3608 2776 3782 2828 inter-

2207 2883 2468 2943 pretatur.
2502 2873 2654 2929 Unde
2685 2874 2737 2928 in
2763 2871 2969 2943 psalmo
3004 2890 3016 2924 :
3054 2867 3214 2923 (luxit
3255 2879 3303 2921 te
3334 2866 3475 2920 Deus
3516 2875 3641 2919 tuus
3671 2863 3781 2917 oleo

2210 2946 2405 3016 la'titite
2433 2978 2542 3032 pra:
2561 2959 2900 3031 participibus
2938 2960 3061 3013 tuis.
3092 2956 3194 3011 Per
3216 2955 3492 3010 Christum
3522 2952 3780 3007 vero'Do-

2131 3013 2180 3075 ϐ
2212 3013 2970 3104 minnmrnos'trum.'Omnes
3009 3044 3191 3100 ﬁdeles
3235 3043 3435 3114 gratias
3482 3041 3596 3095 Deo
3637 3039 3778 3094 Patri

2208 3138 2301 3194 rei.
2322 3148 2449 3193 runt
2471 3139 2842 3203 mediatorem,
2871 3152 2934 3190 ac
2963 3135 3144 3190 mundi
3176 3134 3603 3202 redemptorem,
3628 3146 3658 3184 a
3676 3144 3780 3200 quo

2207 3237 2398 3282 cuneta
2424 3236 2602 3281 creata
2631 3233 2682 3279 et
2705 3225 3003 3295 pereuntia,
3035 3238 3138 3278 non
3170 3223 3369 3278 nostris
3406 3221 3642 3283 meritis,
3670 3217 3765 3274 sed

2207 3317 2317 3373 sola
2348 3332 2443 3371 sna
2477 3313 2842 3370 misericordia
2873 3322 2998 3367 sunt
3021 3321 3354 3380 recuperata.
3384 3309 3621 3374 Etbem,
3646 3309 3781 3363 sicut

2208 3425 2303 3479 per
2331 3408 2503 3478 ipsum
2529 3421 2720 3461 novem
2742 3405 2959 3460 ordines
2992 3402 3301 3474 angelorum
3327 3402 3600 3457 distinctis
3624 3416 3778 3455 voca-

2206 3502 2349 3557 bulis
2369 3501 2574 3556 creavit
2620 3500 2843 3555 dicens:
2875 3496 2999 3552 Fiat
3049 3499 3164 3562 lux,
3203 3507 3251 3552 et
3281 3500 3425 3568 [acta
3457 3508 3533 3552 est
3564 3497 3679 3560 lux,
3708 3496 3776 3550 ita

2207 3593 2369 3646 etiam
2408 3600 2461 3645 et
2484 3607 2580 3661 per
2612 3591 2786 3660 ipsum
2813 3598 3035 3658 paterna
3070 3587 3323 3657 majestas
3347 3588 3543 3643 merita
3569 3586 3776 3641 vicissi-

2211 3684 2393 3738 tudine
2416 3683 2484 3737 ab
2527 3681 2754 3752 angelis,
2786 3680 2837 3735 id
2866 3690 2968 3745 est,
2998 3696 3028 3734 a
3050 3680 3271 3744 nuntiis,
3311 3687 3366 3733 et
3406 3675 3775 3749 Archangelis,

2209 3776 2261 3830 id
2288 3784 2389 3841 cst,
2419 3774 2757 3844 Principibus
2786 3771 3097 3842 angelorum
3129 3769 3507 3832 conlaudatur,
3531 3768 3660 3837 quia
3689 3782 3772 3820 as-

2208 3869 2345 3924 chon
2375 3882 2556 3938 grece,
2608 3866 2772 3921 latine
2819 3864 3074 3934 Princeps
3094 3863 3308 3917 dicitur.
3347 3862 3412 3914 Et
3448 3875 3480 3914 a
3526 3858 3773 3914 Domina-

2213 3959 2464 4023 tionibus,
2518 3956 2569 4010 id
2612 3966 2712 4022 est,
2764 3954 3229 4010 Dominationibus
3284 3967 3444 4019 supra
3494 3950 3776 4020 praedictus

2210 4048 2426 4103 ordines
2451 4045 2726 4100 adorator.
2752 4043 2856 4098 Per
2885 4044 3059 4114 ipsum
3084 4042 3249 4096 etiam
3287 4041 3506 4095 unicum
3537 4040 3777 4100 verbum,

2210 4140 2261 4195 id
2288 4148 2393 4203 cst,
2426 4137 2597 4191 ﬁlium
2637 4145 2918 4205 paternam
2948 4133 3280 4189 divinitatem
3339 4138 3579 4185 tremunt
3630 4127 3779 4181 Pete.

2209 4239 2396 4287 states.
2419 4227 2552 4284 (ἰωιί
2576 4227 2943 4293 cmlorumque
2968 4226 3213 4288 virtutes,
3246 4222 3300 4277 id
3330 4231 3436 4285 est,
3459 4227 3775 4291 potestatem

536 4312 668 4369 fessi
698 4327 883 4379 sumus
912 4315 978 4371 ad
1010 4313 1290 4368 Dominum
1319 4330 1416 4371 nos
1446 4330 1564 4371 esse
1591 4318 1845 4376 intentos.
1880 4316 2105 4388 Dignum
2137 4350 2185 4409 Β
2213 4320 2494 4383 habentes,
2534 4325 2588 4370 et
2619 4316 2872 4373 virtutem
2902 4330 3062 4391 supra
3118 4313 3399 4369 inferiores
3426 4311 3664 4365 ordines.
3705 4307 3776 4362 Ac

536 4415 584 4459 et
597 4403 801 4475 justum
829 4415 923 4459 est.
965 4403 1102 4472 Quid
1128 4407 1270 4461 enim
1297 4407 1529 4476 dignius,
1557 4422 1717 4477 quam
1746 4417 1803 4465 ut
1845 4408 1957 4464 Deo
1983 4424 2105 4478 gra-

538 4496 641 4550 tias
671 4495 1037 4553 indesinenter
1083 4513 1301 4568 agamus
1340 4513 1437 4569 pro
1482 4499 1744 4553 inuuenso
1778 4499 2104 4571 dignationis

537 4583 655 4653 ejus
677 4584 839 4650 dono,
868 4602 975 4656 quo
1000 4603 1097 4642 nos
1124 4588 1178 4642 in
1202 4596 1382 4642 mente
1404 4588 1655 4658 dignatus
1687 4596 1770 4645 est
1820 4605 1948 4646 suos
2010 4591 2101 4646 ad-

537 4681 727 4743 optare
754 4673 911 4729 ﬁlios.
961 4676 1116 4731 Unde
1152 4678 1204 4730 in
1231 4679 1683 4748 consequentibus
1711 4696 1769 4735 se
1806 4680 2021 4736 Patrem
2071 4697 2101 4737 a

538 4764 696 4821 nobis
721 4767 982 4835 permittit
1005 4770 1204 4821 vocari.
1232 4770 1299 4824 Et
1329 4772 1443 4825 haec
1472 4773 1754 4842 responsio
1782 4773 1954 4841 plebis
1980 4789 2103 4844 aug-

538 4864 781 4912 mentum
807 4858 1112 4919 accumulat
1139 4861 1432 4927 gratiarum
1460 4864 1708 4919 actionis.

1172 4966 1465 5006 ΡΜ-ςητιο.

609 5035 740 5092 Vere
785 5038 1021 5109 dignum,
1070 5048 1117 5093 et
1162 5039 1390 5108 justum,
1427 5048 1475 5093 et
1516 5056 1743 5110 wquum,
1774 5052 1831 5107 et
1856 5043 2105 5098 salutare.

538 5124 887 5182 Contestatur
928 5143 1057 5183 vero
1084 5127 1348 5183 Sacerdos
1384 5127 1490 5181 ﬁxe
1519 5138 1574 5182 et
1613 5132 1880 5186 veraciter
1908 5133 2111 5201 profes-

541 5215 745 5269 sionem
762 5219 965 5286 populi,
982 5219 1033 5274 id
1049 5229 1153 5282 est,
1172 5218 1376 5291 gratias
1390 5217 1592 5272 referre
1610 5220 1719 5273 Deo
1735 5236 1851 5276 esse
1864 5223 2105 5292 dignum,

540 5304 633 5372 qui
658 5305 809 5359 nobis
835 5308 1066 5364 salutem
1090 5308 1319 5378 indignis
1344 5308 1532 5362 tribuit
1550 5317 1827 5365 aeternam.
1859 5312 2106 5381 Dignum,

2210 4411 2366 4465 beata
2400 4407 2705 4477 Seraphim.
2750 4403 3032 4472 Seraphitu
3084 4416 3296 4470 quoque
3341 4400 3596 4454 ardentes
3623 4397 3777 4451 etin-

2208 4499 2499 4557 cendentes
2549 4495 2970 4563 interpretantur
3016 4501 3235 4561 propter
3276 4490 3611 4544 vicinitatem
3656 4503 3777 4541 san-

2209 4589 2434 4644 ctissimi
2480 4585 2780 4643 divinitatis
2834 4584 2992 4654 ignis,
3040 4584 3165 4653 quia
3210 4583 3351 4636 Deus
3394 4590 3580 4634 noster
3641 4578 3775 4649 ignis

2210 4690 2532 4737 consumens
2560 4682 2661 4728 est.
2693 4672 2758 4731 Et
2802 4672 2922 4727 ideo
2945 4672 3091 4745 jnste
3138 4668 3204 4723 ab
3243 4669 3373 4737 ipsis
3418 4683 3515 4737 per
3564 4669 3773 4721 unicum

2212 4765 2432 4818 verbum
2460 4764 2609 4819 socia
2638 4760 2968 4816 exultatione
2996 4758 3156 4813 Pater
3189 4756 3623 4811 concelebratur.
3646 4753 3771 4808 Cum

2208 4857 2340 4925 ipsis
2367 4870 2492 4909 vero
2522 4869 2685 4923 supra
2718 4850 2878 4907 dictis
2925 4849 3203 4903 ordinibus
3251 4845 3569 4915 angelorum
3602 4852 3657 4898 et
3689 4859 3772 4896 no-

2210 4954 2372 5008 stras,
2401 4942 2454 4998 id
2479 4952 2583 5008 est,
2607 4942 2885 4997 hominum
2916 4953 3094 5003 voces,
3120 4945 3177 4991 ut
3207 4934 3418 4990 admitti
3442 4932 3656 5004 jubeas,
3686 4931 3770 4985 de.

2210 5051 2517 5106 precamur.
2549 5034 2871 5093 Ammittere
2891 5033 3035 5089 enim
3062 5045 3156 5100 per
3175 5029 3278 5084 duo
3301 5043 3377 5091 nt,
3408 5036 3467 5080 et
3493 5024 3768 5079 admittere

2212 5141 2309 5195 per
2355 5126 2409 5190 d,
2452 5126 2724 5194 suscipere
2762 5132 2865 5177 est.
2915 5122 3181 5175 Amittere
3214 5133 3342 5173 vero
3394 5133 3494 5187 per
3524 5130 3685 5169 unum
3720 5128 3767 5167 tu

2211 5221 2415 5289 absque
2442 5219 2495 5282 d,
2524 5218 2626 5272 hoc
2654 5226 2737 5271 est
2786 5215 3075 5271 dimittere.
3124 5212 3220 5266 Hic
3254 5208 3368 5277 jam
3405 5204 3768 5278 conjungendo

2211 5327 2338 5379 pars
2360 5311 2585 5366 inferior
2609 5309 2933 5364 chordarum
2972 5305 3234 5386 superiori
3277 5304 3330 5355 in
3359 5301 3767 5356 concor-(latione
