3992 6304
238 340 369 399 ΗΠ

1394 338 1758 397 EXPOSITIO
1796 339 2021 397 SUPER
2068 339 2340 397 MISSAM.

3351 340 3492 395 H78

234 454 306 511 Et
330 455 509 510 audivi
547 469 720 510 unum
741 463 875 510 sicut
904 470 1075 509 vorem
1096 453 1531 524 cytharisantium
1560 453 1616 508 in
1643 454 1810 508 citha-
1839 450 1886 511 Α
1916 455 2162 521 personis
2182 456 2447 511 sanctitas
2464 453 2897 519 demonstratur;
2921 452 3064 511 unde
3084 453 3489 526 iuquitEsaias:

231 547 309 601 ris
335 547 467 611 suis,
508 555 557 600 et
586 553 799 599 cantant
847 544 1111 599 canticum
1164 558 1373 597 novum.
1424 541 1568 597 Duas
1594 555 1813 612 quoque

226 639 378 693 Dens
426 646 734 701 creaturas,
786 634 839 689 id
891 634 1219 704 estangelos
1257 644 1313 691 et
1344 633 1679 690 hominesad
1709 634 1810 689 sibi

224 726 472 782 debitum
522 724 749 780 reddere
790 723 1107 779 famulatum
1151 740 1216 780 ac
1270 724 1491 794 dignum
1528 725 1808 781 servitium

223 815 493 877 condidit,
520 815 613 884 qui
667 813 879 867 laudem
920 814 1064 869 illius
1090 814 1304 882 dignam
1351 824 1591 884 agerent,
1622 824 1675 869 et
1697 814 1805 885 pla-

223 903 394 959 citam
422 901 542 970 ejus
574 902 907 959 voluntatem
943 902 1274 959 sensibiliter
1303 917 1426 957 cum
1462 902 1708 957 laudibus
1754 913 1809 958 et

223 993 530 1063 gratiarum
556 993 861 1048 actionibus
889 993 1191 1062 explerent.
1231 992 1332 1046 Per
1360 993 1691 1064 unigenitum
1722 993 1809 1047 Fi-

220 1081 360 1139 lium
406 1098 586 1150 suum,
634 1099 731 1153 per
778 1098 939 1153 quem
985 1083 1036 1136 bi
1072 1088 1276 1141 ,σιιιιιθς
1310 1082 1529 1137 ordines
1570 1082 1805 1136 divinam

218 1175 347 1245 ejus
371 1175 668 1245 potentiam
690 1175 809 1228 sine
845 1173 1241 1228 intermissione
1280 1173 1519 1237 laudant,
1557 1173 1805 1236 adorant,

218 1276 282 1319 et
325 1274 585 1329 trcanuut,
639 1264 1126 1333 concelebrantque
1174 1264 1403 1333 supplici
1466 1263 1808 1319 confessione

216 1354 486 1413 dicentes.
530 1353 581 1408 id
634 1364 718 1408 est
752 1354 1037 1423 pnccaria,
1089 1353 1386 1423 Innuilique
1439 1354 1617 1420 laude,
1666 1355 1806 1408 unde

215 1442 582 1497 Cassiodorus
604 1441 817 1511 inquit:
848 1440 1216 1497 Confessionis
1241 1442 1384 1495 enim
1416 1456 1607 1495 nomen
1640 1441 1691 1494 in
1724 1441 1804 1494 di-

219 1534 367 1589 vinis
380 1534 679 1603 Scripturis
717 1533 917 1602 duplici
944 1533 1104 1586 modo
1128 1531 1463 1602 intelligitur.
1502 1530 1804 1603 Aliquando

212 1627 367 1682 enim
392 1627 460 1680 ad
482 1625 934 1689 satisfactionem,
967 1631 1026 1678 et
1056 1624 1124 1678 ad
1163 1623 1429 1692 publicam
1478 1622 1802 1677 sanabilem-

216 1733 327 1787 que
356 1716 714 1786 proditionem
743 1730 838 1784 per
869 1714 1239 1783 paenitentiam
1269 1712 1524 1782 pertinet,
1554 1720 1610 1766 ut
1654 1713 1798 1782 Apo-

1931 546 2048 600 Vidi
2088 545 2372 601 Dominum
2416 545 2675 619 sedentem
2720 560 2877 614 super
2919 542 3111 598 solium
3157 543 3414 600 excelsum
3442 552 3493 599 et

1913 633 2184 697 eleuatum,
2215 644 2261 687 et
2304 649 2386 696 ea,
2417 649 2535 703 quae
2580 634 2674 687 sub
2702 633 2816 703 ipso
2845 642 3017 697 erant,
3068 631 3329 702 replebant
3369 642 3494 687 tem-

1912 724 2078 794 plum,
2111 734 2157 777 et
2184 721 2461 790 Seraphin:
2483 722 2689 776 stabant
2714 738 2873 792 super
2896 720 3030 776 illud
3054 737 3147 776 sea:
3177 720 3279 775 alte
3306 721 3420 787 uni,
3443 731 3492 775 et

1911 828 2004 866 sea:
2023 812 2124 866 ala:
2145 811 2321 877 alteri,
2345 820 2393 865 et
2428 810 2729 865 clamabant
2759 811 2894 864 alter
2924 809 2995 864 ad
3025 810 3252 864 alterum
3275 820 3322 866 et
3349 810 3493 863 dice-

1910 900 2036 954 bant
2064 916 2083 953 :
2107 899 2355 966 Sanctus,
2396 899 2647 966 Sanctus,
2688 896 2916 954 Sanctus
2952 900 3099 954 Dnus
3126 898 3265 955 Deus
3294 900 3493 953 exerci-

1911 999 2079 1051 tuum,
2109 989 2263 1060 plena
2302 999 2377 1044 est
2413 990 2584 1044 omnis
2621 999 2762 1042 terra
2801 988 2973 1059 gloria
3000 990 3133 1059 ejus.
3167 988 3295 1044 Inde
3323 998 3378 1044 et
3400 988 3492 1046 Jo-

1913 1082 2119 1137 hannes
2146 1079 2489 1152 Evangelista
2520 1080 2575 1134 in
2605 1079 2743 1134 libro
2768 1079 3120 1151 Apocalypsis
3164 1079 3380 1145 scribit,
3427 1095 3489 1135 se

1910 1170 2106 1225 vidisse
2137 1177 2264 1223 ante
2312 1169 2562 1223 thronum
2618 1167 2711 1222 Dei
2762 1177 2819 1222 et
2870 1167 2992 1239 agni
3027 1167 3214 1239 viginti
3254 1175 3489 1237 quatuor

1909 1260 2159 1314 animalia
2186 1260 2478 1322 adstantia.
2500 1268 2553 1314 et
2580 1260 2912 1314 incessanter
2931 1259 3165 1315 dicentia
3189 1277 3204 1316 :
3230 1258 3488 1323 Sanctus,

1908 1362 2149 1417 sanctus,
2182 1362 2402 1408 sanctus
2432 1351 2693 1407 Dominus
2721 1351 2862 1406 Deus
2886 1351 3150 1413 Sabaoth.
3178 1361 3233 1407 et
3260 1352 3485 1424 reliqua.

1909 1439 2150 1495 Sabaoth
2179 1455 2394 1511 quoque
2416 1439 2668 1495 hebraice
2693 1438 2859 1494 latine
2880 1441 3212 1495 exercituum
3243 1443 3356 1496 sive
3380 1442 3490 1495 vir-

1907 1539 2079 1587 tutum
2110 1532 2525 1601 interpretatur;
2560 1529 2688 1598 quia
2726 1529 2841 1599 ipse
2876 1539 2963 1585 est
2992 1530 3233 1585 omnium
3266 1539 3485 1586 creator

1903 1632 1958 1677 et
1986 1622 2148 1683 Deus.
2180 1620 2272 1691 qui
2318 1628 2575 1691 operatur
2602 1634 2700 1690 per
2746 1618 2940 1674 Filium
2972 1634 3077 1673 una
3118 1635 3240 1675 cum
3274 1617 3481 1689 Spiritu

1902 1723 2090 1769 sancto
2122 1712 2303 1767 omnia
2335 1713 2386 1766 in
2412 1710 2684 1766 omnibus.
2719 1708 2874 1764 Pleni
2917 1719 3036 1764 sunt
3082 1709 3215 1777 caeli,
3262 1710 3365 1764 hoc
3404 1718 3489 1764 est

212 1807 430 1862 stolas:
464 1805 799 1874 Con/itemini
855 1814 1068 1876 peccata
1118 1814 1287 1859 vestra
1350 1803 1661 1858 alterutrum
1686 1844 1702 1869 ,
1745 1814 1799 1858 ut
1835 1793 1874 1852 Β
1903 1806 2154 1863 ccclestes
2169 1805 2406 1866 ordines,
2434 1804 2486 1857 in
2514 1803 2710 1886 quibus
2735 1801 2875 1856 Deus
2898 1799 3210 1871 plenissime
3238 1799 3486 1855 habitare

209 1898 511 1954 salvemini.
536 1897 845 1968 Aliquando
874 1898 940 1951 ad
968 1899 1270 1968 gratiarum
1314 1898 1606 1962 actionem,
1635 1906 1695 1951 ut
1742 1897 1797 1951 in

214 1986 511 2057 Evangelio
544 2004 557 2041 :
590 1985 855 2056 Conﬁteor
873 1987 966 2041 tibi
988 1985 1208 2041 Domine
1236 1984 1399 2041 Pater
1416 1987 1531 2041 creti
1549 1996 1597 2040 et
1619 1996 1793 2041 terrte.

218 2076 359 2133 Hinc
405 2078 603 2131 iterum
646 2074 1002 2132 Cassiodorus
1039 2078 1209 2133 dicit:
1239 2079 1577 2132 Confitentur
1626 2078 1794 2143 enim,

214 2168 313 2238 qui
343 2175 567 2238 peccata
590 2167 890 2237 deplorant.
922 2168 988 2223 Et
1015 2169 1107 2240 qui
1158 2169 1387 2225 Domino
1418 2170 1622 2240 gratias
1651 2168 1794 2224 refe-

213 2265 367 2320 runt,
390 2255 750 2321 confitentur;
780 2258 873 2311 sed
913 2266 966 2312 et
994 2257 1122 2312 illud
1173 2258 1225 2312 in
1270 2257 1534 2324 lacrimis,
1568 2258 1709 2312 istud
1742 2257 1793 2311 in

210 2345 411 2417 gaudio
436 2355 540 2401 est.
569 2345 699 2400 Illud
731 2346 784 2400 in
812 2346 1126 2411 atllictione,
1165 2345 1306 2402 istud
1342 2348 1393 2400 in
1421 2354 1621 2402 sancta:
1644 2360 1795 2399 men-

213 2439 288 2494 tis
306 2438 606 2493 alacritate.
642 2437 771 2492 Illud
799 2439 851 2492 iu
897 2439 1138 2504 tristitia,
1184 2439 1324 2494 istud
1360 2440 1412 2493 in
1438 2439 1790 2495 exultatione.

207 2527 345 2583 Illud
373 2528 424 2582 in
456 2527 657 2592 labore,
684 2528 826 2583 istud
849 2529 902 2582 in
933 2531 1140 2598 requie.
1164 2528 1296 2583 Illud
1327 2528 1377 2582 in
1413 2529 1603 2583 timore
1651 2529 1791 2583 istud

208 2618 266 2671 in
292 2617 594 2672 dilectione.
636 2616 767 2671 lllud
809 2617 862 2671 in
924 2617 1093 2683 luctu,
1146 2617 1287 2673 istud
1334 2617 1385 2671 in
1431 2618 1789 2688 jocunditate.

205 2708 344 2764 illud
373 2709 425 2762 in
456 2708 743 2774 surditate,
772 2709 914 2766 istud
964 2710 1017 2764 in
1061 2711 1276 2765 decore.
1316 2709 1448 2765 Illud
1477 2710 1707 2780 quiescit
1735 2711 1790 2765 in

206 2798 562 2869 indulgentia,
590 2800 734 2853 istud
776 2809 1059 2868 permanet
1087 2800 1196 2865 hic,
1240 2808 1295 2855 et
1322 2800 1375 2855 in
1425 2800 1626 2855 futuro.
1658 2784 1788 2855 Illud

198 2890 457 2947 homines
480 2902 816 2963 peccatores.
841 2893 985 2948 istud
1034 2893 1278 2949 homines
1306 2895 1504 2958 sancti,
1533 2902 1589 2948 et
1613 2894 1787 2965 angeli

197 2984 527 3055 gratulando
554 2993 608 3041 et
630 2984 897 3041 laudando
944 2986 1296 3041 conﬁtentur.
1327 2988 1405 3041 Ex
1442 3002 1551 3057 quo
1591 2987 1788 3041 intelli-

200 3076 375 3146 gitur,
416 3076 557 3130 sicut
574 3074 890 3144 przedictnm
916 3088 1018 3141 est,
1041 3078 1184 3147 quod
1205 3093 1399 3132 nomen
1429 3077 1787 3132 confessionis

198 3167 409 3238 duplici
437 3168 595 3223 modo
630 3168 963 3240 intelligitur,
995 3169 1050 3224 id
1088 3178 1192 3235 est,
1220 3170 1513 3240 aliquando
1547 3171 1604 3224 fit
1647 3170 1788 3225 Con-

197 3260 373 3316 fessio
398 3262 464 3315 ad
491 3262 685 3318 salutis
704 3263 1154 3330 satisfactionem,
1186 3275 1239 3321 et
1274 3266 1340 3320 ad
1372 3266 1632 3337 ploranda
1664 3280 1790 3337 pec-

199 3358 352 3406 cata.
380 3350 681 3420 Aliquando
709 3354 776 3406 ad
809 3355 1108 3425 gratiarum
1135 3356 1558 3421 actionem,Deo
1583 3356 1788 3427 gratias

195 3443 437 3514 agendo,
459 3452 513 3498 et
533 3441 650 3511 ejus
674 3460 871 3500 nomen
889 3447 1049 3516 digne
1088 3445 1386 3511 laudando;
1427 3447 1569 3501 unde
1590 3446 1790 3501 dicitur

196 3534 259 3589 in
288 3535 511 3605 psalmis
537 3554 551 3590 :
580 3535 924 3592 Coulitemini
950 3537 1201 3603 Domino,
1233 3538 1486 3607 quoniam
1511 3538 1707 3604 bonus,
1733 3547 1789 3593 et

197 3625 431 3693 reliqua.
456 3625 557 3681 llic
583 3627 730 3682 enim
781 3643 1068 3698 possumus
1108 3627 1411 3697 intelligere
1443 3627 1509 3682 de
1530 3629 1783 3699 praesenti

196 3714 342 3780 loco,
366 3729 550 3770 verum
574 3716 698 3770 dum
723 3717 896 3771 sancti
929 3717 981 3772 in
1011 3717 1112 3773 hoc
1129 3717 1336 3773 caduco
1364 3716 1781 3784 vivuntswculo,

194 3815 494 3874 antequam
518 3806 862 3878 inseparabili
893 3811 1167 3865 consortio
1199 3808 1437 3864 caelestis
1458 3809 1785 3879 coniungan-

197 3906 292 3948 tur
317 3896 489 3959 chori,
512 3896 703 3951 divisis
733 3898 1003 3968 variisque
1030 3899 1205 3954 modis
1230 3898 1512 3953 Dominum
1537 3897 1777 3953 laudant.

194 3986 338 4041 llinc
361 3985 693 4059 Augustinus
724 4005 739 4042 :
771 3988 1021 4044 Laudant
1060 4006 1183 4045 eum
1228 4006 1417 4046 omnes
1462 3992 1637 4063 angeli
1663 3990 1781 4061 ejus

192 4078 486 4149 untdigne,
537 4094 766 4147 quorum
799 4080 951 4135 cibus
976 4090 1214 4136 :cternus
1239 4091 1342 4148 est,
1373 4083 1530 4153 cujus
1561 4085 1670 4139 vita
1695 4085 1776 4139 vi-

191 4175 350 4229 vuut,
369 4165 521 4234 cujus
541 4168 847 4222 aeternitate
881 4178 936 4222 et
963 4169 1203 4225 bonitate
1233 4185 1446 4241 semper
1489 4173 1647 4227 beate
1700 4175 1779 4228 vi-

192 4266 351 4312 vunt.
384 4257 691 4314 Laudemus
717 4258 1004 4314 Dominum
1037 4270 1307 4326 nostrum,
1328 4262 1418 4331 qui
1446 4263 1696 4330 redemit,
1723 4274 1778 4320 et

190 4350 327 4405 fecit
352 4364 483 4415 nos;
511 4350 734 4405 laudant
760 4350 837 4406 illi
865 4361 1258 4422 competenter,
1290 4353 1568 4412 laudemus
1596 4366 1651 4411 et
1677 4372 1778 4413 nos

189 4440 528 4517 obediente_s.
551 4439 632 4494 Illi
654 4441 876 4496 laudant
914 4442 1163 4507 videndo,
1205 4458 1305 4499 nos
1347 4445 1650 4510 credendo;
1696 4445 1771 4499 illi

188 4528 444 4595 fruendo,
464 4545 565 4585 nos
604 4530 873 4600 petendo;
903 4530 977 4584 illi
1001 4532 1282 4596 caoiendo,
1328 4548 1425 4589 nos
1451 4537 1768 4604 quaerendo;

187 4620 270 4676 illi
291 4621 564 4688 intrando,
586 4637 688 4677 nos
715 4620 997 4693 pulsando.

266 4764 269 4767 λ
585 4713 835 4779 Sanctus,
867 4725 1101 4780 sanctus,
1142 4727 1375 4771 sanctus.

255 4804 411 4860 Juste
434 4805 602 4889 enim,
645 4815 700 4860 et
740 4805 1137 4864 rationabiliter
1171 4808 1314 4863 istud
1364 4824 1558 4865 nomen
1606 4810 1773 4881 maje-

182 4894 313 4951 stati
328 4895 523 4950 divinae
538 4904 619 4951 ter
639 4896 981 4965 decantatur,
997 4898 1122 4968 quia
1138 4908 1358 4954 sanctus
1371 4899 1536 4955 Pater
1555 4902 1772 4958 dicente

181 4983 325 5043 Filio
346 4984 412 5040 ad
435 4999 560 5041 eum
584 5003 598 5039 :
620 4987 782 5042 Pater
800 4998 987 5043 sancte
1008 4989 1284 5044 sanetilica
1311 5005 1404 5044 eos
1433 4991 1484 5044 in
1517 4992 1766 5061 veritate,

180 5090 323 5147 quos
362 5075 557 5131 dedisti
591 5077 742 5144 mihi,
779 5078 909 5147 quia
944 5086 999 5133 tu
1031 5087 1252 5133 sanctus
1280 5093 1361 5134 es.
1394 5078 1471 5134 De
1505 5078 1642 5135 Filio
1666 5072 1768 5135 au-

181 5175 296 5220 tem
326 5181 422 5236 per
449 5165 702 5238 angelum
729 5168 797 5223 ad
815 5167 1039 5223 Mariam
1071 5168 1376 5224 diciturzet
1406 5171 1551 5238 quod
1578 5186 1767 5227 nasceo

181 5266 277 5310 tur
300 5271 369 5311 ex
396 5266 448 5311 te
479 5258 762 5313 vocabitur
807 5267 1080 5313 sanctum.
1113 5258 1282 5314 Filius
1313 5258 1404 5314 Dei
1457 5260 1524 5315 de
1555 5260 1765 5331 Spiritu

177 5347 363 5402 Patris
387 5357 441 5403 et
478 5348 601 5404 Filii
626 5350 756 5405 dicit
783 5350 925 5406 idem
970 5350 1141 5406 Filius
1171 5351 1450 5424 discipulis
1477 5354 1593 5409 suis
1618 5372 1630 5408 :
1655 5354 1765 5411 Ac-

177 5438 346 5510 cipite
388 5437 649 5509 Spiritum
692 5448 959 5507 sanctum,
1008 5450 1064 5497 et
1107 5437 1322 5497 caetera.
1357 5441 1466 5498 Sed
1513 5447 1764 5513 quamvis

176 5518 475 5603 unicuique
501 5548 748 5602 personae
790 5548 989 5589 nomen
1032 5534 1324 5604 inponatur
1352 5544 1625 5602 sanctum,
1655 5552 1762 5593 non

178 5633 366 5679 tamen
408 5624 601 5694 plurali
650 5640 876 5681 numero
909 5634 1018 5681 tres
1069 5632 1198 5681 sunt
1246 5625 1441 5693 sancti,
1496 5626 1591 5681 sed
1627 5642 1765 5683 unus

178 5712 326 5770 Deus
349 5724 599 5783 sanctus;
630 5724 682 5771 et
709 5718 810 5772 sub
855 5717 993 5773 trina
1025 5717 1346 5789 repetitione
1376 5733 1479 5772 una
1509 5717 1561 5773 in
1591 5719 1764 5776 tribus

1901 1898 2118 1954 dicitur.
2155 1896 2222 1950 Et
2249 1906 2407 1957 terra,
2439 1894 2490 1949 id
2512 1905 2618 1958 est,
2652 1893 2839 1949 ﬁdeles
2879 1893 3058 1948 adhuc
3095 1907 3194 1961 per
3227 1890 3486 1962 spentlu-

1902 1997 2035 2043 turaa
2062 1986 2410 2041 beatitudinis
2440 1986 2494 2039 in
2538 1995 2679 2040 terra
2709 1993 3115 2039 conversantes.
3142 1981 3324 2036 Gloria
3351 1993 3441 2037 tua
3465 1997 3483 2034 :

1897 2077 1988 2133 illa
2014 2077 2158 2133 enim
2189 2075 2356 2146 gloria
2387 2073 2530 2146 pleni
2576 2084 2703 2128 sunt
2732 2071 2855 2129 caeli
2907 2081 2962 2126 et
2993 2080 3156 2134 terra,
3188 2085 3352 2140 quam
3384 2086 3482 2125 na-

1896 2179 2081 2225 scente
2108 2169 2338 2225 Domino
2382 2166 2670 2222 multitudo
2686 2164 3015 2234 .angelornm
3059 2173 3310 2219 cantasse
3345 2161 3484 2218 dici-

1898 2270 2021 2315 tur:
2046 2258 2230 2315 Gloria
2262 2259 2317 2312 in
2345 2256 2578 2313 excelsis
2613 2255 2749 2320 Deo,
2777 2248 2834 2309 et
2862 2255 2913 2309 in
2944 2262 3090 2308 terra
3121 2268 3220 2324 pas
3253 2252 3484 2307 homini-

1894 2351 1996 2408 bus
2028 2350 2182 2404 bouae
2211 2347 2523 2404 voluntatis.
2554 2344 2774 2403 Osanna
2820 2345 2872 2399 in
2902 2343 3151 2400 excelsis.
3184 2342 3400 2398 Osanna
3429 2342 3481 2394 in

1894 2441 2395 2510 interpretationem
2422 2438 2616 2507 linguae
2639 2436 2862 2492 alterius
2891 2435 2944 2489 in
2976 2443 3089 2489 toto
3120 2433 3354 2489 transire
3375 2447 3481 2487 non

1891 2543 2094 2606 potest,
2131 2533 2259 2604 quia
2306 2531 2399 2587 Osi
2439 2529 2677 2586 salvilica
2722 2529 3136 2599 interpretatur.
3170 2526 3326 2579 Anna
3354 2539 3483 2579 vero

1892 2626 2198 2696 interiectio
2219 2634 2324 2691 est,
2355 2623 2670 2694 signiﬁcans
2706 2630 2912 2676 motum
2959 2618 3127 2673 animi
3169 2618 3271 2672 sub
3296 2625 3513 2688 postu-‘

1891 2719 2055 2775 lautis
2084 2717 2301 2773 all'eetu.
2347 2714 2585 2771 Osianna
2632 2723 2812 2769 autem
2847 2713 3055 2791 integre
3089 2709 3311 2774 dicitur,
3337 2708 3480 2778 quod

1890 2825 1991 2865 nos
2018 2808 2191 2864 vocali
2221 2808 2395 2863 media
2424 2807 2602 2871 litera,
2635 2815 2692 2862 et
2719 2814 2996 2874 corrupta.
3026 2811 3081 2859 et
3103 2801 3234 2857 elisa
3260 2798 3478 2856 Osanna

1889 2903 2141 2968 dicimus,
2169 2903 2310 2958 sicut
2337 2900 2398 2956 lit
2426 2902 2479 2955 in
2505 2899 2752 2955 versibus
2783 2914 2911 2975 cum
2930 2896 3245 2954 seandimus
3296 2895 3480 2950 Litera

1888 2993 2033 3049 enim
2065 2994 2242 3063 prima
2267 2991 2419 3048 verbi
2461 2990 2735 3063 sequentis
2770 2999 3067 3044 extremam
3099 2987 3299 3056 prioris
3327 2984 3479 3039 verbi

1888 3085 2111 3139 veniens
2158 3084 2428 3149 excludit;
2474 3092 2528 3137 et
2564 3081 2763 3137 dicitur
2790 3080 3042 3135 hebraice
3067 3077 3305 3142 Osanna,
3336 3077 3479 3147 quod

1813 3142 1858 3204 C
1892 3178 2279 3245 interpretatur
2334 3142 2579 3228 sal'villca
2643 3169 3020 3227 subaudiendo
3052 3185 3066 3222 :
3099 3176 3160 3223 ut
3220 3142 3476 3238 populum

1892 3276 2066 3330 tumn,
2114 3274 2175 3319 ut
2232 3272 2402 3319 totum
2449 3263 2731 3317 mundum.
2766 3260 3106 3325 Benedictus,
3135 3259 3226 3330 qui
3254 3244 3389 3312 ven'it
3421 3258 3479 3311 in

1889 3359 2098 3413 nomine
2125 3357 2360 3411 Domini.
2392 3355 2875 3427 Adpmpinquante
2914 3351 3042 3409 Jesu
3089 3349 3478 3421 Hierosolymis

1888 3448 2039 3519 pueri
2071 3448 2405 3503 Hebreorum
2450 3455 2730 3502 sumentes
2769 3459 2950 3500 ramos
2987 3445 3255 3499 olivarum
3285 3441 3474 3496 obvia-

1886 3549 2082 3593 verunt
2108 3537 2157 3593 ei
2189 3538 2469 3593 dicentes:
2494 3535 2834 3600 Benedictus,
2875 3533 2966 3606 qui
3014 3535 3149 3589 venit
3187 3536 3242 3587 in
3268 3532 3477 3586 nomine

1885 3628 2122 3693 Domini,
2156 3628 2373 3683 Osanna
2402 3629 2457 3682 in
2488 3626 2729 3682 excelsis.
2756 3626 2888 3681 Sine
2941 3623 3345 3680 intermissione
3387 3631 3473 3676 et-

1884 3722 2030 3777 enim
2060 3728 2114 3776 et
2142 3737 2284 3776 nunc
2309 3736 2338 3775 a
2373 3719 2621 3777 fidelibus
2651 3732 2848 3774 nomen
2885 3717 3004 3788 ejus
3026 3717 3080 3773 in
3107 3727 3298 3771 sancta
3327 3714 3473 3769 illius

1882 3813 2113 3869 ecclesia
2154 3812 2505 3883 pronunciari
2548 3811 2734 3877 debet,
2781 3811 2908 3882 quia
2956 3810 3026 3865 ab
3074 3811 3191 3882 ipso
3236 3808 3471 3880 spiritali

1881 3904 2277 3970 benedictione,
2306 3903 2580 3974 spiritales
2610 3903 2910 3974 replentur,
2942 3903 3010 3957 de
3033 3918 3141 3974 qua
3179 3900 3473 3972 Apostolus

1883 4004 2112 4053 testatur
2137 4013 2154 4050 :
2182 3995 2498 4050 Benedictus
2543 3995 2707 4060 Deus,
2757 4004 2807 4049 et
2857 3991 3023 4047 Pater
3064 3992 3272 4047 Domini
3307 3992 3473 4046 nostri

1878 4084 2006 4140 Iesu
2038 4083 2255 4152 Christi,
2287 4085 2376 4156 qui
2404 4084 2664 4139 benedixit
2708 4102 2802 4139 nos
2849 4086 2906 4138 in
2944 4084 3086 4139 omni
3116 4082 3471 4137 benedictione

1877 4174 2106 4246 spiritali
2166 4176 2223 4230 in
2293 4173 2579 4229 ctelestibus
2646 4176 2703 4229 in
2765 4174 2974 4229 Christo
3031 4171 3159 4227 Iesu
3242 4170 3466 4225 Domino

1879 4276 2079 4322 nostra.
2252 4264 2257 4269 ’

1953 4356 2023 4411 Te
2046 4359 2210 4428 igitur
2238 4357 2639 4412 clementissime
2672 4355 2836 4411 Pater
2861 4374 2955 4427 per
2980 4356 3165 4413 Iesum
3200 4353 3468 4411 Christum

1878 4446 2079 4503 Filium
2123 4459 2270 4504 tuum
2319 4449 2603 4505 Dominum
2649 4459 2907 4504 nostrum.
2956 4450 3125 4505 Recte
3154 4464 3250 4519 per
3278 4447 3465 4504 Jesnm

1878 4540 2152 4596 Christum
2183 4541 2344 4606 Deus,
2375 4550 2430 4596 et
2470 4540 2584 4609 jam
2613 4541 2774 4595 Pater
2814 4540 3172 4609 supplicatur,
3213 4537 3339 4606 quia
3371 4550 3468 4607 per

1879 4633 2054 4704 ipsum
2083 4633 2264 4687 omnia
2316 4632 2459 4687 facta
2492 4640 2636 4696 sunt,
2680 4638 2734 4685 et
2779 4632 2897 4685 sine
2943 4631 3060 4701 ipso
3091 4627 3223 4683 nihil
3261 4626 3466 4683 factum

1877 4731 1982 4777 est.
2028 4722 2095 4776 Et
2139 4722 2264 4791 quia
2298 4736 2395 4792 per
2440 4722 2612 4789 ipsum
2661 4719 2852 4774 salvati
2896 4733 3104 4782 sumus,
3132 4717 3351 4789 dignum
3383 4725 3466 4772 est

1877 4814 2065 4879 etiam,
2094 4822 2149 4866 ut
2178 4829 2275 4883 per
2306 4813 2479 4882 ipsum
2516 4811 2757 4876 Patrem,
2790 4824 2819 4863 a
2844 4824 2953 4881 quo
2979 4810 3196 4881 genitus
3221 4817 3327 4873 est,
3361 4808 3464 4861 im-

1878 4903 2172 4974 ploremus.
2201 4903 2496 4974 Supplices,
2523 4901 2577 4956 id
2600 4908 2682 4954 Cal
2705 4899 2957 4966 humiles,
2996 4915 3240 4972 rogamus
3268 4907 3315 4951 et
3334 4897 3465 4967 peti-

1874 5013 2011 5060 mus,
2039 4998 2115 5050 uti
2146 5004 2358 5065 accepta
2386 4992 2614 5058 habeas;
2660 4992 2737 5046 uti
2787 5001 2947 5062 prout
2983 4998 3206 5060 accepta
3237 4988 3461 5052 habeas,

1873 5086 1924 5142 id
1954 5096 2038 5142 est
2066 5086 2401 5157 placabiliter
2440 5085 2697 5155 accipias,
2733 5094 2779 5139 et
2821 5083 3093 5138 benedicas
3139 5080 3251 5134 haec
3298 5078 3459 5141 dona,

1871 5178 1982 5232 lure
2021 5195 2262 5244 munera,
2299 5179 2411 5232 lucc
2440 5187 2626 5231 sancta
2673 5174 2938 5243 sacriﬁcia
2978 5172 3221 5226 inlibata.
3249 5168 3461 5222 Donum

1871 5268 2047 5325 dantis
2068 5278 2154 5323 est
2177 5284 2370 5325 munus
2400 5268 2739 5337 accipientis,
2763 5266 2888 5336 quia
2921 5261 3050 5318 illud
3076 5279 3105 5316 a
3129 5258 3330 5325 dando,
3356 5259 3460 5314 hoc

1873 5375 1903 5414 a
1933 5359 2228 5415 muniendo
2266 5359 2484 5415 dicitur.
2531 5358 2734 5414 Tamen
2766 5355 2983 5427 proprie
3011 5355 3149 5409 dona
3178 5351 3456 5415 dicuntur,

1871 5464 1991 5519 quae
2024 5449 2132 5503 Deo
2161 5449 2375 5504 dantur.
2402 5447 2623 5503 Munera
2646 5457 2827 5502 autem
2853 5445 3129 5499 hominum
3153 5449 3300 5504 sunt,
3330 5440 3458 5508 quia

1872 5539 2121 5596 manibus
2148 5539 2367 5605 dantur,
2407 5548 2463 5595 et
2505 5539 2862 5605 accipiuntur.
2894 5536 2951 5591 ln
2997 5536 3100 5591 hoc
3130 5545 3309 5588 tamen
3340 5530 3458 5586 loco

1872 5636 1925 5685 et
1957 5630 2118 5696 dona,
2167 5640 2221 5685 et
2256 5645 2477 5685 munera
2521 5630 2632 5683 Deo
2679 5627 2999 5683 oﬂ'ernntur.
3049 5624 3344 5687 Sacrificia,
3400 5620 3456 5676 id

1872 5730 1978 5790 est,
2003 5737 2158 5779 sacra
2187 5721 2354 5789 facta,
2379 5721 2502 5792 quia
2531 5734 2690 5791 prece
2724 5719 2950 5791 mystica
2980 5723 3366 5776 consecrantur
3398 5711 3450 5767 in
