3962 5386
564 280 704 338 H79

1382 276 1665 333 APPEND.
1706 277 1796 332 AD
1834 276 2008 334 SEC.
2050 275 2119 330 Χ.
2157 304 2221 315 --
2265 274 2699 333 MONUMENTA
2752 278 3025 335 LITURG.

3700 282 3826 338 “80

556 392 875 451 memoriam
908 408 1008 465 pro
1037 393 1193 448 nobis
1240 391 1531 467 dominicae
1562 393 1859 448 Passionis.
1890 391 2046 449 Unde
2073 391 2142 446 ab
2168 390 2221 452 Α
2246 391 2394 447 mino
2415 392 2523 450 Deo
2550 402 2734 450 vestro
2761 408 2967 459 omnes,
2993 393 3087 467 qtti
3114 394 3165 449 in
3189 393 3423 450 circuitu
3448 392 3571 463 ejus
3598 392 3826 455 ederetis

557 484 679 545 hoc.
707 499 772 539 eo
791 484 1034 552 iubente,
1059 497 1254 552 corpus
1280 490 1334 537 et
1360 484 1675 554 sanguinem
1714 468 1964 538 dicimus.
1989 472 2157 549 Quod

558 578 685 632 dum
715 577 774 630 lit
799 590 865 630 ex
895 574 1161 629 fructibus
1185 583 1343 630 terra:
1365 573 1756 639 sanetillcatur,
1784 581 1840 629 et
1868 573 1929 628 fit
1949 573 2146 629 Sacra-

558 673 798 719 mentum
847 656 1109 733 operante
1157 662 1503 718 invisibiliter
1552 661 1759 734 Spiritu
1812 663 1945 728 Dei,
1991 662 2145 735 cujus

557 753 713 823 panis
743 762 798 808 et
846 751 1031 808 calicis
1086 752 1500 808 Sacramentnm
1549 753 1707 809 Greci
1756 752 2141 810 eucharistiam

555 845 760 908 dicunt,
814 845 956 915 quod
998 844 1165 901 latine
1207 847 1348 900 bona
1393 845 1565 913 gratia
1616 846 2024 915 interpretatur.
2078 846 2145 902 Et

554 932 682 1003 quid
712 933 905 989 melius
927 933 1166 1003 Corpore
1211 943 1265 989 et
1313 933 1587 1006 Sanguine
1612 934 1854 990 Christi?
1889 934 2139 1001 lnlibata,

553 1026 658 1081 hoc
686 1036 766 1082 est
800 1026 1250 1091 incontaminata,
1298 1035 1353 1081 et
1395 1028 1542 1082 otnni
1581 1028 1921 1084 immunditia
1953 1043 2141 1084 caren-

556 1118 659 1181 tia;
694 1118 917 1173 inlibata
957 1118 1156 1173 etenim
1205 1127 1331 1174 tunc
1359 1129 1480 1173 sunt
1513 1119 1803 1186 sacriﬁcia,
1850 1121 1895 1174 si
1925 1121 1991 1175 de
2017 1135 2140 1189 pro-

550 1211 684 1281 priis
709 1227 844 1283 puro
866 1211 1029 1267 corde
1055 1211 1274 1277 dantur,
1298 1220 1352 1266 et
1378 1208 1523 1280 justo
1548 1211 1731 1267 labore
1758 1212 2138 1283 adquiruntur.

551 1305 830 1376 Inprimis,
859 1322 975 1376 qua:
1000 1305 1093 1359 tibi
1124 1305 1392 1373 offerimus
1427 1322 1521 1373 pro
1567 1305 1784 1359 ecclesia
1837 1316 1928 1359 tua
1957 1315 2141 1360 sancta

527 1396 833 1451 catholica.
884 1394 1068 1451 Primo
1111 1396 1254 1451 enim
1299 1397 1540 1451 omnium
1575 1411 1670 1466 pro
1697 1395 1922 1451 ecclesia
1953 1405 2139 1451 sancta

551 1486 751 1542 oll‘erre
776 1487 1032 1542 debemus
1059 1495 1241 1541 mente
1268 1502 1399 1557 pura
1428 1501 1491 1540 ac
1520 1494 1633 1541 toto
1658 1486 1817 1557 digne
1838 1486 2142 1543 devotionis

550 1574 768 1643 atl'cctu,
814 1584 873 1630 nt
920 1591 1138 1646 semper
1172 1575 1448 1641 dilatetur,
1499 1584 1556 1631 ct
1596 1577 1898 1631 munitione
1936 1577 2140 1632 Christi

552 1667 764 1722 firmata
795 1666 1005 1724 stabilis
1038 1667 1092 1721 in
1130 1680 1264 1738 pace
1290 1675 1623 1736 perseveret.
1649 1666 1930 1722 Catholica
1957 1675 2137 1721 autem

2247 498 2496 540 munera.
2523 482 2748 539 IEterno
2769 483 2878 540 Deo
2919 487 3028 541 uiro
3056 496 3106 540 et
3129 502 3266 541 vero.
3294 485 3553 552 Eterno,
3576 480 3705 556 quia
3734 502 3823 546 nec

2247 575 2462 632 initium
2491 576 2700 642 habuit,
2732 592 2832 633 nec
2859 576 2963 632 line
2986 576 3289 633 claudetur.
3317 578 3433 633 Deo
3462 578 3630 633 vivo:
3655 578 3825 634 vivum

2245 680 2367 722 eum
2397 667 2550 734 dicit,
2579 667 2707 737 quia
2737 668 2852 740 ipse
2876 677 2960 725 est
2983 669 3119 735 vita,
3148 677 3206 725 et
3244 668 3315 724 ab
3337 683 3406 724 eo
3434 667 3626 723 omnia
3662 669 3824 725 viviﬁ-

2245 757 2532 812 cabuntur.
2562 755 2701 813 Vero
2734 775 2746 811 :
2772 758 2899 829 quia
2928 773 3093 814 verax
3121 767 3228 824 est,
3252 767 3310 813 et
3337 773 3446 812 non
3486 755 3654 810 fallit.
3682 754 3828 809 ϐοαο

2242 847 2592 913 municantes,
2640 846 2695 901 id
2736 855 2843 913 est,
2889 848 3250 903 communiter
3298 846 3715 917 participantes.
3764 842 3827 898 Et

2244 939 2549 993 memoriam
2579 948 2904 1002 venerantes:
2945 938 3334 994 venerabiliter
3374 936 3708 992 memoriam
3739 934 3827 989 Ita-

2244 1030 2452 1085 bentes.
2503 1029 2757 1101 Inprimis
2808 1029 3050 1101 gloriosa:
3090 1046 3291 1099 semper
3337 1028 3567 1098 virginis
3622 1024 3821 1081 Neria.

2245 1122 2373 1193 Ejus
2411 1123 2728 1177 memoriam
2772 1122 3006 1191 primum
3047 1121 3314 1178 Sacerdos
3362 1118 3519 1182 facit.
3575 1119 3705 1187 quia
3736 1131 3825 1186 per

2244 1226 2363 1267 eam
2400 1211 2544 1266 salus
2568 1211 2821 1266 omnibus
2867 1211 3023 1266 nobis
3065 1209 3303 1265 advenit.
3336 1208 3577 1278 Semper
3599 1205 3823 1275 Virgim's

2243 1303 2397 1367 dicit,
2426 1304 2551 1374 quia
2584 1304 2741 1359 boata
2771 1302 2936 1374 Virgo
2969 1301 3135 1356 Maria
3170 1310 3297 1355 ante
3327 1309 3571 1371 partum,
3602 1308 3661 1352 et
3686 1298 3824 1368 virgo

2243 1396 2297 1449 in
2330 1403 2508 1463 partu,
2539 1403 2594 1449 et
2621 1402 2742 1463 post
2765 1394 3143 1464 partumvirgo
3163 1392 3478 1460 incorrupta
3507 1389 3821 1459 permansit.

2243 1484 2522 1541 chitricis
2555 1484 2673 1548 Dei,
2699 1494 2748 1538 et
2779 1482 2880 1537 Dni
2922 1485 3087 1537 nostri
3113 1480 3245 1535 Iesu
3277 1480 3499 1535 Christi.
3551 1478 3613 1533 lu
3640 1479 3821 1534 horum

2242 1577 2470 1631 duorum
2495 1575 2754 1632 vocabulo
2777 1575 3056 1632 nominum
3084 1575 3138 1629 in
3165 1573 3280 1638 Dei,
3313 1581 3368 1629 et
3398 1572 3627 1627 Domini
3654 1580 3826 1627 osten-

2242 1666 2320 1722 dit
2348 1667 2564 1722 beatam
2620 1665 2844 1721 Mariam
2894 1666 3060 1721 Deum
3106 1665 3377 1736 genuisse,
3423 1673 3483 1719 et
3531 1664 3823 1718 hominem.

548 1758 748 1814 dicitur
768 1759 1110 1825 universalis,
1136 1759 1262 1829 quia
1289 1774 1448 1830 grcce
1470 1757 1800 1823 catholicon,
1828 1758 1993 1813 latine
2021 1759 2142 1813 uni-
2172 1738 2224 1797 Β
2242 1755 2346 1813 Sed
2380 1768 2428 1813 et
2464 1758 2732 1811 beatorum
2758 1757 3149 1828 Apostolorum,
3175 1774 3237 1810 ac
3261 1755 3569 1827 Martyrum
3600 1765 3823 1809 tuorum.

548 1849 1070 1913 versalitasdicitnr,
1089 1868 1244 1922 quam
1266 1851 1570 1922 paciﬁcare.
1590 1852 1642 1908 id
1665 1852 1819 1907 estin
1846 1853 2136 1909 concordia

549 1953 793 2004 manere,
817 1939 959 1994 sicut
979 1939 1177 1994 dicitur
1197 1954 1210 1992 :
1232 1937 1370 2006 Quia
1393 1940 1527 1996 duos
1547 1940 1786 1997 condidit
1808 1942 1862 1996 in
1886 1957 1944 1998 se
1970 1959 2135 1998 unum

548 2045 746 2084 navum
798 2031 1070 2087 hominem
1125 2030 1332 2087 faciens
1386 2046 1597 2103 pacem.
1650 2031 1844 2089 Pacem
1891 2035 1995 2101 his,
2043 2036 2135 2106 qni

547 2121 728 2195 longe,
758 2131 815 2179 et
839 2139 1025 2195 pacem
1058 2125 1163 2191 his,
1206 2125 1297 2195 qui
1329 2141 1515 2197 prope.
1558 2124 1865 2193 Custodire,
1897 2127 2023 2197 quia
2050 2136 2137 2182 est

552 2221 757 2280 custos,
783 2214 927 2271 sicut
951 2224 1036 2272 est
1063 2224 1268 2283 custos,
1301 2217 1391 2289 qui
1432 2218 1498 2274 de
1528 2228 1712 2286 nocte;
1742 2226 1795 2273 et
1821 2219 1925 2275 nisi
1956 2219 2137 2274 Domi-

550 2320 653 2359 nus
680 2304 1002 2361 custodierit
1032 2307 1330 2373 civitatem,
1379 2306 1432 2361 in
1463 2321 1657 2362 vanum
1689 2308 1894 2379 vigilat,
1925 2304 2015 2380 qui
2044 2324 2137 2365 cu-

546 2392 709 2449 stodit
729 2408 871 2454 eam.
898 2396 1173 2462 Adunare,
1212 2397 1264 2453 id
1288 2407 1394 2463 est,
1425 2412 1586 2452 unam
1615 2413 1712 2470 per
1734 2399 1894 2455 fidem
1933 2398 2134 2465 facere,

547 2484 670 2555 quia
701 2502 807 2542 una
835 2496 916 2543 est
942 2487 1216 2555 columba,
1265 2488 1318 2544 id
1341 2497 1448 2556 est,
1494 2505 1599 2546 una
1636 2490 1889 2546 ecclesia.
1918 2491 1981 2546 Et
2014 2491 2138 2548 licet

547 2586 754 2648 sr-ptcm
781 2578 835 2633 in
861 2580 1167 2651 Apocalipsi
1197 2580 1525 2646 scribantur,
1558 2597 1663 2637 una
1698 2591 1877 2637 tamen
1901 2595 1983 2639 est
2012 2599 2134 2654 sep-

549 2669 747 2724 til‘ormi
771 2667 975 2740 Spiritu
1003 2671 1176 2741 plena.
1200 2670 1455 2727 Salomon
1482 2672 1625 2728 enim
1654 2672 1788 2728 dicit
1818 2689 1832 2727 :
1863 2671 2135 2744 Sapientia

547 2759 829 2828 a'tli/icacit
869 2760 969 2814 sibi
1018 2762 1256 2827 dontitm,
1303 2761 1492 2816 excidit
1523 2760 1797 2817 columnas
1834 2760 1966 2816 VII.
1999 2777 2134 2833 quas

548 2857 750 2914 septem
778 2850 1063 2920 Apostolus
1088 2866 1252 2907 unam
1277 2851 1406 2907 dicit
1432 2851 1716 2907 ecclesiam
1744 2850 1841 2907 Dei
1864 2852 1991 2920 vivi,
2015 2868 2165 2924 quae,

547 2951 632 2992 εει
660 2937 910 2993 columna
949 2949 1002 2995 et
1036 2938 1436 2995 firmamentum
1466 2941 1733 2997 veritatis.
1767 2942 1831 2996 Et
1854 2959 2028 3014 regere
2053 2944 2137 2999 di-

546 3035 743 3103 gneris,
785 3034 838 3090 id
878 3045 980 3102 est,
1017 3046 1108 3093 tuo
1154 3037 1473 3105 munimine,
1512 3055 1576 3095 ac
1615 3040 2007 3110 gubernatione
2037 3042 2134 3098 lir-

2241 1848 2370 1906 Post
2418 1849 2731 1906 memoriam
2786 1849 2881 1905 Dei
2926 1850 3226 1920 genitricis,
3259 1848 3457 1903 horum
3511 1847 3825 1902 memoriam

2240 1943 2369 1999 facit
2400 1943 2746 2008 Sanctorum,
2793 1944 2884 2014 qui
2912 1942 3156 1998 ecclesiae
3196 1942 3360 1997 Petro
3384 1941 3702 1996 commissa:
3724 1942 3825 2009 pri-

2240 2048 2385 2087 mum
2407 2032 2661 2104 prresules
2682 2033 3027 2098 exstiterunt,
3050 2043 3171 2102 post
3193 2032 3311 2087 illos
3339 2032 3590 2100 reliquos
3619 2045 3825 2090 omnes.

2239 2124 2536 2180 dicens:et
2577 2125 2811 2179 omnium
2861 2123 3175 2179 Sanctorum
3228 2131 3461 2187 tuorum,
3509 2129 3569 2176 et
3608 2122 3821 2191 reliqua.

2239 2215 2358 2272 Non
2385 2217 2528 2271 enim
2558 2216 2761 2271 nostris
2789 2215 3040 2286 precibus
3065 2222 3122 2268 et
3149 2212 3381 2277 meritis,
3426 2210 3525 2266 Dei
3557 2226 3827 2266 meremur

2239 2308 2520 2372 auxilium,
2538 2307 2630 2363 sed
2651 2318 2962 2363 sanctorum
2986 2303 3492 2366 intercessionibus,
3516 2303 3564 2357 si
3584 2311 3822 2356 nostrum

2239 2400 2399 2471 digne
2444 2400 2686 2455 oblatum
2735 2398 2895 2453 fuerit
2935 2396 3286 2451 sacrificium.
3337 2393 3405 2447 Et
3451 2394 3559 2448 hoc
3590 2407 3700 2446 non
3730 2391 3823 2444 nisi

2238 2509 2335 2565 per
2363 2494 2640 2549 Christum
2684 2493 2969 2548 Dominum
2991 2501 3240 2546 nostrum
3266 2506 3294 2543 a
3327 2504 3443 2561 quo
3466 2489 3654 2544 omnia
3679 2488 3822 2551 ﬁunt,

2240 2590 2295 2636 et
2324 2596 2422 2651 per
2448 2596 2608 2651 quem
2636 2581 2817 2636 omnia
2850 2581 2993 2635 facta
3020 2587 3167 2634 sunt.
3223 2577 3375 2632 Hanc
3409 2579 3579 2648 igitur
3605 2577 3823 2630 oblatio-

2239 2688 2355 2727 nem
2398 2672 2657 2727 servitutis
2701 2681 2915 2738 nostrae,
2955 2670 3047 2725 sed
3089 2680 3137 2725 et
3182 2679 3382 2725 cuncta:
3430 2668 3661 2738 familia
3702 2678 3817 2721 tua».

2238 2762 2399 2819 Istam
2431 2764 2759 2821 oblationem
2810 2760 3134 2816 Sacerdotes
3167 2775 3278 2815 suae
3305 2758 3595 2814 servitutis
3621 2759 3819 2819 dicunt,

2239 2854 2364 2926 quia
2394 2853 2655 2925 quicquid
2685 2851 2751 2906 ad
2779 2850 2937 2919 hujus
2961 2850 3194 2920 pertinet
3230 2848 3471 2920 mysterii
3502 2847 3824 2903 celebratio-

2238 2962 2381 3011 nem,
2413 2961 2509 3016 per
2531 2959 2718 2999 eorum
2747 2944 3091 3014 d'spcnsatur
3115 2942 3594 2997 ministrationem.
3632 2941 3699 2996 Et
3723 2957 3825 2997 non

2238 3037 2411 3094 solum
2445 3037 2576 3091 dicit
2596 3037 2876 3091 servitutis
2902 3044 3119 3099 nostra),
3147 3049 3333 3089 verum
3364 3044 3578 3089 cuncta
3611 3033 3825 3089 familia

550 3140 713 3181 mare.
738 3124 866 3181 Toto
896 3127 1021 3182 orbe
1047 3139 1333 3195 terrarum,
1364 3146 1469 3184 una
1492 3148 1608 3185 cum
1640 3130 1840 3200 [antulo
1868 3143 1957 3187 tuo
1985 3133 2132 3205 Papa
2157 3112 2207 3175 (ἶ
2244 3140 2381 3197 tuae;
2411 3130 2536 3200 quia
2567 3129 2814 3199 quamvis
2845 3143 2943 3199 per
2967 3142 3155 3182 eorum
3184 3127 3552 3182 ministerium
3585 3125 3820 3181 celebre-

549 3224 724 3270 nostro
757 3215 826 3269 Ν.
854 3217 989 3285 Quia
1038 3219 1179 3273 enim
1218 3220 1331 3289 ipse
1379 3222 1493 3277 vice
1521 3223 1815 3292 apostolica
1866 3235 2027 3295 caput
2053 3236 2135 3281 est

549 3306 812 3371 ecclesiae,
830 3307 950 3363 ideo
971 3309 1178 3378 primus
1200 3311 1510 3365 nominatur
1534 3312 1586 3366 in
1615 3313 1716 3369 hac
1746 3329 1925 3383 prece.
1956 3315 2022 3370 Et
2047 3333 2137 3371 an-

549 3394 710 3449 tistite
761 3407 957 3451 nostra.
999 3399 1241 3455 Antistes
1289 3401 1509 3469 dicitur,
1540 3405 1682 3474 quod
1734 3415 1860 3461 ante
1904 3414 2033 3473 stat,
2072 3422 2138 3464 eo

550 3486 692 3555 quod
743 3489 925 3556 praesit
976 3490 1189 3547 cmteris
1235 3493 1533 3548 ordinibus.
1592 3495 1658 3550 Et
1693 3496 1915 3564 dignum
1946 3508 2047 3566 est,
2078 3509 2139 3555 ut

522 3657 525 3660 ν
549 3574 738 3646 ριόὀυ
764 3575 1088 3635 Sacerdotes
1133 3582 1449 3638 nominatim
1478 3596 1726 3651 exorent,
1757 3587 1809 3641 in
1853 3589 2008 3661 cujus
2036 3606 2136 3661 pa-

549 3667 756 3733 roeliia,
777 3678 833 3723 et
861 3669 958 3725 sub
982 3669 1134 3740 cujus
1157 3674 1548 3744 gubernatione
1576 3686 1853 3747 reguntur.

619 3755 879 3812 Memento
913 3758 1132 3816 Domine
1176 3763 1497 3833 famulorum
1548 3765 1978 3841 famularumque
2017 3781 2139 3827 tua-

548 3864 685 3903 rum.
709 3847 918 3905 Faninli
954 3867 983 3907 a
1012 3850 1319 3910 fanmlando
1349 3856 1500 3923 dicti,
1545 3859 1707 3915 idest
1751 3878 1780 3915 a
1825 3863 2132 3930 serviendo,

547 3961 613 4002 eo
675 3948 818 4016 quod
885 3948 1203 4004 famulatum
1268 3953 1572 4023 cuicunque
1652 3955 1990 4028 impendunt.
2068 3958 2135 4013 Ιιί

548 4038 780 4092 omnium
808 4040 1004 4093 circum
1048 4039 1393 4097 adstantium.
1434 4042 1573 4100 Sunt
1613 4049 1877 4112 nonnulli,
1914 4051 2005 4119 qui
2040 4068 2137 4121 pu-

553 4137 688 4193 tant,
733 4144 837 4183 non
868 4144 966 4200 pro
1010 4129 1095 4185 liis
1125 4139 1253 4186 tunc
1282 4133 1451 4199 orari,
1487 4135 1578 4205 qui
1623 4135 1758 4192 l‘orte
1788 4149 1881 4192 aut
1911 4139 2135 4196 inﬁrmi-

551 4222 678 4276 tatis
730 4237 932 4291 causa,
989 4235 1082 4278 aut
1131 4225 1309 4295 aliqua
1365 4226 1762 4286 interveniente
1815 4243 2136 4290 necessntate

548 4311 763 4373 sedent,
793 4310 885 4365 sed
916 4314 1240 4389 adstantium
1288 4315 1421 4370 dicit
1459 4318 1525 4372 ad
1557 4335 1795 4389 pta-sons
1836 4323 2135 4381 consisten-

552 4401 705 4461 tium,
737 4411 791 4454 et
820 4401 871 4455 in
906 4400 1008 4457 lidc
1037 4419 1100 4459 ac
1130 4420 1223 4475 spe
1246 4411 1699 4478 permanentium,
1736 4414 1878 4469 sicut
1904 4415 2134 4487 Aposto-

552 4488 635 4543 lus
659 4488 824 4546 dicit:
864 4492 1107 4564 Vigilate,
1134 4505 1187 4551 et
1219 4506 1355 4553 state
1383 4498 1436 4554 in
1467 4499 1588 4565 tidc,
1615 4511 1669 4559 et
1690 4505 1910 4561 stabiles
1938 4517 2130 4576 estote,

552 4590 715 4649 atque
758 4582 1078 4640 immobiles.
1128 4585 1363 4653 Quorum
1409 4593 1503 4645 tibi
1538 4593 1670 4663 [idea
1710 4597 1917 4667 cognita
1960 4609 2056 4664 est,
2086 4610 2134 4656 et

553 4682 676 4725 nota
714 4674 936 4729 devotio.
989 4677 1098 4731 Deo
1140 4678 1282 4733 enim
1326 4681 1457 4735 nihil
1495 4690 1579 4738 est
1624 4683 1978 4756 incognitum,
2006 4689 2134 4759 quia

553 4771 826 4821 scrutator
859 4776 943 4822 est
968 4770 1209 4825 cordinm
1238 4791 1250 4824 :
1277 4773 1539 4828 Dominus
1568 4776 1713 4831 enim
1759 4779 1910 4834 novit
1934 4781 2137 4852 cogita-

555 4855 731 4909 tiones
761 4856 1058 4923 hominum.
1104 4861 1208 4928 Qui
1251 4866 1343 4919 tibi
1394 4867 1621 4937 o/l'eruut
1672 4870 1768 4925 hoc
1813 4874 2134 4942 sacr'ﬁcium

556 4946 729 5000 laniis
772 4946 925 5017 juxta
979 4950 1291 5021 Apostolum
1327 4974 1341 5009 :
1376 4959 1628 5027 quicquid
1684 4977 1845 5031 agere
1903 4964 2133 5029 debetis,

556 5037 739 5092 omnia
783 5038 837 5092 in
882 5040 1090 5097 laudem
1124 5045 1217 5101 Dei
1259 5045 1440 5114 facile,
1470 5059 1611 5104 utet
1643 5050 1784 5106 Deus
1810 5051 2056 5107 laudetur
2084 5055 2135 5109 in

558 5128 729 5184 vobis.
764 5126 871 5183 Pro
896 5150 952 5188 se
983 5135 1192 5207 suisque
1218 5141 1478 5205 omnibus,
1508 5140 1559 5194 id
1579 5151 1679 5205 est,
1703 5150 1757 5195 et
1775 5158 1871 5212 pro
1896 5158 1955 5197 se
1987 5144 2133 5214 ipsis,

557 5230 615 5274 et
641 5235 738 5289 pro
764 5224 1033 5291 omnibus,
1060 5229 1151 5297 qui
1173 5230 1240 5284 ad
1262 5246 1320 5286 se.
1342 5233 1629 5301 pertinent.
1658 5229 1765 5287 Pro
1789 5235 2138 5304 redemptione

559 5312 854 5350 ηκδηιησιιοηι
900 5334 1110 5350 οαιηοοιιιιι

1167 5339 1260 5350 ιιι-ιιι
1293 5339 1378 5350 ιιι-ο-
1407 5322 1591 5350 -ι-Ιηιὲ-
1664 5333 1705 5350 ιιι
1756 5322 2134 5358 ἔκρηιηκιὸοποέ.

2242 3230 2351 3286 tur,
2405 3238 2510 3278 non
2557 3221 2731 3277 solum
2773 3237 2873 3291 pro
2915 3236 2992 3284 se,
3027 3220 3121 3276 sed
3166 3228 3223 3275 et
3269 3227 3463 3274 cuncta
3496 3217 3592 3272 Dei
3628 3217 3821 3272 familia

2241 3318 2566 3373 immolatur.
2598 3318 2911 3383 Qumsumus
2936 3315 3174 3382 Domine,
3206 3316 3310 3370 hoc
3331 3322 3412 3369 est
3434 3328 3749 3385 precamur,
3767 3321 3820 3365 ut

2238 3408 2477 3479 placatus
2505 3407 2751 3478 accipias,
2785 3407 2837 3462 id
2871 3415 2955 3462 est
2991 3423 3096 3463 non
3150 3406 3324 3462 nostri
3363 3406 3617 3461 attendas
3644 3412 3821 3458 reatus

2239 3500 2448 3569 culpam
2492 3500 2586 3554 sed
2637 3508 2723 3552 tua
2772 3498 3122 3554 miseratione
3174 3497 3511 3568 placabiliter
3561 3496 3821 3552 concedas

2240 3589 2475 3643 veniam.
2527 3587 2747 3657 Diesque
2786 3600 2991 3643 nostros
3032 3590 3087 3642 in
3113 3600 3205 3642 tua
3242 3603 3371 3657 pace
3410 3587 3683 3657 disponas.
3715 3584 3819 3641 Hoc

2239 3679 2471 3748 primum
2518 3694 2623 3733 non
2654 3679 2955 3743 dicebatur,
3008 3679 3100 3733 sed
3142 3692 3171 3731 a
3226 3675 3492 3746 Gregorio
3531 3675 3680 3745 Papa
3709 3676 3817 3729 viro

2238 3770 2606 3825 eruditissimo
2628 3777 2811 3839 postea
2839 3769 3078 3824 additum
3109 3776 3214 3823 est.
3240 3767 3395 3835 Quod
3422 3781 3619 3822 omnes
3650 3768 3813 3821 iaces

2238 3869 2422 3934 santer
2452 3867 2635 3929 petere
2670 3858 2948 3923 debemus,
2979 3866 3039 3912 ut
3063 3857 3321 3928 quamdiu
3352 3856 3407 3910 in
3449 3856 3553 3910 hoc
3585 3856 3817 3925 peregri-

2239 3968 2433 4008 namur
2472 3951 2688 4015 seculo,
2718 3951 2833 4006 dies
2860 3949 3030 4005 nostri
3057 3949 3430 4020 gubernentur
3462 3960 3493 3999 a
3525 3946 3658 4000 Deo.
3687 3944 3816 4012 Quid

2239 4045 2384 4101 enim
2411 4052 2496 4099 est
2534 4041 2678 4097 aliud
2705 4040 2822 4096 dies
2852 4049 3067 4095 nostros
3095 4053 3221 4093 eum
3262 4037 3314 4091 in
3352 4051 3487 4105 pace
3513 4037 3814 4105 disponere.

2239 4136 2344 4192 nisi
2376 4135 2443 4191 ab
2476 4144 2679 4189 mterna
2709 4132 3052 4188 damnatione
3080 4145 3180 4185 nos
3206 4130 3440 4198 eripere,
3467 4128 3599 4183 etin
3627 4128 3818 4182 electo-

2240 4244 2358 4283 rum
2386 4241 2603 4281 suorutn
2632 4239 2729 4279 nos
2770 4222 3187 4294 congregatione
3233 4221 3469 4284 sociare,
3515 4228 3574 4273 et.
3606 4219 3709 4273 hoc
3733 4233 3818 4287 per

2240 4315 2388 4371 illum
2422 4330 2515 4386 per
2554 4324 2741 4385 quem,
2786 4323 2842 4367 et
2869 4328 2899 4366 a
2943 4304 3202 4382 quocum
3252 4309 3416 4364 Patre
3462 4309 3647 4363 omnia
3687 4307 3818 4362 facta

2240 4414 2384 4462 sunt.
2411 4404 2584 4471 Quam
2606 4403 2916 4458 oblationem
2940 4412 2996 4455 tu
3028 4400 3166 4455 Dens
3192 4401 3247 4453 in
3264 4398 3506 4453 omnibus
3526 4413 3818 4468 qumsuntus

2164 4475 2213 4535 ι)
2241 4496 2564 4552 benedictam
2595 4493 2972 4549 benedictione
3003 4489 3234 4562 Spiritali
3259 4487 3685 4553 confirmatam;
3718 4485 3817 4540 Ad-

2240 4590 2509 4659 scriptam,
2562 4601 2761 4642 mensa:
2810 4584 3016 4641 cmlcsti
3050 4584 3413 4650 adsignatam.
3465 4578 3687 4643 Ratun,
3733 4578 3820 4632 tibi

2240 4681 2473 4735 firmiter
2521 4677 2829 4733 solidatam.
2880 4673 3296 4737 Rationabilem,
3353 4672 3821 4740 acccptabilemqu

2239 4772 2411 4841 facere
2424 4770 2673 4841 digneris.
2690 4767 3029 4824 Rationabile
3053 4775 3158 4835 est,
3175 4781 3295 4820 cum
3321 4766 3748 4819 rationeactnm.
3765 4762 3823 4815 Et

2240 4863 2363 4919 inde
2379 4864 2425 4917 si
2438 4861 2833 4917 rationabiliter
2846 4874 2909 4914 ac
2922 4858 3078 4930 digne
3090 4857 3287 4911 oblatio
3300 4855 3560 4921 eﬂieitur,
3576 4864 3707 4909 tunc
3720 4853 3821 4907 Deo

2243 4946 2590 5026 acceptabilis
2620 4954 2867 5009 habetur.
2895 4951 2961 5006 Ut
2990 4951 3135 5006 nobis
3165 4947 3369 5018 Corpus
3396 4957 3447 5002 et
3469 4946 3707 5017 Sanguis
3733 4945 3819 5013 ﬁet

2242 5046 2566 5103 dilectissimi
2597 5043 2729 5099 Filii
2748 5046 2827 5099 tui
2840 5044 3053 5098 Domini
3074 5040 3238 5096 nostri
3258 5039 3385 5094 Jesu
3398 5036 3626 5101 Christi,
3656 5037 3816 5099 idest,

2243 5146 2301 5192 ut
2323 5135 2736 5197 noscfﬁciamur
2759 5146 2955 5204 corpus
2977 5132 3114 5203 ejus,
3145 5138 3201 5185 et
3237 5127 3395 5182 nobis
3430 5127 3696 5182 divinitus
3720 5137 3816 5180 tra-

2243 5230 2335 5285 dat
2370 5227 2425 5282 in
2463 5224 2767 5281 ministerio
2790 5224 2983 5281 divina:
3010 5221 3197 5294 gratiae
3220 5233 3441 5290 panem,
3474 5217 3569 5287 qui
3597 5218 3666 5272 de
3693 5216 3817 5273 caelo

2678 5317 2816 5350 οἴη-ιι
2858 5314 3051 5350 νὶαἰιιῖιί
3102 5327 3238 5350 nam:
3307 5318 3358 5350 nl
3408 5319 3539 5350 nntn
3590 5307 3818 5350 mﬁritnr

2246 5318 2519 5350 ᾹΛοΛΛηιιῖθ
2572 5325 2626 5350 II.
