3992 6304
202 321 340 380 1181

1328 264 1729 363 Lmirosmo
1767 304 1990 363 surae
2032 272 2307 363 tussim.

2490 276 2497 281 ·
2514 288 2935 350 rm
3310 295 3337 356 ⁵
3355 297 3453 357 ¹⁸²

197 434 357 507 panis
378 447 443 487 ex
464 429 648 486 multis
667 425 952 484 conﬁcitur
978 423 1180 496 granis,
1211 431 1262 477 et
1290 422 1471 476 vinum
1500 435 1565 474 ex
1596 419 1778 473 multis
1808 426 1849 482 Α
1883 436 2147 477 memores
2181 420 2326 476 illius
2366 435 2425 476 se
2469 433 2589 475 esse
2624 416 2969 490 proﬁtentur,
3003 420 3127 490 quia
3155 421 3285 492 ipsis
3319 421 3459 479 cele-

200 539 430 581 uvarum
485 520 717 576 racemis
747 518 1088 580 exprimitur,
1125 515 1203 569 sic
1253 522 1307 569 et
1350 512 1611 577 Ecclesia,
1662 526 1783 582 quae

202 623 291 671 est
322 616 531 683 Corpus
567 610 770 666 Christi
813 623 878 662 ex
909 606 1091 661 multis
1137 605 1396 677 gradibus
1427 615 1481 659 et
1510 603 1780 670 aetatibus,

203 713 259 760 et
285 702 551 773 personis,
582 708 637 754 et
677 696 876 767 linguis
914 704 1273 765 congregatur
1303 694 1357 748 in
1402 708 1561 747 unam
1600 691 1781 748 ﬁdem.

203 793 422 849 Eisdem
451 790 649 861 quippe
688 786 930 842 materiis
961 785 1219 839 Dominus
1261 800 1319 839 se
1345 784 1520 854 ipsum
1545 782 1785 837 ostendit

203 884 430 941 dicens:
478 880 591 949 Ego
644 894 761 934 sum
802 877 957 947 panis
1001 877 1173 930 vivus.
1223 874 1288 929 Et
1324 872 1499 930 infra:
1529 874 1640 945 Ego
1665 888 1783 928 sum

205 974 332 1028 vitis
361 986 508 1025 vera.
569 968 636 1024 Et
686 968 807 1022 ideo
850 967 904 1020 in
931 973 1145 1021 easdem
1199 965 1488 1025 materias,
1520 964 1663 1017 unde
1692 978 1788 1017 cor

205 1061 441 1117 hominis
474 1058 846 1123 conﬁrmatur,
876 1066 931 1112 et
962 1055 1263 1110 lictiticatur
1309 1054 1524 1109 dicente
1554 1052 1784 1106 Psalmi-

206 1161 293 1207 sta
328 1169 342 1204 :
383 1149 538 1220 panis
580 1163 676 1203 cor
706 1146 939 1201 hominis
966 1144 1273 1208 conﬁrmat,
1309 1152 1363 1198 et
1400 1144 1583 1197 viuum
1617 1142 1789 1197 lcetiﬁ-

207 1250 317 1297 cat.
346 1240 555 1310 Corpus
584 1255 739 1294 suum
771 1238 1031 1293 Dominus
1053 1236 1481 1307 trausﬁguravit,
1515 1245 1574 1290 ut
1594 1251 1785 1307 quam-

205 1329 300 1384 diu
333 1329 463 1385 illud
496 1328 959 1400 adsumpserimus
1004 1326 1132 1394 laeti,
1175 1335 1231 1381 et
1261 1325 1400 1381 ﬁrmi
1450 1340 1787 1390 maneamus,

206 1430 261 1478 et
292 1422 406 1493 ipse
448 1421 502 1476 in
554 1422 727 1488 nobis,
781 1422 896 1492 ipso
938 1420 1290 1490 promittente
1325 1438 1337 1473 :
1367 1420 1456 1488 qui
1504 1417 1791 1472 mandueat

208 1526 428 1569 carnem
476 1527 677 1576 meam,
713 1518 769 1566 et
830 1509 965 1565 bibit
1015 1509 1331 1580 sanguinem
1383 1523 1561 1563 meum
1603 1508 1655 1561 in
1706 1521 1791 1562 me

206 1610 415 1668 manet,
475 1610 530 1658 et
564 1616 661 1674 ego
691 1602 743 1655 in
792 1615 879 1655 eo.
928 1598 1320 1655 Dilectissimus
1363 1598 1533 1653 Filius
1569 1597 1788 1663 dicitur,

205 1695 355 1766 quia,
402 1694 650 1765 quamvis
683 1691 833 1746 multi
887 1700 1013 1747 sunt
1040 1690 1183 1754 Filii,
1227 1690 1401 1759 gratia
1451 1698 1651 1756 tamen,
1683 1705 1788 1743 non

1885 512 2059 566 bratio
2100 510 2350 568 sacriﬁcii
2400 509 2558 579 hujus
2602 513 2888 567 commissa
2919 522 3000 567 est
3027 513 3093 567 ad
3135 528 3461 569 consecrau-

1884 601 2031 656 dum.
2069 600 2270 657 Deinde
2293 600 2557 666 subditur,
2588 601 2679 656 sed
2706 610 2761 655 et
2790 601 2939 670 plebs
2977 611 3090 670 tua,
3119 612 3177 657 ut
3200 602 3462 674 intelliga-

1885 709 2004 748 mus
2039 710 2145 747 nou
2196 693 2369 748 solum
2418 691 2804 749 Sacerdotibus
2838 695 3059 765 dignum
3095 709 3216 749 esse
3260 710 3463 749 memo-

1885 783 2021 837 riam
2057 781 2256 838 Christi
2286 782 2558 848 venerari,
2586 782 2679 837 sed
2729 792 2783 837 et
2830 783 3157 853 generaliter
3182 784 3461 861 omnibus.

1887 875 2037 945 plebs
2087 874 2291 931 Christi
2338 874 2560 942 vocatis,
2616 876 2739 945 quia
2803 890 2902 946 pro
2953 876 3164 931 cunctis
3214 875 3465 929 Christus

1887 982 2132 1026 mortuus
2156 979 2259 1035 est,
2291 977 2347 1025 et
2368 969 2683 1035 resurrexit,
2710 978 2766 1023 et
2789 971 2855 1023 ad
2886 968 3052 1024 coelos
3072 968 3247 1023 victor
3271 981 3463 1023 ascen-

1888 1061 1985 1116 dit.
2022 1061 2135 1131 Ipsa
2158 1060 2359 1114 etenim
2398 1068 2585 1115 sancta
2620 1060 2838 1123 dicitur,
2869 1060 2991 1129 quia
3021 1073 3118 1130 per
3144 1058 3464 1130 mysterium
3492 1117 3507 1130 .

1888 1153 2026 1207 sacri
2049 1149 2390 1219 baptismatis
2416 1158 2499 1204 est
2541 1149 2739 1204 abluta.
2790 1149 2856 1203 Et
2899 1148 3044 1217 juste
3071 1146 3327 1216 adjicitur
3352 1156 3464 1209 tua.

1888 1244 2014 1314 quia
2044 1243 2165 1299 Filii
2217 1242 2298 1298 sui
2347 1242 2557 1296 Domini
2606 1242 2776 1297 nostri
2831 1239 2953 1296 .lcsu
3002 1238 3209 1296 Christi
3250 1237 3469 1310 proprio

1889 1352 2082 1393 cruore
2107 1346 2191 1391 est
2212 1336 2509 1405 redempta.
2544 1334 2673 1388 Tum
2713 1335 2874 1388 beata:
2919 1333 3201 1403 passionis,
3242 1349 3333 1386 nec
3362 1347 3468 1385 non

1889 1437 1936 1482 et
1982 1427 2047 1481 ab
2087 1425 2269 1497 inferis
2316 1424 2729 1489 resurrectionis,
2756 1424 2846 1478 sed
2867 1435 2914 1478 et
2952 1425 3005 1477 in
3045 1422 3197 1477 cazlos
3229 1422 3470 1492 gloriosa:

1890 1517 2227 1572 ascensionis.
2254 1515 2457 1570 Horum
2498 1530 2628 1585 ergo
2669 1515 2907 1570 omnium
2952 1529 3140 1570 sumus
3179 1527 3470 1579 memores,

1891 1608 2013 1679 quia
2040 1622 2136 1678 per
2162 1606 2277 1660 haec
2305 1620 2401 1661 nos
2430 1604 2697 1660 credimus
2728 1618 2847 1659 esse
2878 1605 3133 1659 salvatos.
3168 1603 3235 1658 Et
3271 1602 3471 1656 idcirco

1893 1699 2163 1769 offerimus
2204 1697 2477 1767 prtrclara:
2548 1696 2812 1765 majestati
2847 1704 2951 1749 tua:
3004 1697 3067 1749 de
3095 1696 3198 1748 tuis
3234 1692 3385 1746 donis
3410 1708 3472 1745 ac

205 1795 424 1841 natura.
454 1787 559 1841 lste
595 1785 742 1840 solus
770 1783 1092 1838 naturaliter
1123 1792 1207 1838 est
1239 1781 1409 1837 Filius
1454 1780 1616 1837 Patre
1647 1791 1785 1837 atte-
1821 1772 1862 1830 Β
1894 1788 2054 1851 datis,
2103 1786 2345 1840 Hostium
2391 1802 2600 1855 puram,
2659 1784 2899 1839 Hostiam
2941 1793 3197 1849 sanctum,
3232 1780 3473 1836 Hostiam

207 1886 409 1945 stante,
441 1878 531 1948 qui
565 1877 733 1933 dicit:
764 1876 863 1932 Hic
909 1884 993 1931 est
1019 1874 1188 1930 Filius
1242 1890 1395 1929 meus
1437 1874 1686 1938 dilectus,
1738 1874 1790 1929 in

206 1982 317 2038 quo
375 1967 507 2022 mihi
547 1965 684 2021 bene
729 1964 1052 2034 complacui.
1110 1964 1371 2020 Dominus
1429 1964 1607 2030 Deus,
1664 1964 1792 2034 quia

208 2055 359 2112 solus
385 2073 504 2112 cum
534 2056 717 2118 Patre,
744 2063 798 2110 et
825 2054 1029 2124 Spiritu
1058 2064 1245 2111 sancto
1274 2053 1603 2119 dominatur,
1635 2067 1689 2109 et
1714 2053 1794 2107 di-

206 2148 336 2202 vino
368 2146 515 2203 cultu
562 2146 778 2201 colitur.
811 2145 1027 2202 Christe
1053 2143 1206 2211 Jesu,
1262 2145 1376 2199 haec
1416 2145 1633 2200 nomina
1667 2153 1796 2201 sunt

208 2238 408 2294 divina:
460 2237 649 2310 gratia:
679 2253 817 2302 suae;
850 2254 1015 2292 unum
1076 2247 1255 2292 tamen
1304 2237 1586 2303 hebreum,
1626 2236 1679 2292 id
1714 2248 1796 2294 est

208 2329 391 2393 Jesus,
420 2329 563 2398 quod
613 2327 1006 2399 interpretatur
1047 2327 1317 2384 Salvator.
1352 2327 1507 2384 Unde
1557 2328 1793 2383 dicitur:

209 2418 432 2474 Salvum
473 2416 633 2472 faciet
672 2417 923 2488 populum
950 2432 1107 2472 suum
1138 2432 1168 2470 a
1198 2416 1434 2487 peccatis
1464 2430 1674 2470 eorum.
1703 2415 1798 2469 Al-

210 2518 389 2564 terum
436 2523 676 2580 grecum,
718 2508 771 2562 id
823 2515 927 2573 est,
964 2507 1196 2573 Christe,
1230 2508 1371 2561 unde
1400 2506 1512 2577 jam
1549 2508 1796 2578 superius

210 2600 417 2654 dictum
446 2608 546 2655 est.
578 2598 681 2664 Qui
705 2598 894 2669 pridie,
921 2615 1079 2670 quam
1117 2607 1399 2670 pateretur.
1439 2598 1621 2655 Pridie
1664 2600 1797 2655 dici-

213 2700 327 2755 tur,
360 2691 511 2760 quasi
540 2706 650 2759 prae
679 2690 789 2756 die,
837 2690 889 2744 id
915 2699 1018 2755 est,
1044 2699 1168 2745 ante
1202 2689 1365 2755 diem,
1400 2706 1506 2761 qua
1552 2706 1646 2760 per
1670 2707 1797 2762 pas-

209 2783 424 2838 sionem
470 2782 831 2838 occideretur.
874 2781 1085 2851 Accepit
1137 2798 1323 2851 panem
1377 2782 1430 2835 in
1479 2792 1686 2837 sanctas
1736 2798 1799 2835 ac

209 2873 533 2929 uenerabiles
562 2890 747 2927 manus
790 2889 932 2927 suas.
958 2871 1017 2926 lu
1046 2871 1150 2927 hoc
1177 2886 1313 2942 pane
1339 2872 1461 2942 quis
1503 2871 1660 2937 alius,
1694 2872 1797 2927 nisi

194 2965 309 3020 'ille
343 2964 496 3034 panis
539 2964 695 3018 vivus
718 2964 1050 3034 designatur,
1086 2962 1175 3033 qui
1221 2962 1287 3017 de
1324 2962 1462 3017 ctelo
1498 2962 1796 3018 descendit.

212 3054 289 3110 Et
353 3053 559 3109 elevatis
608 3054 771 3107 oculis
807 3054 861 3106 in
902 3052 1103 3117 caelum,
1157 3053 1226 3107 ad
1263 3062 1312 3107 te
1364 3052 1539 3107 Dnum
1589 3053 1799 3108 Patrem

213 3160 371 3199 suum
411 3142 824 3213 omnipotentem.
856 3142 1054 3198 Oculos
1097 3143 1333 3198 elevavit
1383 3144 1436 3198 in
1481 3144 1698 3208 cadum,
1745 3153 1803 3198 ut
1830 3134 1873 3196 C

215 3232 525 3290 ostenderet
567 3232 722 3286 nobis
775 3233 826 3286 iu
879 3233 1158 3298 omnibus,
1206 3249 1326 3303 quae
1382 3235 1614 3305 agimus,
1669 3233 1803 3287 nihil

215 3337 463 3392 quaerere
486 3332 792 3388 terrenum;
824 3332 875 3377 et
925 3333 981 3377 ut
1010 3324 1246 3379 sciamus
1293 3323 1417 3378 inde
1463 3324 1617 3380 nobis
1644 3340 1804 3379 omne

217 3412 407 3468 venire
435 3414 651 3468 bonum.
686 3410 801 3467 Tibi
835 3415 1035 3484 gratias
1079 3431 1235 3476 uqens
1271 3414 1549 3468 benedixit.
1603 3415 1800 3470 Exem-

219 3504 367 3574 plum
392 3504 546 3558 nobis
575 3504 802 3571 donans,
846 3513 906 3558 ut
935 3503 989 3558 in
1024 3504 1295 3567 omnibus,
1321 3519 1440 3574 quae
1482 3505 1618 3559 bene
1656 3506 1801 3574 geri-

221 3582 379 3658 mus,
428 3594 535 3649 Deo
582 3593 785 3665 gratias
837 3611 1051 3665 semper
1097 3610 1339 3665 agamus.
1402 3593 1607 3667 Fregit,
1665 3598 1805 3651 dedit

222 3683 497 3754 discipulis
523 3685 651 3739 suis.
684 3684 823 3753 Quid
859 3686 1000 3739 aliud
1032 3686 1300 3752 signiﬁcat
1329 3687 1383 3741 in
1414 3686 1676 3743 lractione
1709 3686 1807 3741 hu-

215 3771 312 3841 jus
335 3772 511 3841 panis,
543 3774 644 3828 nisi
670 3776 797 3845 quia
832 3789 1029 3843 corpus
1055 3791 1211 3830 suum
1260 3777 1635 3833 manducabile
1664 3794 1805 3849 pra:-

224 3862 344 3916 buit
381 3863 553 3918 nobis.
608 3861 783 3919 Simili
829 3865 983 3918 modo
1006 3875 1280 3937 postquam
1323 3856 1707 3934 ctenatum'est,
1753 3869 1808 3924 id

226 3963 332 4017 εει,
363 3962 643 4024 postquam
676 3954 764 4010 ille
791 3956 987 4009 veteris
1011 3958 1510 4029 testamentiaguus
1535 3968 1809 4016 comestus

225 4055 334 4101 εει.
364 4044 517 4111 Quod
539 4045 670 4100 dicit
693 4046 852 4099 simili
883 4047 1062 4113 modo,
1107 4065 1211 4103 non
1238 4050 1381 4104 aliud
1407 4060 1512 4116 est,
1541 4051 1642 4106 nisi
1667 4052 1810 4107 sicut

227 4137 359 4192 fecit
404 4138 635 4208 primum
685 4138 751 4192 de
783 4152 941 4209 pane,
989 4140 1068 4194 sic
1094 4155 1191 4210 per
1229 4142 1413 4196 omnia
1466 4140 1612 4207 fecit,
1662 4144 1808 4199 etde

227 4228 418 4283 calice.
450 4227 602 4283 Sicut
653 4228 800 4282 illum
850 4230 1053 4300 gratias
1084 4231 1291 4300 agendo
1343 4232 1618 4288 benedixit
1656 4232 1807 4286 fran-

227 4334 364 4390 gens
417 4317 483 4371 ad
528 4318 977 4384 manduéandum,
1032 4321 1109 4375 sic
1147 4330 1202 4375 et
1254 4321 1398 4375 hunc
1444 4322 1810 4378 benedicendo

230 4406 457 4461 tradidit
487 4406 766 4476 discipulis
806 4409 872 4463 ad
895 4407 1182 4464 bibendum
1227 4411 1444 4466 dicens:
1477 4412 1729 4481 Accipite,
1761 4427 1808 4468 et

1894 1879 2311 1933 immaculatum.
2348 1875 2547 1928 Panem
2596 1884 2835 1929 saucium
2864 1875 2980 1929 vitae
3009 1885 3217 1928 a'ternu:
3243 1882 3289 1926 et
3332 1869 3477 1925 Cali-

1895 1984 2003 2022 cem
2033 1966 2219 2021 salutis
2252 1976 2527 2035 perpetua'.
2563 1964 2764 2020 Hostiae
2793 1966 2932 2034 apud
2979 1973 3191 2019 veteres
3225 1961 3477 2017 diceban-

1898 2066 1983 2111 tur
2012 2057 2300 2120 sacrilicia,
2333 2072 2451 2125 quae
2474 2055 2695 2120 ﬁebant,
2718 2064 3006 2123 antequam
3024 2053 3089 2108 ad
3116 2054 3324 2108 hostem
3352 2065 3478 2121 per-

1895 2157 2101 2220 gerent.
2131 2145 2282 2202 Nunc
2311 2160 2489 2201 autem
2523 2147 2747 2202 Domine
2781 2145 3021 2200 Hostiam
3062 2162 3269 2216 puram,
3295 2144 3475 2207 idest,

1895 2240 2039 2294 oumi
2071 2238 2334 2294 fermento
2364 2237 2583 2291 malitiae
2622 2246 2678 2292 et
2726 2237 2978 2305 nequitia:
3017 2244 3288 2291 carentem
3312 2231 3482 2301 maje—

1896 2330 2021 2386 stati
2054 2340 2157 2386 tua:
2184 2331 2347 2385 corde
2376 2345 2510 2400 puro
2545 2328 2840 2393 offerimus,
2873 2329 2997 2398 quia
3047 2327 3186 2382 sicut
3214 2325 3478 2399 illiauxi-

1896 2420 2026 2475 lium
2056 2435 2086 2473 a
2115 2428 2165 2474 te
2207 2417 2502 2475 credebant
2551 2418 2844 2488 impetrare
2875 2417 3135 2481 victoriae,
3166 2416 3240 2469 ita
3285 2424 3340 2470 et
3380 2430 3481 2470 nos

1897 2525 1994 2581 per
2051 2508 2258 2580 Corpus
2292 2507 2413 2563 Filii
2458 2507 2555 2573 tui,
2599 2508 2692 2578 qui
2734 2517 2819 2562 est
2853 2523 2980 2563 vera
3028 2507 3203 2563 hostia
3253 2505 3481 2560 salutem

1898 2609 2203 2654 nostrarum
2253 2601 2410 2655 nobis
2462 2599 2735 2654 credimus
2781 2599 3077 2669 promereri
3149 2597 3479 2653 animarum.

1900 2691 2141 2747 Hostiam
2172 2703 2429 2758 sanctam,
2456 2692 2506 2746 id
2522 2700 2626 2756 est,
2651 2690 2857 2745 cmlesti
2884 2691 3023 2745 dono
3040 2706 3136 2760 per
3158 2689 3482 2760 assumptio-

1901 2797 2023 2836 netu
2054 2780 2309 2854 Corporis
2338 2783 2545 2837 Domini
2585 2782 2755 2837 nostri
2780 2780 2905 2836 Jesu
2936 2781 3139 2836 Christi
3170 2781 3481 2835 sanctiﬁca-

1904 2860 2031 2928 lam.
2064 2871 2305 2926 Hostiam
2335 2872 2749 2939 immaculatum,
2795 2873 2919 2941 quia
2957 2872 3069 2943 ipse
3116 2871 3233 2927 sine
3273 2870 3483 2925 macula

1900 2963 2108 3033 peccati
2139 2980 2200 3018 ex
2228 2963 2392 3017 Maria
2428 2962 2643 3033 Virgine
2668 2976 2848 3028 natus,
2874 2974 2927 3018 et
2968 2978 3131 3018 cruce
3166 2977 3483 3032 suSpensus,

1904 3054 2180 3108 redeundo
2223 3056 2289 3109 ad
2321 3054 2489 3109 caelos
2537 3054 2801 3108 ascendit.
2853 3051 3049 3107 Panem
3096 3063 3335 3107 sanctum
3368 3054 3487 3106 vita:

1905 3158 2113 3203 attenta:
2133 3143 2430 3209 oﬁ'crimus,
2472 3147 2595 3215 quia
2620 3146 2808 3209 vitam,
2842 3146 3149 3215 quicunque
3176 3161 3297 3203 eum
3331 3158 3486 3198 acce-

1906 3246 2120 3308 perunt,
2156 3237 2453 3306 percipient
2497 3236 2912 3300 iudeﬁcientetu,
2949 3236 3061 3307 ipse
3089 3244 3172 3292 est
3204 3235 3348 3292 enim
3385 3250 3482 3305 pa-

1907 3328 1991 3383 nis
2049 3328 2222 3382 vivus.
2274 3324 2341 3379 Et
2395 3326 2624 3381 Calicem
2671 3326 2860 3381 salutis
2925 3337 3203 3397 perpetuas.
3247 3325 3305 3381 Si
3352 3341 3487 3379 vero

1905 3416 2130 3473 calicem
2187 3416 2397 3471 Domini
2460 3418 2723 3486 condigne
2780 3417 3200 3487 sumpserimus,
3260 3415 3488 3472 salutem

1907 3507 2097 3561 anima:
2125 3519 2338 3576 semper
2378 3513 2681 3561 manentem
2735 3506 3071 3561 habebimus.
3134 3504 3311 3575 Supra
3335 3520 3488 3575 quae;

1907 3594 2228 3650 subauditur
2254 3610 2495 3659 munera,
2533 3595 2759 3665 propitio
2812 3612 2876 3648 ac
2924 3611 3103 3649 sereno
3150 3595 3293 3648 vultu
3327 3592 3491 3664 respi-

1907 3700 2020 3739 cere
2041 3684 2291 3754 digneris,
2326 3685 2427 3740 boc
2467 3693 2570 3749 est,
2603 3684 2934 3740 misericordi
2963 3690 3017 3739 et
3059 3683 3207 3737 claro
3244 3682 3487 3753 percipe-

1907 3792 1987 3832 re.
2021 3775 2088 3829 Et
2113 3786 2324 3847 accepta
2351 3776 2562 3842 habere,
2586 3776 2739 3831 sicuti
2780 3786 2989 3846 accepta
3019 3776 3208 3830 habere
3240 3775 3497 3845 dignatus

1908 3881 1961 3921 es
1984 3881 2201 3919 munera
2227 3866 2378 3936 pueri
2396 3868 2471 3920 tui
2490 3865 2625 3936 justi
2649 3865 2798 3930 Abel,
2820 3876 2866 3920 et
2899 3866 3215 3934 sacri/icium
3249 3864 3492 3919 Patriar-

1908 3957 2020 4012 clm:
2046 3958 2212 4011 nostri
2240 3957 2489 4023 Abrahae,
2525 3969 2572 4012 et
2613 3958 2754 4030 quod
2780 3958 2872 4012 tibi
2911 3957 3094 4011 obtulit
3128 3974 3361 4012 summus
3388 3957 3489 4014 Su-

1909 4048 2091 4102 cerdos
2133 4057 2253 4102 tuus
2297 4045 2696 4115 Melchisedech,
2759 4058 2997 4103 sanctum
3028 4048 3347 4116 sacriﬁcium
3393 4048 3497 4103 int-

1910 4137 2230 4191 maculatam
2278 4138 2525 4193 hostium.
2554 4137 2687 4195 Abel
2738 4152 2972 4208 namque
3001 4138 3069 4194 de
3115 4138 3493 4209 primogenitis

1911 4227 2165 4297 quicquid
2196 4227 2460 4302 optimum
2500 4229 2675 4296 duxit,
2715 4244 2778 4284 ac
2819 4230 2884 4283 de
2908 4229 3154 4299 adipibus
3174 4231 3354 4302 gregis
3384 4231 3488 4295 sui,

1910 4325 1965 4369 et
2012 4317 2160 4387 justo
2221 4300 2404 4373 labbre
2465 4318 2770 4389 adquisitis.
2818 4317 2930 4378 lloc
2962 4319 3068 4375 Deo
3109 4300 3231 4375 cuin
3280 4300 3492 4378 intimis

1913 4408 2095 4461 cordis
2141 4423 2344 4475 amore,
2399 4422 2462 4461 ac
2535 4418 2642 4465 tota
2701 4410 2899 4463 mentis
2946 4411 3230 4466 devotione
3277 4413 3502 4482 optulit.

228 4496 387 4552 bibite
426 4514 490 4552 ea:
535 4514 596 4552 eo
635 4512 855 4563 omnes;
896 4500 979 4553 hic
1007 4502 1141 4555 enim
1186 4501 1328 4555 calix
1367 4500 1655 4573 Sanguinis
1708 4505 1810 4557 mei
1840 4490 1888 4548 D
1914 4500 2142 4568 Ideoque
2175 4499 2315 4554 Deus
2355 4504 2421 4552 ad
2449 4517 2672 4554 munera
2694 4501 2809 4570 ejus
2833 4518 3026 4557 sereno
3058 4504 3201 4557 vultu
3233 4508 3503 4575 respexit._

228 4590 370 4644 novi.
399 4599 446 4642 et
476 4592 655 4644 interni
681 4592 994 4645 testamenti.
1052 4592 1204 4659 Quod
1255 4603 1435 4648 autem
1477 4594 1676 4648 dicitur
1719 4596 1809 4651 hic

228 4678 370 4734 calix
403 4679 523 4733 novi
557 4680 899 4745 testamenti;
954 4681 1020 4735 ad
1053 4681 1430 4736 discretionem
1455 4684 1649 4738 veteris
1678 4683 1810 4752 legis

227 4770 431 4824 dicitur
460 4770 673 4826 dicente
713 4769 894 4842 Moyse
921 4789 933 4824 :
970 4770 1068 4826 Hic
1108 4783 1181 4826 est
1213 4774 1449 4843 sanguis,
1477 4791 1629 4845 quem
1655 4793 1809 4829 man-

227 4860 373 4912 davit
401 4860 468 4912 ad
502 4876 595 4914 nos
617 4859 892 4914 Dominus.
926 4861 1217 4916 Misterium
1255 4863 1399 4932 ﬁdei,
1422 4865 1511 4936 qui
1546 4882 1638 4934 pro
1671 4866 1810 4920 vobis

227 4954 548 5022 e/I'undetur.
590 4953 724 5019 Quia
780 4954 998 5017 dicitur,
1061 4957 1161 5011 nisi
1196 4958 1649 5014 manducavcritis
1693 4976 1812 5015 car-

231 5060 360 5100 nem
393 5043 512 5099 Filii
543 5045 797 5107 hominis,
820 5056 876 5100 et
903 5047 1149 5102 biberitis
1176 5047 1293 5115 ejus
1326 5051 1667 5119 sanguinem,
1705 5067 1809 5105 non

228 5135 501 5191 habebitis
524 5135 689 5189 vitam
724 5147 1000 5193 aeternam.
1057 5137 1188 5192 Hazc
1237 5141 1643 5212 quotiescunque
1679 5143 1811 5212 [ece-

165 5280 177 5290 ,
230 5228 371 5291 ritis,
402 5228 455 5280 in
509 5229 608 5282 mei
656 5230 962 5284 memoriam
1009 5230 1231 5295 facietis.
1289 5232 1439 5288 Unde
1492 5234 1810 5306 Apostolus:

148 5358 153 5361 .
232 5316 673 5389 Quotiescunque,
727 5319 920 5388 inquit,
964 5322 1292 5376 manducetis
1347 5339 1533 5392 panem
1573 5325 1736 5389 hunc,
1764 5335 1812 5379 et

229 5405 447 5463 calicem
492 5408 684 5474 bibitis,
723 5420 940 5463 mortem
971 5409 1184 5465 Domini
1224 5412 1604 5468 adnuntiabitis
1648 5415 1813 5469 donec

233 5500 428 5555 veniat.
458 5498 605 5555 Unde
626 5511 674 5556 et
697 5519 947 5556 memores
974 5520 1155 5558 sumus
1184 5504 1399 5559 Domine
1426 5523 1519 5559 nos
1550 5507 1682 5560 servi
1712 5499 1814 5572 tui,

147 5641 151 5643 .
233 5586 328 5642 sed
355 5598 403 5642 et
451 5589 591 5660 plebs
625 5601 716 5645 tua
759 5602 941 5647 sancta
969 5592 1163 5648 Christi
1209 5592 1336 5647 Filii
1366 5595 1443 5649 tui
1472 5595 1685 5650 Domini
1724 5597 1815 5652 Dei

237 5682 423 5735 nostri.
450 5677 550 5735 llic
585 5679 907 5739 Sacerdotes
939 5685 1302 5742 admonitione
1350 5685 1548 5743 Christi
1600 5687 1812 5757 imbuti,

1911 4593 2184 4647 Abraham
2216 4607 2344 4647 vero
2378 4593 2493 4647 voci
2548 4591 2759 4647 Domini
2811 4593 3065 4649 obediens
3092 4595 3200 4649 ﬁlio
3243 4611 3340 4652 suo
3387 4612 3495 4653 non

1914 4685 2152 4755 pepercit
2205 4693 2425 4755 propter
2468 4699 2614 4749 eum,
2664 4684 2758 4738 sed
2812 4687 3091 4740 immolare
3134 4701 3256 4740 eum
3304 4687 3503 4752 voluit,

1917 4777 2143 4844 ideoque
2180 4782 2482 4846 reputatum
2506 4785 2588 4831 est
2611 4776 2661 4830 ei
2688 4777 2754 4830 ad
2774 4775 3063 4845 justitiam.
3099 4777 3504 4837 Melchisedech

1917 4883 2160 4922 Summus
2191 4866 2457 4922 Sacerdos
2493 4868 2725 4938 primum
2772 4883 2965 4940 panem
3017 4871 3277 4925 etvinum
3319 4873 3497 4942 t-ypice

1917 4973 2143 5027 Domino
2165 4971 2378 5027 obtulit.
2411 4971 2582 5040 Quam
2627 4974 2850 5044 ﬁguram
2882 4984 3068 5042 postea
3106 4976 3373 5039 Christus,
3402 4976 3492 5043 qui

1915 5083 1998 5129 est
2023 5088 2183 5127 verus
2210 5071 2476 5128 Sacerdos
2504 5073 2555 5126 iu
2579 5087 2838 5128 :cteruum
2871 5090 3070 5142 corpus
3100 5088 3256 5127 suum
3291 5080 3348 5126 ει
3368 5088 3494 5126 sau-

1916 5179 2134 5249 gnincm
2159 5177 2432 5233 oﬂ‘erendo
2478 5177 2588 5233 Deo
2636 5177 2779 5232 Patri
2815 5178 3143 5247 adimplevit.
3176 5176 3320 5230 Dixit
3351 5176 3498 5233 enim

1917 5276 2198 5346 discipulis
2216 5276 2351 5344 suis,
2384 5278 2519 5332 dans
2543 5277 2624 5332 eis
2663 5292 2855 5346 panem
2907 5285 2962 5331 et
2989 5275 3242 5329 calicem:
3286 5274 3387 5329 hoc
3410 5284 3497 5329 est

1917 5376 2128 5448 Corpus
2175 5392 2385 5442 meum;
2427 5386 2479 5432 et
2511 5377 2598 5431 hic
2636 5385 2720 5431 est
2748 5376 2897 5432 Calix
2933 5373 3221 5444 Sanguinis
3245 5374 3372 5436 mei“,
3401 5373 3495 5443 qui

1916 5494 2017 5550 pro
2062 5481 2353 5535 multorum
2408 5480 2775 5549 redemptione
2817 5477 3141 5532 eﬁ‘undetur.
3173 5475 3305 5529 Cum
3347 5477 3495 5531 omni

1919 5598 2049 5655 ergo
2074 5584 2307 5654 puritate
2334 5581 2529 5636 mentis
2557 5581 2843 5650 implorare
2869 5580 3296 5648 omnipotentem
3327 5579 3494 5634 Deum

1919 5683 2196 5752 debemus,
2233 5694 2290 5739 ut
2340 5683 2496 5749 sicut,
2541 5682 2731 5738 horum
2783 5682 2946 5737 triuut
2979 5697 3199 5738 nutuere
3232 5662 3492 5752 placatus,
