  <div class='ocr_page' id='page_1' title='image "/cluster/home/n/w/nwhite01/storage/ocr_20150623/138/hvd.32044015471774/597.png"; bbox 0 0 3992 6304; ppageno 0'>
   <div class='ocr_carea' id='block_1_1' title="bbox 590 297 2181 393">
    <p class='ocr_par' dir='ltr' id='par_1_1' title="bbox 590 297 2181 393">
     <span class='ocr_line' id='line_1_1' title="bbox 590 297 2181 393; baseline -0.017 -15"><span class='ocrx_word' id='word_1_1' title='bbox 590 321 756 393; x_wconf 70' lang='grc' dir='ltr'><strong>ςιιεδ</strong></span> <span class='ocrx_word' id='word_1_2' title='bbox 1443 303 1733 364; x_wconf 80' lang='lat' dir='ltr'><strong>APPEND.</strong></span> <span class='ocrx_word' id='word_1_3' title='bbox 1758 302 1865 357; x_wconf 77' lang='grc' dir='ltr'><strong>-ΑΒ</strong></span> <span class='ocrx_word' id='word_1_4' title='bbox 1897 298 2070 361; x_wconf 71' lang='grc' dir='ltr'><strong>ΞᾸΞΟ.</strong></span> <span class='ocrx_word' id='word_1_5' title='bbox 2110 297 2181 352; x_wconf 75' lang='grc' dir='ltr'><strong>Χ.</strong></span> 
     </span>
    </p>
   </div>
   <div class='ocr_carea' id='block_1_2' title="bbox 2221 292 3761 375">
    <p class='ocr_par' dir='ltr' id='par_1_2' title="bbox 2221 292 3761 375">
     <span class='ocr_line' id='line_1_2' title="bbox 2221 292 3761 375; baseline 0.007 -24"><span class='ocrx_word' id='word_1_6' title='bbox 2221 328 2291 340; x_wconf 93' lang='grc'><strong><em>-</em></strong></span> <span class='ocrx_word' id='word_1_7' title='bbox 2317 292 2758 375; x_wconf 62' lang='lat' dir='ltr'><strong>nonnum“</strong></span> <span class='ocrx_word' id='word_1_8' title='bbox 2797 293 3070 352; x_wconf 76' lang='lat' dir='ltr'><strong>manu.</strong></span> <span class='ocrx_word' id='word_1_9' title='bbox 3670 303 3761 365; x_wconf 83' lang='lat' dir='ltr'><strong>tut</strong></span> 
     </span>
    </p>
   </div>
   <div class='ocr_carea' id='block_1_3' title="bbox 616 405 3762 503">
    <p class='ocr_par' dir='ltr' id='par_1_3' title="bbox 616 405 3762 503">
     <span class='ocr_line' id='line_1_3' title="bbox 616 405 3762 503; baseline -0.009 -13"><span class='ocrx_word' id='word_1_10' title='bbox 616 430 873 503; x_wconf 71' lang='lat' dir='ltr'><strong>respexit,</strong></span> <span class='ocrx_word' id='word_1_11' title='bbox 906 429 980 485; x_wconf 84' lang='lat' dir='ltr'><strong>ita</strong></span> <span class='ocrx_word' id='word_1_12' title='bbox 1009 429 1175 487; x_wconf 83' lang='lat' dir='ltr'><strong>etiam</strong></span> <span class='ocrx_word' id='word_1_13' title='bbox 1203 439 1298 494; x_wconf 87' lang='lat' dir='ltr'><strong>per</strong></span> <span class='ocrx_word' id='word_1_14' title='bbox 1334 435 1485 478; x_wconf 87' lang='lat' dir='ltr'><strong>suam</strong></span> <span class='ocrx_word' id='word_1_15' title='bbox 1540 415 1970 473; x_wconf 88' lang='lat' dir='ltr'><strong>misericordiam</strong></span> <span class='ocrx_word' id='word_1_16' title='bbox 2019 411 2187 470; x_wconf 81' lang='lat' dir='ltr'><strong>resoi-</strong></span> <span class='ocrx_word' id='word_1_17' title='bbox 2216 412 2260 470; x_wconf 82' lang='lat' dir='ltr'><strong>A</strong></span> <span class='ocrx_word' id='word_1_18' title='bbox 2289 407 2545 479; x_wconf 81' lang='lat' dir='ltr'><strong>perfecta.</strong></span> <span class='ocrx_word' id='word_1_19' title='bbox 2574 407 2759 463; x_wconf 81' lang='lat' dir='ltr'><strong>Honor</strong></span> <span class='ocrx_word' id='word_1_20' title='bbox 2785 415 2840 462; x_wconf 89' lang='lat' dir='ltr'><strong>et</strong></span> <span class='ocrx_word' id='word_1_21' title='bbox 2865 406 3034 477; x_wconf 82' lang='lat' dir='ltr'><strong>gloria</strong></span> <span class='ocrx_word' id='word_1_22' title='bbox 3059 412 3142 461; x_wconf 88' lang='lat' dir='ltr'><strong>est</strong></span> <span class='ocrx_word' id='word_1_23' title='bbox 3166 405 3333 472; x_wconf 86' lang='lat' dir='ltr'><strong>Patri,</strong></span> <span class='ocrx_word' id='word_1_24' title='bbox 3358 413 3413 463; x_wconf 90' lang='lat' dir='ltr'><strong>et</strong></span> <span class='ocrx_word' id='word_1_25' title='bbox 3426 405 3565 473; x_wconf 81' lang='lat' dir='ltr'><strong>Filio,</strong></span> <span class='ocrx_word' id='word_1_26' title='bbox 3587 412 3661 465; x_wconf 78' lang='lat' dir='ltr'><strong>sed</strong></span> <span class='ocrx_word' id='word_1_27' title='bbox 3682 430 3762 469; x_wconf 71' lang='lat' dir='ltr'><strong>cm</strong></span> 
     </span>
    </p>
   </div>
   <div class='ocr_carea' id='block_1_4' title="bbox 614 523 1318 594">
    <p class='ocr_par' dir='ltr' id='par_1_4' title="bbox 614 523 1318 594">
     <span class='ocr_line' id='line_1_4' title="bbox 614 523 1318 594; baseline -0.014 -16"><span class='ocrx_word' id='word_1_28' title='bbox 614 538 740 578; x_wconf 83' lang='lat' dir='ltr'><strong>cere</strong></span> <span class='ocrx_word' id='word_1_29' title='bbox 760 523 1009 594; x_wconf 74' lang='lat' dir='ltr'><strong>dignetur</strong></span> <span class='ocrx_word' id='word_1_30' title='bbox 1032 527 1088 575; x_wconf 92' lang='lat' dir='ltr'><strong>et</strong></span> <span class='ocrx_word' id='word_1_31' title='bbox 1113 526 1318 574; x_wconf 86' lang='lat' dir='ltr'><strong>nostra.</strong></span> 
     </span>
    </p>
   </div>
   <div class='ocr_carea' id='block_1_5' title="bbox 686 593 2197 683">
    <p class='ocr_par' dir='ltr' id='par_1_5' title="bbox 686 593 2197 683">
     <span class='ocr_line' id='line_1_5' title="bbox 686 593 2197 683; baseline -0.015 -15"><span class='ocrx_word' id='word_1_32' title='bbox 686 593 955 683; x_wconf 81' lang='lat' dir='ltr'><strong>Supplices</strong></span> <span class='ocrx_word' id='word_1_33' title='bbox 984 619 1033 665; x_wconf 88' lang='lat' dir='ltr'><strong>te</strong></span> <span class='ocrx_word' id='word_1_34' title='bbox 1070 622 1317 677; x_wconf 83' lang='lat' dir='ltr'><strong>rogamus</strong></span> <span class='ocrx_word' id='word_1_35' title='bbox 1368 603 1691 671; x_wconf 89' lang='lat' dir='ltr'><strong>omnipotens</strong></span> <span class='ocrx_word' id='word_1_36' title='bbox 1716 597 1879 661; x_wconf 90' lang='lat' dir='ltr'><strong>Deus,</strong></span> <span class='ocrx_word' id='word_1_37' title='bbox 1919 594 2047 666; x_wconf 86' lang='lat' dir='ltr'><strong>jube</strong></span> <span class='ocrx_word' id='word_1_38' title='bbox 2084 593 2197 647; x_wconf 72' lang='lat' dir='ltr'><strong>(nec</strong></span> 
     </span>
    </p>
   </div>
   <div class='ocr_carea' id='block_1_6' title="bbox 615 686 2195 774">
    <p class='ocr_par' dir='ltr' id='par_1_6' title="bbox 615 686 2195 774">
     <span class='ocr_line' id='line_1_6' title="bbox 615 686 2195 774; baseline -0.015 -16"><span class='ocrx_word' id='word_1_39' title='bbox 615 702 837 774; x_wconf 76' lang='lat' dir='ltr'><strong>perferri</strong></span> <span class='ocrx_word' id='word_1_40' title='bbox 856 716 947 771; x_wconf 89' lang='lat' dir='ltr'><strong>per</strong></span> <span class='ocrx_word' id='word_1_41' title='bbox 975 714 1161 753; x_wconf 88' lang='lat' dir='ltr'><strong>manus</strong></span> <span class='ocrx_word' id='word_1_42' title='bbox 1189 694 1359 766; x_wconf 81' lang='lat' dir='ltr'><strong>angeli</strong></span> <span class='ocrx_word' id='word_1_43' title='bbox 1395 695 1470 747; x_wconf 90' lang='lat' dir='ltr'><strong>tui</strong></span> <span class='ocrx_word' id='word_1_44' title='bbox 1500 693 1554 745; x_wconf 91' lang='lat' dir='ltr'><strong>in</strong></span> <span class='ocrx_word' id='word_1_45' title='bbox 1584 689 1806 744; x_wconf 90' lang='lat' dir='ltr'><strong>sublime</strong></span> <span class='ocrx_word' id='word_1_46' title='bbox 1842 686 2009 740; x_wconf 83' lang='lat' dir='ltr'><strong>altare</strong></span> <span class='ocrx_word' id='word_1_47' title='bbox 2047 693 2195 737; x_wconf 89' lang='lat' dir='ltr'><strong>tuum</strong></span> 
     </span>
    </p>
   </div>
   <div class='ocr_carea' id='block_1_7' title="bbox 615 773 2194 864">
    <p class='ocr_par' dir='ltr' id='par_1_7' title="bbox 615 773 2194 864">
     <span class='ocr_line' id='line_1_7' title="bbox 615 773 2194 864; baseline -0.016 -13"><span class='ocrx_word' id='word_1_48' title='bbox 615 773 671 851; x_wconf 88' lang='lat' dir='ltr'><strong>in</strong></span> <span class='ocrx_word' id='word_1_49' title='bbox 691 803 960 864; x_wconf 83' lang='lat' dir='ltr'><strong>conspectu</strong></span> <span class='ocrx_word' id='word_1_50' title='bbox 1000 792 1190 846; x_wconf 77' lang='lat' dir='ltr'><strong>diuina:</strong></span> <span class='ocrx_word' id='word_1_51' title='bbox 1217 786 1504 856; x_wconf 84' lang='lat' dir='ltr'><strong>majestatis</strong></span> <span class='ocrx_word' id='word_1_52' title='bbox 1532 794 1655 837; x_wconf 75' lang='lat' dir='ltr'><strong>tum.</strong></span> <span class='ocrx_word' id='word_1_53' title='bbox 1683 780 2025 835; x_wconf 83' lang='lat' dir='ltr'><strong>lneessanter</strong></span> <span class='ocrx_word' id='word_1_54' title='bbox 2049 773 2194 829; x_wconf 89' lang='lat' dir='ltr'><strong>enim</strong></span> 
     </span>
    </p>
   </div>
   <div class='ocr_carea' id='block_1_8' title="bbox 616 869 2192 953">
    <p class='ocr_par' dir='ltr' id='par_1_8' title="bbox 616 869 2192 953">
     <span class='ocr_line' id='line_1_8' title="bbox 616 869 2192 953; baseline -0.018 -10"><span class='ocrx_word' id='word_1_55' title='bbox 616 886 790 953; x_wconf 86' lang='lat' dir='ltr'><strong>nobis,</strong></span> <span class='ocrx_word' id='word_1_56' title='bbox 817 893 1020 940; x_wconf 90' lang='lat' dir='ltr'><strong>etcum</strong></span> <span class='ocrx_word' id='word_1_57' title='bbox 1065 896 1273 939; x_wconf 90' lang='lat' dir='ltr'><strong>summa</strong></span> <span class='ocrx_word' id='word_1_58' title='bbox 1321 876 1628 933; x_wconf 70' lang='lat' dir='ltr'><strong>humilitate</strong></span> <span class='ocrx_word' id='word_1_59' title='bbox 1658 869 2041 942; x_wconf 87' lang='lat' dir='ltr'><strong>postulandum</strong></span> <span class='ocrx_word' id='word_1_60' title='bbox 2088 871 2192 928; x_wconf 90' lang='lat' dir='ltr'><strong>est,</strong></span> 
     </span>
    </p>
   </div>
   <div class='ocr_carea' id='block_1_9' title="bbox 615 957 2195 1043">
    <p class='ocr_par' dir='ltr' id='par_1_9' title="bbox 615 957 2195 1043">
     <span class='ocr_line' id='line_1_9' title="bbox 615 957 2195 1043; baseline -0.014 -12"><span class='ocrx_word' id='word_1_61' title='bbox 615 984 676 1031; x_wconf 91' lang='lat' dir='ltr'><strong>ut</strong></span> <span class='ocrx_word' id='word_1_62' title='bbox 702 975 988 1040; x_wconf 88' lang='lat' dir='ltr'><strong>sacriﬁcia,</strong></span> <span class='ocrx_word' id='word_1_63' title='bbox 1037 989 1156 1043; x_wconf 70' lang='lat' dir='ltr'><strong>qua:</strong></span> <span class='ocrx_word' id='word_1_64' title='bbox 1201 987 1230 1025; x_wconf 92' lang='lat' dir='ltr'><strong>a</strong></span> <span class='ocrx_word' id='word_1_65' title='bbox 1267 970 1423 1025; x_wconf 88' lang='lat' dir='ltr'><strong>nobis</strong></span> <span class='ocrx_word' id='word_1_66' title='bbox 1453 969 1505 1020; x_wconf 91' lang='lat' dir='ltr'><strong>in</strong></span> <span class='ocrx_word' id='word_1_67' title='bbox 1550 966 1654 1020; x_wconf 88' lang='lat' dir='ltr'><strong>hoc</strong></span> <span class='ocrx_word' id='word_1_68' title='bbox 1700 959 1968 1032; x_wconf 77' lang='lat' dir='ltr'><strong>corporali</strong></span> <span class='ocrx_word' id='word_1_69' title='bbox 2023 957 2195 1012; x_wconf 89' lang='lat' dir='ltr'><strong>altare</strong></span> 
     </span>
    </p>
   </div>
   <div class='ocr_carea' id='block_1_10' title="bbox 614 1056 2191 1133">
    <p class='ocr_par' dir='ltr' id='par_1_10' title="bbox 614 1056 2191 1133">
     <span class='ocr_line' id='line_1_10' title="bbox 614 1056 2191 1133; baseline -0.013 -12"><span class='ocrx_word' id='word_1_70' title='bbox 614 1063 934 1129; x_wconf 75' lang='lat' dir='ltr'><strong>offeruntur,</strong></span> <span class='ocrx_word' id='word_1_71' title='bbox 963 1075 1019 1119; x_wconf 88' lang='lat' dir='ltr'><strong>et</strong></span> <span class='ocrx_word' id='word_1_72' title='bbox 1039 1078 1136 1133; x_wconf 89' lang='lat' dir='ltr'><strong>per</strong></span> <span class='ocrx_word' id='word_1_73' title='bbox 1174 1075 1370 1115; x_wconf 89' lang='lat' dir='ltr'><strong>manus</strong></span> <span class='ocrx_word' id='word_1_74' title='bbox 1399 1056 1755 1113; x_wconf 77' lang='lat' dir='ltr'><strong>Sacerdotem</strong></span> <span class='ocrx_word' id='word_1_75' title='bbox 1783 1056 2191 1112; x_wconf 87' lang='lat' dir='ltr'><strong>consecrantur,</strong></span> 
     </span>
    </p>
   </div>
   <div class='ocr_carea' id='block_1_11' title="bbox 542 1140 2191 1225">
    <p class='ocr_par' dir='ltr' id='par_1_11' title="bbox 542 1140 2191 1225">
     <span class='ocr_line' id='line_1_11' title="bbox 542 1140 2191 1225; baseline -0.013 -14"><span class='ocrx_word' id='word_1_76' title='bbox 542 1168 549 1174; x_wconf 88' lang='lat'><strong><em>&#39;</em></strong></span> <span class='ocrx_word' id='word_1_77' title='bbox 615 1155 684 1210; x_wconf 88' lang='lat' dir='ltr'><strong>ab</strong></span> <span class='ocrx_word' id='word_1_78' title='bbox 706 1154 896 1225; x_wconf 80' lang='lat' dir='ltr'><strong>angelo</strong></span> <span class='ocrx_word' id='word_1_79' title='bbox 925 1155 979 1208; x_wconf 92' lang='lat' dir='ltr'><strong>in</strong></span> <span class='ocrx_word' id='word_1_80' title='bbox 1003 1152 1236 1223; x_wconf 89' lang='lat' dir='ltr'><strong>presenti</strong></span> <span class='ocrx_word' id='word_1_81' title='bbox 1264 1150 1562 1217; x_wconf 77' lang='lat' dir='ltr'><strong>adsistente</strong></span> <span class='ocrx_word' id='word_1_82' title='bbox 1587 1153 1778 1200; x_wconf 89' lang='lat' dir='ltr'><strong>sancto</strong></span> <span class='ocrx_word' id='word_1_83' title='bbox 1803 1140 2191 1210; x_wconf 80' lang='lat' dir='ltr'><strong>suscipiantur,</strong></span> 
     </span>
    </p>
   </div>
   <div class='ocr_carea' id='block_1_12' title="bbox 612 1226 2188 1314">
    <p class='ocr_par' dir='ltr' id='par_1_12' title="bbox 612 1226 2188 1314">
     <span class='ocr_line' id='line_1_12' title="bbox 612 1226 2188 1314; baseline -0.013 -14"><span class='ocrx_word' id='word_1_84' title='bbox 612 1258 710 1314; x_wconf 87' lang='lat' dir='ltr'><strong>per</strong></span> <span class='ocrx_word' id='word_1_85' title='bbox 737 1258 1036 1313; x_wconf 86' lang='lat' dir='ltr'><strong>manusque</strong></span> <span class='ocrx_word' id='word_1_86' title='bbox 1064 1242 1206 1297; x_wconf 90' lang='lat' dir='ltr'><strong>illius</strong></span> <span class='ocrx_word' id='word_1_87' title='bbox 1249 1248 1467 1295; x_wconf 85' lang='lat' dir='ltr'><strong>sanctas</strong></span> <span class='ocrx_word' id='word_1_88' title='bbox 1513 1236 1567 1289; x_wconf 91' lang='lat' dir='ltr'><strong>in</strong></span> <span class='ocrx_word' id='word_1_89' title='bbox 1610 1232 1841 1289; x_wconf 85' lang='lat' dir='ltr'><strong>sublime</strong></span> <span class='ocrx_word' id='word_1_90' title='bbox 1873 1228 2046 1283; x_wconf 87' lang='lat' dir='ltr'><strong>altare</strong></span> <span class='ocrx_word' id='word_1_91' title='bbox 2073 1226 2188 1281; x_wconf 87' lang='lat' dir='ltr'><strong>Dei.</strong></span> 
     </span>
    </p>
   </div>
   <div class='ocr_carea' id='block_1_13' title="bbox 612 1323 2195 1402">
    <p class='ocr_par' dir='ltr' id='par_1_13' title="bbox 612 1323 2195 1402">
     <span class='ocr_line' id='line_1_13' title="bbox 612 1323 2195 1402; baseline -0.012 -14"><span class='ocrx_word' id='word_1_92' title='bbox 612 1332 755 1388; x_wconf 83' lang='lat' dir='ltr'><strong>Idem</strong></span> <span class='ocrx_word' id='word_1_93' title='bbox 778 1333 831 1387; x_wconf 92' lang='lat' dir='ltr'><strong>in</strong></span> <span class='ocrx_word' id='word_1_94' title='bbox 868 1331 1209 1402; x_wconf 65' lang='lat' dir='ltr'><strong>praesentiam</strong></span> <span class='ocrx_word' id='word_1_95' title='bbox 1253 1339 1491 1401; x_wconf 78' lang='lat' dir='ltr'><strong>paternae</strong></span> <span class='ocrx_word' id='word_1_96' title='bbox 1539 1323 1861 1393; x_wconf 76' lang='lat' dir='ltr'><strong>maiestatis,</strong></span> <span class='ocrx_word' id='word_1_97' title='bbox 1890 1334 2049 1389; x_wconf 89' lang='lat' dir='ltr'><strong>quam</strong></span> <span class='ocrx_word' id='word_1_98' title='bbox 2094 1329 2195 1371; x_wconf 85' lang='lat' dir='ltr'><strong>nec</strong></span> 
     </span>
    </p>
   </div>
   <div class='ocr_carea' id='block_1_14' title="bbox 612 1407 2194 1489">
    <p class='ocr_par' dir='ltr' id='par_1_14' title="bbox 612 1407 2194 1489">
     <span class='ocr_line' id='line_1_14' title="bbox 612 1407 2194 1489; baseline -0.012 -11"><span class='ocrx_word' id='word_1_99' title='bbox 612 1422 800 1479; x_wconf 89' lang='lat' dir='ltr'><strong>oculus</strong></span> <span class='ocrx_word' id='word_1_100' title='bbox 817 1423 975 1489; x_wconf 80' lang='lat' dir='ltr'><strong>vidit,</strong></span> <span class='ocrx_word' id='word_1_101' title='bbox 1030 1439 1127 1478; x_wconf 90' lang='lat' dir='ltr'><strong>nec</strong></span> <span class='ocrx_word' id='word_1_102' title='bbox 1154 1423 1301 1476; x_wconf 88' lang='lat' dir='ltr'><strong>auris</strong></span> <span class='ocrx_word' id='word_1_103' title='bbox 1334 1418 1561 1483; x_wconf 83' lang='lat' dir='ltr'><strong>audivit,</strong></span> <span class='ocrx_word' id='word_1_104' title='bbox 1606 1430 1708 1470; x_wconf 87' lang='lat' dir='ltr'><strong>nec</strong></span> <span class='ocrx_word' id='word_1_105' title='bbox 1739 1415 1792 1467; x_wconf 91' lang='lat' dir='ltr'><strong>in</strong></span> <span class='ocrx_word' id='word_1_106' title='bbox 1834 1427 1928 1467; x_wconf 91' lang='lat' dir='ltr'><strong>cor</strong></span> <span class='ocrx_word' id='word_1_107' title='bbox 1957 1407 2194 1464; x_wconf 86' lang='lat' dir='ltr'><strong>hominis</strong></span> 
     </span>
    </p>
   </div>
   <div class='ocr_carea' id='block_1_15' title="bbox 612 1499 2190 1583">
    <p class='ocr_par' dir='ltr' id='par_1_15' title="bbox 612 1499 2190 1583">
     <span class='ocr_line' id='line_1_15' title="bbox 612 1499 2190 1583; baseline -0.01 -17"><span class='ocrx_word' id='word_1_108' title='bbox 612 1512 881 1579; x_wconf 75' lang='lat' dir='ltr'><strong>ascendit,</strong></span> <span class='ocrx_word' id='word_1_109' title='bbox 924 1512 1282 1583; x_wconf 75' lang='lat' dir='ltr'><strong>perferantur.</strong></span> <span class='ocrx_word' id='word_1_110' title='bbox 1314 1508 1380 1563; x_wconf 89' lang='lat' dir='ltr'><strong>Ut</strong></span> <span class='ocrx_word' id='word_1_111' title='bbox 1409 1517 1656 1579; x_wconf 81' lang='lat' dir='ltr'><strong>quotquot</strong></span> <span class='ocrx_word' id='word_1_112' title='bbox 1683 1521 1747 1561; x_wconf 78' lang='lat' dir='ltr'><strong>ea:</strong></span> <span class='ocrx_word' id='word_1_113' title='bbox 1787 1503 1973 1557; x_wconf 84' lang='lat' dir='ltr'><strong>altaris</strong></span> <span class='ocrx_word' id='word_1_114' title='bbox 2022 1499 2190 1570; x_wconf 84' lang='lat' dir='ltr'><strong>parti-</strong></span> 
     </span>
    </p>
   </div>
   <div class='ocr_carea' id='block_1_16' title="bbox 611 1591 2190 1672">
    <p class='ocr_par' dir='ltr' id='par_1_16' title="bbox 611 1591 2190 1672">
     <span class='ocr_line' id='line_1_16' title="bbox 611 1591 2190 1672; baseline -0.009 -15"><span class='ocrx_word' id='word_1_115' title='bbox 611 1603 870 1672; x_wconf 83' lang='lat' dir='ltr'><strong>cipatione</strong></span> <span class='ocrx_word' id='word_1_116' title='bbox 894 1614 1280 1657; x_wconf 84' lang='lat' dir='ltr'><strong>sacrosanctum</strong></span> <span class='ocrx_word' id='word_1_117' title='bbox 1313 1599 1531 1653; x_wconf 80' lang='lat' dir='ltr'><strong>Filiitui</strong></span> <span class='ocrx_word' id='word_1_118' title='bbox 1555 1597 1756 1666; x_wconf 81' lang='lat' dir='ltr'><strong>Corpus</strong></span> <span class='ocrx_word' id='word_1_119' title='bbox 1789 1605 1834 1649; x_wconf 89' lang='lat' dir='ltr'><strong>et</strong></span> <span class='ocrx_word' id='word_1_120' title='bbox 1868 1591 2190 1662; x_wconf 81' lang='lat' dir='ltr'><strong>Sanguinem</strong></span> 
     </span>
    </p>
   </div>
   <div class='ocr_carea' id='block_1_17' title="bbox 607 1683 2192 1765">
    <p class='ocr_par' dir='ltr' id='par_1_17' title="bbox 607 1683 2192 1765">
     <span class='ocr_line' id='line_1_17' title="bbox 607 1683 2192 1765; baseline -0.011 -15"><span class='ocrx_word' id='word_1_121' title='bbox 607 1694 1004 1765; x_wconf 73' lang='lat' dir='ltr'><strong>sumpserimus,</strong></span> <span class='ocrx_word' id='word_1_122' title='bbox 1052 1694 1193 1747; x_wconf 79' lang='lat' dir='ltr'><strong>omni</strong></span> <span class='ocrx_word' id='word_1_123' title='bbox 1220 1691 1571 1747; x_wconf 87' lang='lat' dir='ltr'><strong>benedictione</strong></span> <span class='ocrx_word' id='word_1_124' title='bbox 1599 1685 1785 1743; x_wconf 67' lang='lat' dir='ltr'><strong>etulein</strong></span> <span class='ocrx_word' id='word_1_125' title='bbox 1818 1694 1864 1739; x_wconf 88' lang='lat' dir='ltr'><strong>et</strong></span> <span class='ocrx_word' id='word_1_126' title='bbox 1894 1683 2065 1754; x_wconf 89' lang='lat' dir='ltr'><strong>gratia</strong></span> <span class='ocrx_word' id='word_1_127' title='bbox 2115 1696 2192 1734; x_wconf 89' lang='lat' dir='ltr'><strong>re-</strong></span> 
     </span>
    </p>
   </div>
   <div class='ocr_carea' id='block_1_18' title="bbox 607 1776 2189 1855">
    <p class='ocr_par' dir='ltr' id='par_1_18' title="bbox 607 1776 2189 1855">
     <span class='ocr_line' id='line_1_18' title="bbox 607 1776 2189 1855; baseline -0.007 -18"><span class='ocrx_word' id='word_1_128' title='bbox 607 1783 866 1854; x_wconf 85' lang='lat' dir='ltr'><strong>pleamur.</strong></span> <span class='ocrx_word' id='word_1_129' title='bbox 913 1800 1005 1855; x_wconf 86' lang='lat' dir='ltr'><strong>per</strong></span> <span class='ocrx_word' id='word_1_130' title='bbox 1031 1780 1296 1839; x_wconf 80' lang='lat' dir='ltr'><strong>Christum</strong></span> <span class='ocrx_word' id='word_1_131' title='bbox 1328 1782 1504 1836; x_wconf 86' lang='lat' dir='ltr'><strong>Dnum</strong></span> <span class='ocrx_word' id='word_1_132' title='bbox 1552 1789 1807 1833; x_wconf 87' lang='lat' dir='ltr'><strong>nostrum.</strong></span> <span class='ocrx_word' id='word_1_133' title='bbox 1859 1776 2189 1845; x_wconf 87' lang='lat' dir='ltr'><strong>Semperque</strong></span> 
     </span>
    </p>
   </div>
   <div class='ocr_carea' id='block_1_19' title="bbox 616 1866 2191 1940">
    <p class='ocr_par' dir='ltr' id='par_1_19' title="bbox 616 1866 2191 1940">
     <span class='ocr_line' id='line_1_19' title="bbox 616 1866 2191 1940; baseline -0.008 -11"><span class='ocrx_word' id='word_1_134' title='bbox 616 1875 784 1931; x_wconf 90' lang='lat' dir='ltr'><strong>Deum</strong></span> <span class='ocrx_word' id='word_1_135' title='bbox 810 1875 1026 1931; x_wconf 87' lang='lat' dir='ltr'><strong>Patrem</strong></span> <span class='ocrx_word' id='word_1_136' title='bbox 1050 1889 1277 1931; x_wconf 76' lang='lat' dir='ltr'><strong>exorare</strong></span> <span class='ocrx_word' id='word_1_137' title='bbox 1299 1874 1577 1938; x_wconf 87' lang='lat' dir='ltr'><strong>debemus,</strong></span> <span class='ocrx_word' id='word_1_138' title='bbox 1615 1879 1674 1925; x_wconf 94' lang='lat' dir='ltr'><strong>ut</strong></span> <span class='ocrx_word' id='word_1_139' title='bbox 1696 1875 1964 1940; x_wconf 83' lang='lat' dir='ltr'><strong>quotquot</strong></span> <span class='ocrx_word' id='word_1_140' title='bbox 1982 1866 2191 1934; x_wconf 89' lang='lat' dir='ltr'><strong>Corpus</strong></span> 
     </span>
    </p>
   </div>
   <div class='ocr_carea' id='block_1_20' title="bbox 612 1954 2190 2038">
    <p class='ocr_par' dir='ltr' id='par_1_20' title="bbox 612 1954 2190 2038">
     <span class='ocr_line' id='line_1_20' title="bbox 612 1954 2190 2038; baseline -0.009 -17"><span class='ocrx_word' id='word_1_141' title='bbox 612 1975 666 2021; x_wconf 92' lang='lat' dir='ltr'><strong>et</strong></span> <span class='ocrx_word' id='word_1_142' title='bbox 694 1965 1024 2038; x_wconf 71' lang='lat' dir='ltr'><strong>Sanguinem</strong></span> <span class='ocrx_word' id='word_1_143' title='bbox 1066 1966 1344 2035; x_wconf 85' lang='lat' dir='ltr'><strong>proprium</strong></span> <span class='ocrx_word' id='word_1_144' title='bbox 1389 1964 1442 2017; x_wconf 93' lang='lat' dir='ltr'><strong>in</strong></span> <span class='ocrx_word' id='word_1_145' title='bbox 1473 1958 2042 2018; x_wconf 86' lang='lat' dir='ltr'><strong>commemorationem</strong></span> <span class='ocrx_word' id='word_1_146' title='bbox 2069 1954 2190 2009; x_wconf 83' lang='lat' dir='ltr'><strong>Filii</strong></span> 
     </span>
    </p>
   </div>
   <div class='ocr_carea' id='block_1_21' title="bbox 612 2045 2186 2113">
    <p class='ocr_par' dir='ltr' id='par_1_21' title="bbox 612 2045 2186 2113">
     <span class='ocr_line' id='line_1_21' title="bbox 612 2045 2186 2113; baseline -0.01 -1"><span class='ocrx_word' id='word_1_147' title='bbox 612 2057 694 2113; x_wconf 89' lang='lat' dir='ltr'><strong>sui</strong></span> <span class='ocrx_word' id='word_1_148' title='bbox 758 2055 969 2110; x_wconf 87' lang='lat' dir='ltr'><strong>Domini</strong></span> <span class='ocrx_word' id='word_1_149' title='bbox 1016 2055 1185 2110; x_wconf 88' lang='lat' dir='ltr'><strong>nostri</strong></span> <span class='ocrx_word' id='word_1_150' title='bbox 1215 2052 1340 2108; x_wconf 77' lang='lat' dir='ltr'><strong>Jesu</strong></span> <span class='ocrx_word' id='word_1_151' title='bbox 1372 2051 1569 2107; x_wconf 85' lang='lat' dir='ltr'><strong>Christi</strong></span> <span class='ocrx_word' id='word_1_152' title='bbox 1622 2049 1853 2103; x_wconf 83' lang='lat' dir='ltr'><strong>ﬁdeliter</strong></span> <span class='ocrx_word' id='word_1_153' title='bbox 1901 2045 2186 2108; x_wconf 89' lang='lat' dir='ltr'><strong>sumimus,</strong></span> 
     </span>
    </p>
   </div>
   <div class='ocr_carea' id='block_1_22' title="bbox 614 2137 2190 2217">
    <p class='ocr_par' dir='ltr' id='par_1_22' title="bbox 614 2137 2190 2217">
     <span class='ocr_line' id='line_1_22' title="bbox 614 2137 2190 2217; baseline -0.008 -15"><span class='ocrx_word' id='word_1_154' title='bbox 614 2148 759 2203; x_wconf 91' lang='lat' dir='ltr'><strong>illius</strong></span> <span class='ocrx_word' id='word_1_155' title='bbox 783 2147 1159 2205; x_wconf 83' lang='lat' dir='ltr'><strong>benedictione</strong></span> <span class='ocrx_word' id='word_1_156' title='bbox 1190 2161 1252 2201; x_wconf 91' lang='lat' dir='ltr'><strong>ac</strong></span> <span class='ocrx_word' id='word_1_157' title='bbox 1280 2144 1451 2217; x_wconf 88' lang='lat' dir='ltr'><strong>gratia</strong></span> <span class='ocrx_word' id='word_1_158' title='bbox 1475 2141 1685 2212; x_wconf 86' lang='lat' dir='ltr'><strong>repleti,</strong></span> <span class='ocrx_word' id='word_1_159' title='bbox 1716 2138 1926 2195; x_wconf 77' lang='lat' dir='ltr'><strong>caelesti</strong></span> <span class='ocrx_word' id='word_1_160' title='bbox 1951 2137 2070 2208; x_wconf 88' lang='lat' dir='ltr'><strong>ejus</strong></span> <span class='ocrx_word' id='word_1_161' title='bbox 2093 2151 2190 2190; x_wconf 89' lang='lat' dir='ltr'><strong>nos</strong></span> 
     </span>
    </p>
   </div>
   <div class='ocr_carea' id='block_1_23' title="bbox 613 2231 2190 2308">
    <p class='ocr_par' dir='ltr' id='par_1_23' title="bbox 613 2231 2190 2308">
     <span class='ocr_line' id='line_1_23' title="bbox 613 2231 2190 2308; baseline -0.006 -16"><span class='ocrx_word' id='word_1_162' title='bbox 613 2236 857 2308; x_wconf 87' lang='lat' dir='ltr'><strong>largiﬁua</strong></span> <span class='ocrx_word' id='word_1_163' title='bbox 924 2237 1125 2307; x_wconf 85' lang='lat' dir='ltr'><strong>pietate</strong></span> <span class='ocrx_word' id='word_1_164' title='bbox 1186 2252 1292 2291; x_wconf 89' lang='lat' dir='ltr'><strong>non</strong></span> <span class='ocrx_word' id='word_1_165' title='bbox 1351 2234 1552 2289; x_wconf 87' lang='lat' dir='ltr'><strong>nostris</strong></span> <span class='ocrx_word' id='word_1_166' title='bbox 1584 2231 1792 2287; x_wconf 88' lang='lat' dir='ltr'><strong>meritis</strong></span> <span class='ocrx_word' id='word_1_167' title='bbox 1832 2242 2190 2303; x_wconf 67' lang='lat' dir='ltr'><strong>agnoscamus</strong></span> 
     </span>
    </p>
   </div>
   <div class='ocr_carea' id='block_1_24' title="bbox 617 2327 1072 2385">
    <p class='ocr_par' dir='ltr' id='par_1_24' title="bbox 617 2327 1072 2385">
     <span class='ocr_line' id='line_1_24' title="bbox 617 2327 1072 2385; baseline -0.009 0"><span class='ocrx_word' id='word_1_168' title='bbox 617 2343 738 2385; x_wconf 89' lang='lat' dir='ltr'><strong>esse</strong></span> <span class='ocrx_word' id='word_1_169' title='bbox 765 2327 1072 2384; x_wconf 88' lang='lat' dir='ltr'><strong>salvandos.</strong></span> 
     </span>
    </p>
   </div>
   <div class='ocr_carea' id='block_1_25' title="bbox 684 2409 2190 2490">
    <p class='ocr_par' dir='ltr' id='par_1_25' title="bbox 684 2409 2190 2490">
     <span class='ocr_line' id='line_1_25' title="bbox 684 2409 2190 2490; baseline -0.006 -18"><span class='ocrx_word' id='word_1_170' title='bbox 684 2416 849 2473; x_wconf 88' lang='lat' dir='ltr'><strong>Nobis</strong></span> <span class='ocrx_word' id='word_1_171' title='bbox 872 2434 1075 2490; x_wconf 85' lang='lat' dir='ltr'><strong>quoque</strong></span> <span class='ocrx_word' id='word_1_172' title='bbox 1095 2416 1475 2489; x_wconf 87' lang='lat' dir='ltr'><strong>peccatoribus,</strong></span> <span class='ocrx_word' id='word_1_173' title='bbox 1505 2413 1720 2486; x_wconf 74' lang='lat' dir='ltr'><strong>famulis</strong></span> <span class='ocrx_word' id='word_1_174' title='bbox 1741 2412 1844 2467; x_wconf 88' lang='lat' dir='ltr'><strong>tuis</strong></span> <span class='ocrx_word' id='word_1_175' title='bbox 1867 2411 1930 2466; x_wconf 88' lang='lat' dir='ltr'><strong>de</strong></span> <span class='ocrx_word' id='word_1_176' title='bbox 1951 2409 2190 2465; x_wconf 81' lang='lat' dir='ltr'><strong>multitu-</strong></span> 
     </span>
    </p>
   </div>
   <div class='ocr_carea' id='block_1_26' title="bbox 611 2500 2186 2578">
    <p class='ocr_par' dir='ltr' id='par_1_26' title="bbox 611 2500 2186 2578">
     <span class='ocr_line' id='line_1_26' title="bbox 611 2500 2186 2578; baseline -0.008 -13"><span class='ocrx_word' id='word_1_177' title='bbox 611 2510 733 2565; x_wconf 85' lang='lat' dir='ltr'><strong>dine</strong></span> <span class='ocrx_word' id='word_1_178' title='bbox 781 2513 1174 2565; x_wconf 85' lang='lat' dir='ltr'><strong>miserattonum</strong></span> <span class='ocrx_word' id='word_1_179' title='bbox 1225 2518 1437 2563; x_wconf 86' lang='lat' dir='ltr'><strong>tuarum</strong></span> <span class='ocrx_word' id='word_1_180' title='bbox 1494 2506 1819 2578; x_wconf 83' lang='lat' dir='ltr'><strong>sperantibus</strong></span> <span class='ocrx_word' id='word_1_181' title='bbox 1863 2511 2061 2573; x_wconf 86' lang='lat' dir='ltr'><strong>partem</strong></span> <span class='ocrx_word' id='word_1_182' title='bbox 2086 2500 2186 2578; x_wconf 86' lang='lat' dir='ltr'><strong>ali-</strong></span> 
     </span>
    </p>
   </div>
   <div class='ocr_carea' id='block_1_27' title="bbox 608 2595 2191 2671">
    <p class='ocr_par' dir='ltr' id='par_1_27' title="bbox 608 2595 2191 2671">
     <span class='ocr_line' id='line_1_27' title="bbox 608 2595 2191 2671; baseline -0.006 -17"><span class='ocrx_word' id='word_1_183' title='bbox 608 2617 767 2671; x_wconf 85' lang='lat' dir='ltr'><strong>quam</strong></span> <span class='ocrx_word' id='word_1_184' title='bbox 798 2612 847 2655; x_wconf 91' lang='lat' dir='ltr'><strong>et</strong></span> <span class='ocrx_word' id='word_1_185' title='bbox 884 2600 1179 2657; x_wconf 84' lang='lat' dir='ltr'><strong>societatem</strong></span> <span class='ocrx_word' id='word_1_186' title='bbox 1228 2603 1425 2655; x_wconf 86' lang='lat' dir='ltr'><strong>donare</strong></span> <span class='ocrx_word' id='word_1_187' title='bbox 1472 2596 1722 2669; x_wconf 81' lang='lat' dir='ltr'><strong>digneris.</strong></span> <span class='ocrx_word' id='word_1_188' title='bbox 1755 2595 1853 2649; x_wconf 86' lang='lat' dir='ltr'><strong>Hic</strong></span> <span class='ocrx_word' id='word_1_189' title='bbox 1882 2595 2104 2665; x_wconf 86' lang='lat' dir='ltr'><strong>petitur,</strong></span> <span class='ocrx_word' id='word_1_190' title='bbox 2130 2599 2191 2645; x_wconf 91' lang='lat' dir='ltr'><strong>ut</strong></span> 
     </span>
    </p>
   </div>
   <div class='ocr_carea' id='block_1_28' title="bbox 612 2682 2186 2761">
    <p class='ocr_par' dir='ltr' id='par_1_28' title="bbox 612 2682 2186 2761">
     <span class='ocr_line' id='line_1_28' title="bbox 612 2682 2186 2761; baseline -0.005 -19"><span class='ocrx_word' id='word_1_191' title='bbox 612 2690 765 2746; x_wconf 88' lang='lat' dir='ltr'><strong>nobis</strong></span> <span class='ocrx_word' id='word_1_192' title='bbox 794 2689 1028 2761; x_wconf 78' lang='lat' dir='ltr'><strong>indignis</strong></span> <span class='ocrx_word' id='word_1_193' title='bbox 1052 2705 1176 2745; x_wconf 91' lang='lat' dir='ltr'><strong>cum</strong></span> <span class='ocrx_word' id='word_1_194' title='bbox 1227 2689 1431 2744; x_wconf 88' lang='lat' dir='ltr'><strong>sanctis</strong></span> <span class='ocrx_word' id='word_1_195' title='bbox 1485 2688 1620 2753; x_wconf 88' lang='lat' dir='ltr'><strong>suis,</strong></span> <span class='ocrx_word' id='word_1_196' title='bbox 1646 2695 1702 2740; x_wconf 89' lang='lat' dir='ltr'><strong>et</strong></span> <span class='ocrx_word' id='word_1_197' title='bbox 1732 2682 2186 2754; x_wconf 81' lang='lat' dir='ltr'><strong>electis~gloriam</strong></span> 
     </span>
    </p>
   </div>
   <div class='ocr_carea' id='block_1_29' title="bbox 620 2772 2188 2848">
    <p class='ocr_par' dir='ltr' id='par_1_29' title="bbox 620 2772 2188 2848">
     <span class='ocr_line' id='line_1_29' title="bbox 620 2772 2188 2848; baseline -0.006 -14"><span class='ocrx_word' id='word_1_198' title='bbox 620 2782 839 2835; x_wconf 84' lang='lat' dir='ltr'><strong>tribuat.</strong></span> <span class='ocrx_word' id='word_1_199' title='bbox 890 2780 1264 2836; x_wconf 86' lang='lat' dir='ltr'><strong>Miserationes</strong></span> <span class='ocrx_word' id='word_1_200' title='bbox 1308 2779 1580 2845; x_wconf 87' lang='lat' dir='ltr'><strong>dicuntur,</strong></span> <span class='ocrx_word' id='word_1_201' title='bbox 1616 2776 1741 2848; x_wconf 88' lang='lat' dir='ltr'><strong>quia</strong></span> <span class='ocrx_word' id='word_1_202' title='bbox 1773 2775 1922 2831; x_wconf 89' lang='lat' dir='ltr'><strong>novit</strong></span> <span class='ocrx_word' id='word_1_203' title='bbox 1953 2772 2188 2843; x_wconf 84' lang='lat' dir='ltr'><strong>compati</strong></span> 
     </span>
    </p>
   </div>
   <div class='ocr_carea' id='block_1_30' title="bbox 610 2862 2189 2938">
    <p class='ocr_par' dir='ltr' id='par_1_30' title="bbox 610 2862 2189 2938">
     <span class='ocr_line' id='line_1_30' title="bbox 610 2862 2189 2938; baseline -0.006 -12"><span class='ocrx_word' id='word_1_204' title='bbox 610 2872 923 2928; x_wconf 79' lang='lat' dir='ltr'><strong>vulneribus</strong></span> <span class='ocrx_word' id='word_1_205' title='bbox 953 2872 1175 2938; x_wconf 90' lang='lat' dir='ltr'><strong>nostris,</strong></span> <span class='ocrx_word' id='word_1_206' title='bbox 1218 2880 1274 2927; x_wconf 91' lang='lat' dir='ltr'><strong>et</strong></span> <span class='ocrx_word' id='word_1_207' title='bbox 1304 2871 1759 2925; x_wconf 87' lang='lat' dir='ltr'><strong>medicamentum</strong></span> <span class='ocrx_word' id='word_1_208' title='bbox 1809 2865 1920 2921; x_wconf 89' lang='lat' dir='ltr'><strong>dat.</strong></span> <span class='ocrx_word' id='word_1_209' title='bbox 1957 2864 2026 2918; x_wconf 91' lang='lat' dir='ltr'><strong>Et</strong></span> <span class='ocrx_word' id='word_1_210' title='bbox 2074 2862 2189 2916; x_wconf 77' lang='lat' dir='ltr'><strong>haec</strong></span> 
     </span>
    </p>
   </div>
   <div class='ocr_carea' id='block_1_31' title="bbox 610 2953 2187 3031">
    <p class='ocr_par' dir='ltr' id='par_1_31' title="bbox 610 2953 2187 3031">
     <span class='ocr_line' id='line_1_31' title="bbox 610 2953 2187 3031; baseline -0.006 -15"><span class='ocrx_word' id='word_1_211' title='bbox 610 2971 791 3018; x_wconf 88' lang='lat' dir='ltr'><strong>tamen</strong></span> <span class='ocrx_word' id='word_1_212' title='bbox 823 2962 1193 3019; x_wconf 89' lang='lat' dir='ltr'><strong>tantummodo</strong></span> <span class='ocrx_word' id='word_1_213' title='bbox 1231 2960 1573 3031; x_wconf 88' lang='lat' dir='ltr'><strong>sperantibus</strong></span> <span class='ocrx_word' id='word_1_214' title='bbox 1600 2957 2014 3028; x_wconf 87' lang='lat' dir='ltr'><strong>promittuntur,</strong></span> <span class='ocrx_word' id='word_1_215' title='bbox 2062 2953 2187 3024; x_wconf 88' lang='lat' dir='ltr'><strong>quia</strong></span> 
     </span>
    </p>
   </div>
   <div class='ocr_carea' id='block_1_32' title="bbox 610 3047 2189 3125">
    <p class='ocr_par' dir='ltr' id='par_1_32' title="bbox 610 3047 2189 3125">
     <span class='ocr_line' id='line_1_32' title="bbox 610 3047 2189 3125; baseline -0.007 -14"><span class='ocrx_word' id='word_1_216' title='bbox 610 3054 745 3111; x_wconf 90' lang='lat' dir='ltr'><strong>nihil</strong></span> <span class='ocrx_word' id='word_1_217' title='bbox 775 3054 955 3110; x_wconf 89' lang='lat' dir='ltr'><strong>valent</strong></span> <span class='ocrx_word' id='word_1_218' title='bbox 976 3056 1094 3110; x_wconf 89' lang='lat' dir='ltr'><strong>sine</strong></span> <span class='ocrx_word' id='word_1_219' title='bbox 1122 3069 1238 3125; x_wconf 87' lang='lat' dir='ltr'><strong>spe,</strong></span> <span class='ocrx_word' id='word_1_220' title='bbox 1267 3053 1406 3109; x_wconf 89' lang='lat' dir='ltr'><strong>sicut</strong></span> <span class='ocrx_word' id='word_1_221' title='bbox 1431 3065 1663 3122; x_wconf 86' lang='lat' dir='ltr'><strong>namque</strong></span> <span class='ocrx_word' id='word_1_222' title='bbox 1688 3064 1784 3121; x_wconf 89' lang='lat' dir='ltr'><strong>per</strong></span> <span class='ocrx_word' id='word_1_223' title='bbox 1810 3047 1971 3118; x_wconf 85' lang='lat' dir='ltr'><strong>pedes</strong></span> <span class='ocrx_word' id='word_1_224' title='bbox 1992 3060 2189 3115; x_wconf 87' lang='lat' dir='ltr'><strong>corpus</strong></span> 
     </span>
    </p>
   </div>
   <div class='ocr_carea' id='block_1_33' title="bbox 609 3136 2188 3212">
    <p class='ocr_par' dir='ltr' id='par_1_33' title="bbox 609 3136 2188 3212">
     <span class='ocr_line' id='line_1_33' title="bbox 609 3136 2188 3212; baseline -0.009 -9"><span class='ocrx_word' id='word_1_225' title='bbox 609 3147 866 3212; x_wconf 87' lang='lat' dir='ltr'><strong>ambulat,</strong></span> <span class='ocrx_word' id='word_1_226' title='bbox 888 3148 969 3203; x_wconf 89' lang='lat' dir='ltr'><strong>sic</strong></span> <span class='ocrx_word' id='word_1_227' title='bbox 995 3156 1051 3203; x_wconf 88' lang='lat' dir='ltr'><strong>et</strong></span> <span class='ocrx_word' id='word_1_228' title='bbox 1077 3157 1292 3203; x_wconf 85' lang='lat' dir='ltr'><strong>mentes</strong></span> <span class='ocrx_word' id='word_1_229' title='bbox 1316 3147 1585 3200; x_wconf 89' lang='lat' dir='ltr'><strong>bonorum</strong></span> <span class='ocrx_word' id='word_1_230' title='bbox 1616 3157 1710 3211; x_wconf 89' lang='lat' dir='ltr'><strong>per</strong></span> <span class='ocrx_word' id='word_1_231' title='bbox 1738 3155 1888 3210; x_wconf 83' lang='lat' dir='ltr'><strong>spem</strong></span> <span class='ocrx_word' id='word_1_232' title='bbox 1918 3139 1982 3193; x_wconf 89' lang='lat' dir='ltr'><strong>ad</strong></span> <span class='ocrx_word' id='word_1_233' title='bbox 2021 3136 2188 3191; x_wconf 61' lang='lat' dir='ltr'><strong>coale-</strong></span> 
     </span>
    </p>
   </div>
   <div class='ocr_carea' id='block_1_34' title="bbox 608 3226 2188 3306">
    <p class='ocr_par' dir='ltr' id='par_1_34' title="bbox 608 3226 2188 3306">
     <span class='ocr_line' id='line_1_34' title="bbox 608 3226 2188 3306; baseline -0.008 -15"><span class='ocrx_word' id='word_1_234' title='bbox 608 3237 710 3291; x_wconf 82' lang='lat' dir='ltr'><strong>stia</strong></span> <span class='ocrx_word' id='word_1_235' title='bbox 750 3236 1184 3306; x_wconf 88' lang='lat' dir='ltr'><strong>proﬁciscuntur.</strong></span> <span class='ocrx_word' id='word_1_236' title='bbox 1241 3234 1372 3289; x_wconf 84' lang='lat' dir='ltr'><strong>Cum</strong></span> <span class='ocrx_word' id='word_1_237' title='bbox 1423 3233 1525 3287; x_wconf 89' lang='lat' dir='ltr'><strong>tuis</strong></span> <span class='ocrx_word' id='word_1_238' title='bbox 1551 3231 1745 3285; x_wconf 83' lang='lat' dir='ltr'><strong>sanctis</strong></span> <span class='ocrx_word' id='word_1_239' title='bbox 1801 3226 2094 3298; x_wconf 80' lang='lat' dir='ltr'><strong>Apostolis,</strong></span> <span class='ocrx_word' id='word_1_240' title='bbox 2141 3235 2188 3279; x_wconf 89' lang='lat' dir='ltr'><strong>et</strong></span> 
     </span>
    </p>
   </div>
   <div class='ocr_carea' id='block_1_35' title="bbox 609 3317 2188 3395">
    <p class='ocr_par' dir='ltr' id='par_1_35' title="bbox 609 3317 2188 3395">
     <span class='ocr_line' id='line_1_35' title="bbox 609 3317 2188 3395; baseline -0.008 -15"><span class='ocrx_word' id='word_1_241' title='bbox 609 3325 932 3395; x_wconf 77' lang='lat' dir='ltr'><strong>Martyribus</strong></span> <span class='ocrx_word' id='word_1_242' title='bbox 956 3341 1075 3378; x_wconf 89' lang='lat' dir='ltr'><strong>cum</strong></span> <span class='ocrx_word' id='word_1_243' title='bbox 1102 3324 1328 3387; x_wconf 78' lang='lat' dir='ltr'><strong>Joanne,</strong></span> <span class='ocrx_word' id='word_1_244' title='bbox 1356 3323 1643 3392; x_wconf 80' lang='lat' dir='ltr'><strong>Stephano,</strong></span> <span class='ocrx_word' id='word_1_245' title='bbox 1669 3319 1895 3383; x_wconf 75' lang='lat' dir='ltr'><strong>Malitia,</strong></span> <span class='ocrx_word' id='word_1_246' title='bbox 1917 3317 2188 3380; x_wconf 85' lang='lat' dir='ltr'><strong>Barnaba,</strong></span> 
     </span>
    </p>
   </div>
   <div class='ocr_carea' id='block_1_36' title="bbox 608 3406 2185 3485">
    <p class='ocr_par' dir='ltr' id='par_1_36' title="bbox 608 3406 2185 3485">
     <span class='ocr_line' id='line_1_36' title="bbox 608 3406 2185 3485; baseline -0.006 -16"><span class='ocrx_word' id='word_1_247' title='bbox 608 3414 842 3485; x_wconf 86' lang='lat' dir='ltr'><strong>Ignatio,</strong></span> <span class='ocrx_word' id='word_1_248' title='bbox 898 3414 1217 3479; x_wconf 67' lang='lat' dir='ltr'><strong>Alexandro,</strong></span> <span class='ocrx_word' id='word_1_249' title='bbox 1282 3410 1609 3473; x_wconf 85' lang='lat' dir='ltr'><strong>Marcellino,</strong></span> <span class='ocrx_word' id='word_1_250' title='bbox 1660 3407 1837 3474; x_wconf 77' lang='lat' dir='ltr'><strong>Petro,</strong></span> <span class='ocrx_word' id='word_1_251' title='bbox 1896 3406 2185 3469; x_wconf 77' lang='lat' dir='ltr'><strong>Felicitate,</strong></span> 
     </span>
    </p>
   </div>
   <div class='ocr_carea' id='block_1_37' title="bbox 617 3497 2189 3576">
    <p class='ocr_par' dir='ltr' id='par_1_37' title="bbox 617 3497 2189 3576">
     <span class='ocr_line' id='line_1_37' title="bbox 617 3497 2189 3576; baseline -0.007 -16"><span class='ocrx_word' id='word_1_252' title='bbox 617 3505 899 3575; x_wconf 88' lang='lat' dir='ltr'><strong>Perpetua,</strong></span> <span class='ocrx_word' id='word_1_253' title='bbox 922 3503 1152 3576; x_wconf 83' lang='lat' dir='ltr'><strong>Agatha,</strong></span> <span class='ocrx_word' id='word_1_254' title='bbox 1175 3502 1360 3566; x_wconf 86' lang='lat' dir='ltr'><strong>Lucia,</strong></span> <span class='ocrx_word' id='word_1_255' title='bbox 1382 3506 1545 3572; x_wconf 83' lang='lat' dir='ltr'><strong>Agne,</strong></span> <span class='ocrx_word' id='word_1_256' title='bbox 1573 3499 1791 3565; x_wconf 83' lang='lat' dir='ltr'><strong>Cecilia,</strong></span> <span class='ocrx_word' id='word_1_257' title='bbox 1814 3497 2113 3563; x_wconf 80' lang='lat' dir='ltr'><strong>Anastasia,</strong></span> <span class='ocrx_word' id='word_1_258' title='bbox 2143 3505 2189 3551; x_wconf 93' lang='lat' dir='ltr'><strong>et</strong></span> 
     </span>
    </p>
   </div>
   <div class='ocr_carea' id='block_1_38' title="bbox 608 3593 2185 3664">
    <p class='ocr_par' dir='ltr' id='par_1_38' title="bbox 608 3593 2185 3664">
     <span class='ocr_line' id='line_1_38' title="bbox 608 3593 2185 3664; baseline -0.007 -12"><span class='ocrx_word' id='word_1_259' title='bbox 608 3613 729 3652; x_wconf 89' lang='lat' dir='ltr'><strong>cum</strong></span> <span class='ocrx_word' id='word_1_260' title='bbox 757 3597 996 3651; x_wconf 90' lang='lat' dir='ltr'><strong>omnibus</strong></span> <span class='ocrx_word' id='word_1_261' title='bbox 1027 3594 1237 3658; x_wconf 75' lang='lat' dir='ltr'><strong>Sanctis</strong></span> <span class='ocrx_word' id='word_1_262' title='bbox 1268 3595 1391 3660; x_wconf 88' lang='lat' dir='ltr'><strong>tuis,</strong></span> <span class='ocrx_word' id='word_1_263' title='bbox 1425 3593 1566 3646; x_wconf 88' lang='lat' dir='ltr'><strong>intra</strong></span> <span class='ocrx_word' id='word_1_264' title='bbox 1584 3607 1803 3664; x_wconf 89' lang='lat' dir='ltr'><strong>quorum</strong></span> <span class='ocrx_word' id='word_1_265' title='bbox 1850 3606 1942 3644; x_wconf 91' lang='lat' dir='ltr'><strong>nos</strong></span> <span class='ocrx_word' id='word_1_266' title='bbox 1971 3604 2185 3642; x_wconf 88' lang='lat' dir='ltr'><strong>consor-</strong></span> 
     </span>
    </p>
   </div>
   <div class='ocr_carea' id='block_1_39' title="bbox 607 3679 2186 3747">
    <p class='ocr_par' dir='ltr' id='par_1_39' title="bbox 607 3679 2186 3747">
     <span class='ocr_line' id='line_1_39' title="bbox 607 3679 2186 3747; baseline -0.006 -7"><span class='ocrx_word' id='word_1_267' title='bbox 607 3687 737 3741; x_wconf 88' lang='lat' dir='ltr'><strong>tium</strong></span> <span class='ocrx_word' id='word_1_268' title='bbox 784 3702 885 3739; x_wconf 89' lang='lat' dir='ltr'><strong>non</strong></span> <span class='ocrx_word' id='word_1_269' title='bbox 941 3684 1229 3739; x_wconf 68' lang='lat' dir='ltr'><strong>aestimator</strong></span> <span class='ocrx_word' id='word_1_270' title='bbox 1265 3681 1458 3747; x_wconf 88' lang='lat' dir='ltr'><strong>meriti,</strong></span> <span class='ocrx_word' id='word_1_271' title='bbox 1519 3680 1611 3735; x_wconf 87' lang='lat' dir='ltr'><strong>sed</strong></span> <span class='ocrx_word' id='word_1_272' title='bbox 1667 3679 1830 3732; x_wconf 82' lang='lat' dir='ltr'><strong>venite</strong></span> <span class='ocrx_word' id='word_1_273' title='bbox 1889 3692 2186 3747; x_wconf 67' lang='lat' dir='ltr'><strong>quaesumus</strong></span> 
     </span>
    </p>
   </div>
   <div class='ocr_carea' id='block_1_40' title="bbox 605 3767 2190 3847">
    <p class='ocr_par' dir='ltr' id='par_1_40' title="bbox 605 3767 2190 3847">
     <span class='ocr_line' id='line_1_40' title="bbox 605 3767 2190 3847; baseline -0.004 -18"><span class='ocrx_word' id='word_1_274' title='bbox 605 3776 828 3847; x_wconf 85' lang='lat' dir='ltr'><strong>largitor</strong></span> <span class='ocrx_word' id='word_1_275' title='bbox 868 3775 1103 3839; x_wconf 83' lang='lat' dir='ltr'><strong>admitte,</strong></span> <span class='ocrx_word' id='word_1_276' title='bbox 1150 3791 1241 3845; x_wconf 88' lang='lat' dir='ltr'><strong>per</strong></span> <span class='ocrx_word' id='word_1_277' title='bbox 1288 3772 1554 3828; x_wconf 75' lang='lat' dir='ltr'><strong>Christum</strong></span> <span class='ocrx_word' id='word_1_278' title='bbox 1603 3771 1739 3825; x_wconf 88' lang='lat' dir='ltr'><strong>Dnm</strong></span> <span class='ocrx_word' id='word_1_279' title='bbox 1781 3780 2032 3824; x_wconf 87' lang='lat' dir='ltr'><strong>nostrum.</strong></span> <span class='ocrx_word' id='word_1_280' title='bbox 2065 3767 2190 3823; x_wconf 86' lang='lat' dir='ltr'><strong>Ideo</strong></span> 
     </span>
    </p>
   </div>
   <div class='ocr_carea' id='block_1_41' title="bbox 606 3857 2186 3937">
    <p class='ocr_par' dir='ltr' id='par_1_41' title="bbox 606 3857 2186 3937">
     <span class='ocr_line' id='line_1_41' title="bbox 606 3857 2186 3937; baseline -0.005 -19"><span class='ocrx_word' id='word_1_281' title='bbox 606 3865 884 3937; x_wconf 67' lang='lat' dir='ltr'><strong>prtcsumit</strong></span> <span class='ocrx_word' id='word_1_282' title='bbox 923 3879 1119 3935; x_wconf 87' lang='lat' dir='ltr'><strong>rogare</strong></span> <span class='ocrx_word' id='word_1_283' title='bbox 1151 3864 1316 3918; x_wconf 89' lang='lat' dir='ltr'><strong>Deum</strong></span> <span class='ocrx_word' id='word_1_284' title='bbox 1345 3860 1598 3917; x_wconf 89' lang='lat' dir='ltr'><strong>sacerdos</strong></span> <span class='ocrx_word' id='word_1_285' title='bbox 1629 3860 1784 3914; x_wconf 90' lang='lat' dir='ltr'><strong>nobis</strong></span> <span class='ocrx_word' id='word_1_286' title='bbox 1814 3857 1930 3913; x_wconf 89' lang='lat' dir='ltr'><strong>dari</strong></span> <span class='ocrx_word' id='word_1_287' title='bbox 1978 3866 2186 3927; x_wconf 79' lang='lat' dir='ltr'><strong>partem</strong></span> 
     </span>
    </p>
   </div>
   <div class='ocr_carea' id='block_1_42' title="bbox 607 3947 2184 4027">
    <p class='ocr_par' dir='ltr' id='par_1_42' title="bbox 607 3947 2184 4027">
     <span class='ocr_line' id='line_1_42' title="bbox 607 3947 2184 4027; baseline -0.008 -13"><span class='ocrx_word' id='word_1_288' title='bbox 607 3974 730 4014; x_wconf 90' lang='lat' dir='ltr'><strong>cum</strong></span> <span class='ocrx_word' id='word_1_289' title='bbox 780 3956 1019 4022; x_wconf 87' lang='lat' dir='ltr'><strong>Sanctis,</strong></span> <span class='ocrx_word' id='word_1_290' title='bbox 1040 3956 1181 4027; x_wconf 83' lang='lat' dir='ltr'><strong>quia</strong></span> <span class='ocrx_word' id='word_1_291' title='bbox 1218 3954 1351 4011; x_wconf 89' lang='lat' dir='ltr'><strong>nihil</strong></span> <span class='ocrx_word' id='word_1_292' title='bbox 1382 3954 1587 4009; x_wconf 87' lang='lat' dir='ltr'><strong>resistit</strong></span> <span class='ocrx_word' id='word_1_293' title='bbox 1612 3950 1878 4007; x_wconf 85' lang='lat' dir='ltr'><strong>voluntati</strong></span> <span class='ocrx_word' id='word_1_294' title='bbox 1906 3948 2025 4002; x_wconf 85' lang='lat' dir='ltr'><strong>Dei.</strong></span> <span class='ocrx_word' id='word_1_295' title='bbox 2069 3947 2184 4002; x_wconf 86' lang='lat' dir='ltr'><strong>Non</strong></span> 
     </span>
    </p>
   </div>
   <div class='ocr_carea' id='block_1_43' title="bbox 606 4035 2188 4113">
    <p class='ocr_par' dir='ltr' id='par_1_43' title="bbox 606 4035 2188 4113">
     <span class='ocr_line' id='line_1_43' title="bbox 606 4035 2188 4113; baseline -0.011 -7"><span class='ocrx_word' id='word_1_296' title='bbox 606 4048 749 4107; x_wconf 79' lang='lat' dir='ltr'><strong>enim</strong></span> <span class='ocrx_word' id='word_1_297' title='bbox 782 4048 991 4103; x_wconf 85' lang='lat' dir='ltr'><strong>meritis</strong></span> <span class='ocrx_word' id='word_1_298' title='bbox 1037 4061 1291 4101; x_wconf 78' lang='lat' dir='ltr'><strong>vocamur</strong></span> <span class='ocrx_word' id='word_1_299' title='bbox 1331 4044 1397 4098; x_wconf 89' lang='lat' dir='ltr'><strong>ad</strong></span> <span class='ocrx_word' id='word_1_300' title='bbox 1440 4058 1665 4113; x_wconf 79' lang='lat' dir='ltr'><strong>regnum</strong></span> <span class='ocrx_word' id='word_1_301' title='bbox 1717 4039 2059 4100; x_wconf 83' lang='lat' dir='ltr'><strong>Sanctorum,</strong></span> <span class='ocrx_word' id='word_1_302' title='bbox 2095 4035 2188 4092; x_wconf 86' lang='lat' dir='ltr'><strong>sed</strong></span> 
     </span>
    </p>
   </div>
   <div class='ocr_carea' id='block_1_44' title="bbox 606 4124 2186 4205">
    <p class='ocr_par' dir='ltr' id='par_1_44' title="bbox 606 4124 2186 4205">
     <span class='ocr_line' id='line_1_44' title="bbox 606 4124 2186 4205; baseline -0.01 -11"><span class='ocrx_word' id='word_1_303' title='bbox 606 4138 720 4194; x_wconf 83' lang='lat' dir='ltr'><strong>sola</strong></span> <span class='ocrx_word' id='word_1_304' title='bbox 746 4138 987 4193; x_wconf 82' lang='lat' dir='ltr'><strong>bonitate</strong></span> <span class='ocrx_word' id='word_1_305' title='bbox 1014 4137 1131 4201; x_wconf 90' lang='lat' dir='ltr'><strong>Dei,</strong></span> <span class='ocrx_word' id='word_1_306' title='bbox 1186 4152 1282 4205; x_wconf 90' lang='lat' dir='ltr'><strong>per</strong></span> <span class='ocrx_word' id='word_1_307' title='bbox 1317 4134 1455 4204; x_wconf 86' lang='lat' dir='ltr'><strong>Xpm</strong></span> <span class='ocrx_word' id='word_1_308' title='bbox 1498 4135 1634 4188; x_wconf 88' lang='lat' dir='ltr'><strong>Dum</strong></span> <span class='ocrx_word' id='word_1_309' title='bbox 1666 4139 1930 4194; x_wconf 91' lang='lat' dir='ltr'><strong>nostrum,</strong></span> <span class='ocrx_word' id='word_1_310' title='bbox 1963 4129 2053 4197; x_wconf 88' lang='lat' dir='ltr'><strong>qui</strong></span> <span class='ocrx_word' id='word_1_311' title='bbox 2103 4124 2186 4180; x_wconf 84' lang='lat' dir='ltr'><strong>fa—</strong></span> 
     </span>
    </p>
   </div>
   <div class='ocr_carea' id='block_1_45' title="bbox 607 4218 2188 4296">
    <p class='ocr_par' dir='ltr' id='par_1_45' title="bbox 607 4218 2188 4296">
     <span class='ocr_line' id='line_1_45' title="bbox 607 4218 2188 4296; baseline -0.008 -10"><span class='ocrx_word' id='word_1_312' title='bbox 607 4239 728 4286; x_wconf 90' lang='lat' dir='ltr'><strong>ctus</strong></span> <span class='ocrx_word' id='word_1_313' title='bbox 753 4239 836 4284; x_wconf 91' lang='lat' dir='ltr'><strong>est</strong></span> <span class='ocrx_word' id='word_1_314' title='bbox 863 4228 1151 4292; x_wconf 89' lang='lat' dir='ltr'><strong>mediator,</strong></span> <span class='ocrx_word' id='word_1_315' title='bbox 1196 4241 1355 4296; x_wconf 88' lang='lat' dir='ltr'><strong>quem</strong></span> <span class='ocrx_word' id='word_1_316' title='bbox 1393 4225 1712 4279; x_wconf 89' lang='lat' dir='ltr'><strong>advocatum</strong></span> <span class='ocrx_word' id='word_1_317' title='bbox 1750 4221 2015 4276; x_wconf 87' lang='lat' dir='ltr'><strong>habemus</strong></span> <span class='ocrx_word' id='word_1_318' title='bbox 2048 4218 2188 4288; x_wconf 88' lang='lat' dir='ltr'><strong>apud</strong></span> 
     </span>
    </p>
   </div>
   <div class='ocr_carea' id='block_1_46' title="bbox 606 4306 2188 4386">
    <p class='ocr_par' dir='ltr' id='par_1_46' title="bbox 606 4306 2188 4386">
     <span class='ocr_line' id='line_1_46' title="bbox 606 4306 2188 4386; baseline -0.009 -10"><span class='ocrx_word' id='word_1_319' title='bbox 606 4321 844 4377; x_wconf 85' lang='lat' dir='ltr'><strong>Patrem.</strong></span> <span class='ocrx_word' id='word_1_320' title='bbox 891 4315 1058 4385; x_wconf 87' lang='lat' dir='ltr'><strong>Cujus</strong></span> <span class='ocrx_word' id='word_1_321' title='bbox 1097 4316 1299 4386; x_wconf 87' lang='lat' dir='ltr'><strong>pietate</strong></span> <span class='ocrx_word' id='word_1_322' title='bbox 1330 4328 1394 4368; x_wconf 86' lang='lat' dir='ltr'><strong>ac</strong></span> <span class='ocrx_word' id='word_1_323' title='bbox 1445 4314 1603 4367; x_wconf 87' lang='lat' dir='ltr'><strong>beata</strong></span> <span class='ocrx_word' id='word_1_324' title='bbox 1653 4310 1904 4380; x_wconf 86' lang='lat' dir='ltr'><strong>passione</strong></span> <span class='ocrx_word' id='word_1_325' title='bbox 1951 4306 2188 4363; x_wconf 89' lang='lat' dir='ltr'><strong>reconci-</strong></span> 
     </span>
    </p>
   </div>
   <div class='ocr_carea' id='block_1_47' title="bbox 606 4399 2182 4475">
    <p class='ocr_par' dir='ltr' id='par_1_47' title="bbox 606 4399 2182 4475">
     <span class='ocr_line' id='line_1_47' title="bbox 606 4399 2182 4475; baseline -0.008 -11"><span class='ocrx_word' id='word_1_326' title='bbox 606 4410 725 4465; x_wconf 89' lang='lat' dir='ltr'><strong>liati</strong></span> <span class='ocrx_word' id='word_1_327' title='bbox 753 4423 940 4463; x_wconf 88' lang='lat' dir='ltr'><strong>sumus</strong></span> <span class='ocrx_word' id='word_1_328' title='bbox 964 4407 1131 4462; x_wconf 81' lang='lat' dir='ltr'><strong>Patri.</strong></span> <span class='ocrx_word' id='word_1_329' title='bbox 1164 4404 1270 4459; x_wconf 88' lang='lat' dir='ltr'><strong>Per</strong></span> <span class='ocrx_word' id='word_1_330' title='bbox 1305 4419 1457 4475; x_wconf 90' lang='lat' dir='ltr'><strong>quem</strong></span> <span class='ocrx_word' id='word_1_331' title='bbox 1510 4401 1621 4456; x_wconf 71' lang='lat' dir='ltr'><strong>Ita&#39;c</strong></span> <span class='ocrx_word' id='word_1_332' title='bbox 1676 4401 1851 4455; x_wconf 88' lang='lat' dir='ltr'><strong>omnia</strong></span> <span class='ocrx_word' id='word_1_333' title='bbox 1895 4402 2029 4454; x_wconf 89' lang='lat' dir='ltr'><strong>bona</strong></span> <span class='ocrx_word' id='word_1_334' title='bbox 2072 4399 2182 4453; x_wconf 88' lang='lat' dir='ltr'><strong>Dne</strong></span> 
     </span>
    </p>
   </div>
   <div class='ocr_carea' id='block_1_48' title="bbox 604 4491 2185 4570">
    <p class='ocr_par' dir='ltr' id='par_1_48' title="bbox 604 4491 2185 4570">
     <span class='ocr_line' id='line_1_48' title="bbox 604 4491 2185 4570; baseline -0.006 -14"><span class='ocrx_word' id='word_1_335' title='bbox 604 4516 806 4570; x_wconf 87' lang='lat' dir='ltr'><strong>semper</strong></span> <span class='ocrx_word' id='word_1_336' title='bbox 830 4515 996 4555; x_wconf 83' lang='lat' dir='ltr'><strong>creas.</strong></span> <span class='ocrx_word' id='word_1_337' title='bbox 1027 4498 1188 4553; x_wconf 73' lang='lat' dir='ltr'><strong>Great</strong></span> <span class='ocrx_word' id='word_1_338' title='bbox 1210 4512 1272 4552; x_wconf 86' lang='lat' dir='ltr'><strong>ac</strong></span> <span class='ocrx_word' id='word_1_339' title='bbox 1295 4494 1482 4551; x_wconf 89' lang='lat' dir='ltr'><strong>condit</strong></span> <span class='ocrx_word' id='word_1_340' title='bbox 1499 4493 1661 4549; x_wconf 88' lang='lat' dir='ltr'><strong>Pater</strong></span> <span class='ocrx_word' id='word_1_341' title='bbox 1675 4507 1773 4562; x_wconf 90' lang='lat' dir='ltr'><strong>per</strong></span> <span class='ocrx_word' id='word_1_342' title='bbox 1801 4491 2022 4557; x_wconf 68' lang='lat' dir='ltr'><strong>Filium,</strong></span> <span class='ocrx_word' id='word_1_343' title='bbox 2051 4500 2111 4545; x_wconf 90' lang='lat' dir='ltr'><strong>ut</strong></span> <span class='ocrx_word' id='word_1_344' title='bbox 2132 4492 2185 4547; x_wconf 91' lang='lat' dir='ltr'><strong>in</strong></span> 
     </span>
    </p>
   </div>
   <div class='ocr_carea' id='block_1_49' title="bbox 606 4584 2189 4665">
    <p class='ocr_par' dir='ltr' id='par_1_49' title="bbox 606 4584 2189 4665">
     <span class='ocr_line' id='line_1_49' title="bbox 606 4584 2189 4665; baseline -0.008 -17"><span class='ocrx_word' id='word_1_345' title='bbox 606 4591 866 4665; x_wconf 86' lang='lat' dir='ltr'><strong>mysterio</strong></span> <span class='ocrx_word' id='word_1_346' title='bbox 893 4590 1080 4663; x_wconf 76' lang='lat' dir='ltr'><strong>gratia:</strong></span> <span class='ocrx_word' id='word_1_347' title='bbox 1106 4588 1299 4644; x_wconf 77' lang='lat' dir='ltr'><strong>divinae</strong></span> <span class='ocrx_word' id='word_1_348' title='bbox 1329 4586 1484 4641; x_wconf 89' lang='lat' dir='ltr'><strong>nobis</strong></span> <span class='ocrx_word' id='word_1_349' title='bbox 1508 4584 1739 4640; x_wconf 84' lang='lat' dir='ltr'><strong>traditur</strong></span> <span class='ocrx_word' id='word_1_350' title='bbox 1760 4598 1957 4653; x_wconf 88' lang='lat' dir='ltr'><strong>corpus</strong></span> <span class='ocrx_word' id='word_1_351' title='bbox 1983 4592 2038 4637; x_wconf 91' lang='lat' dir='ltr'><strong>et</strong></span> <span class='ocrx_word' id='word_1_352' title='bbox 2062 4598 2189 4637; x_wconf 84' lang='lat' dir='ltr'><strong>san-</strong></span> 
     </span>
    </p>
   </div>
   <div class='ocr_carea' id='block_1_50' title="bbox 605 4675 2184 4755">
    <p class='ocr_par' dir='ltr' id='par_1_50' title="bbox 605 4675 2184 4755">
     <span class='ocr_line' id='line_1_50' title="bbox 605 4675 2184 4755; baseline -0.005 -18"><span class='ocrx_word' id='word_1_353' title='bbox 605 4686 741 4755; x_wconf 88' lang='lat' dir='ltr'><strong>guis.</strong></span> <span class='ocrx_word' id='word_1_354' title='bbox 760 4683 1095 4747; x_wconf 75' lang='lat' dir='ltr'><strong>Sanctiﬁcas,</strong></span> <span class='ocrx_word' id='word_1_355' title='bbox 1117 4691 1175 4735; x_wconf 90' lang='lat' dir='ltr'><strong>ut</strong></span> <span class='ocrx_word' id='word_1_356' title='bbox 1209 4689 1263 4736; x_wconf 91' lang='lat' dir='ltr'><strong>et</strong></span> <span class='ocrx_word' id='word_1_357' title='bbox 1289 4694 1387 4734; x_wconf 86' lang='lat' dir='ltr'><strong>nos</strong></span> <span class='ocrx_word' id='word_1_358' title='bbox 1408 4675 1809 4733; x_wconf 89' lang='lat' dir='ltr'><strong>sanetiﬁeemur</strong></span> <span class='ocrx_word' id='word_1_359' title='bbox 1828 4689 1927 4747; x_wconf 89' lang='lat' dir='ltr'><strong>per</strong></span> <span class='ocrx_word' id='word_1_360' title='bbox 1940 4684 2184 4730; x_wconf 89' lang='lat' dir='ltr'><strong>sanctum</strong></span> 
     </span>
    </p>
   </div>
   <div class='ocr_carea' id='block_1_51' title="bbox 605 4763 2181 4839">
    <p class='ocr_par' dir='ltr' id='par_1_51' title="bbox 605 4763 2181 4839">
     <span class='ocr_line' id='line_1_51' title="bbox 605 4763 2181 4839; baseline -0.006 -11"><span class='ocrx_word' id='word_1_361' title='bbox 605 4772 951 4828; x_wconf 86' lang='lat' dir='ltr'><strong>sacriﬁcium.</strong></span> <span class='ocrx_word' id='word_1_362' title='bbox 980 4769 1241 4839; x_wconf 81' lang='lat' dir='ltr'><strong>Viviﬁcas.</strong></span> <span class='ocrx_word' id='word_1_363' title='bbox 1276 4767 1589 4823; x_wconf 85' lang='lat' dir='ltr'><strong>Viviﬁcatur</strong></span> <span class='ocrx_word' id='word_1_364' title='bbox 1612 4773 1800 4821; x_wconf 87' lang='lat' dir='ltr'><strong>saneta</strong></span> <span class='ocrx_word' id='word_1_365' title='bbox 1848 4763 2051 4820; x_wconf 89' lang='lat' dir='ltr'><strong>oblatio</strong></span> <span class='ocrx_word' id='word_1_366' title='bbox 2082 4780 2181 4834; x_wconf 88' lang='lat' dir='ltr'><strong>pa-</strong></span> 
     </span>
    </p>
   </div>
   <div class='ocr_carea' id='block_1_52' title="bbox 607 4856 2175 4931">
    <p class='ocr_par' dir='ltr' id='par_1_52' title="bbox 607 4856 2175 4931">
     <span class='ocr_line' id='line_1_52' title="bbox 607 4856 2175 4931; baseline -0.004 -14"><span class='ocrx_word' id='word_1_367' title='bbox 607 4864 691 4917; x_wconf 89' lang='lat' dir='ltr'><strong>nis</strong></span> <span class='ocrx_word' id='word_1_368' title='bbox 722 4871 775 4918; x_wconf 91' lang='lat' dir='ltr'><strong>et</strong></span> <span class='ocrx_word' id='word_1_369' title='bbox 802 4862 932 4927; x_wconf 81' lang='lat' dir='ltr'><strong>vini,</strong></span> <span class='ocrx_word' id='word_1_370' title='bbox 962 4863 1216 4931; x_wconf 87' lang='lat' dir='ltr'><strong>quatinus</strong></span> <span class='ocrx_word' id='word_1_371' title='bbox 1238 4859 1435 4914; x_wconf 86' lang='lat' dir='ltr'><strong>divinis</strong></span> <span class='ocrx_word' id='word_1_372' title='bbox 1466 4856 1740 4929; x_wconf 88' lang='lat' dir='ltr'><strong>mysteriis</strong></span> <span class='ocrx_word' id='word_1_373' title='bbox 1769 4857 2028 4925; x_wconf 86' lang='lat' dir='ltr'><strong>acceptis,</strong></span> <span class='ocrx_word' id='word_1_374' title='bbox 2066 4856 2175 4911; x_wconf 87' lang='lat' dir='ltr'><strong>vita</strong></span> 
     </span>
    </p>
   </div>
   <div class='ocr_carea' id='block_1_53' title="bbox 604 4947 2172 5011">
    <p class='ocr_par' dir='ltr' id='par_1_53' title="bbox 604 4947 2172 5011">
     <span class='ocr_line' id='line_1_53' title="bbox 604 4947 2172 5011; baseline -0.005 -1"><span class='ocrx_word' id='word_1_375' title='bbox 604 4964 804 5011; x_wconf 70' lang='lat' dir='ltr'><strong>aeterna</strong></span> <span class='ocrx_word' id='word_1_376' title='bbox 839 4953 1109 5008; x_wconf 88' lang='lat' dir='ltr'><strong>tribuatur</strong></span> <span class='ocrx_word' id='word_1_377' title='bbox 1155 4950 1419 5006; x_wconf 89' lang='lat' dir='ltr'><strong>ﬁdelibus.</strong></span> <span class='ocrx_word' id='word_1_378' title='bbox 1461 4948 1606 5004; x_wconf 87' lang='lat' dir='ltr'><strong>Bona</strong></span> <span class='ocrx_word' id='word_1_379' title='bbox 1648 4948 1856 5005; x_wconf 88' lang='lat' dir='ltr'><strong>scilicet</strong></span> <span class='ocrx_word' id='word_1_380' title='bbox 1886 4947 1987 5002; x_wconf 90' lang='lat' dir='ltr'><strong>Dni</strong></span> <span class='ocrx_word' id='word_1_381' title='bbox 2015 4962 2172 5003; x_wconf 88' lang='lat' dir='ltr'><strong>crea-</strong></span> 
     </span>
    </p>
   </div>
   <div class='ocr_carea' id='block_1_54' title="bbox 605 5039 2179 5114">
    <p class='ocr_par' dir='ltr' id='par_1_54' title="bbox 605 5039 2179 5114">
     <span class='ocr_line' id='line_1_54' title="bbox 605 5039 2179 5114; baseline -0.005 -14"><span class='ocrx_word' id='word_1_382' title='bbox 605 5056 758 5110; x_wconf 66' lang='lat' dir='ltr'><strong>turae,</strong></span> <span class='ocrx_word' id='word_1_383' title='bbox 788 5058 908 5114; x_wconf 73' lang='lat' dir='ltr'><strong>quae</strong></span> <span class='ocrx_word' id='word_1_384' title='bbox 934 5041 1089 5098; x_wconf 90' lang='lat' dir='ltr'><strong>nobis</strong></span> <span class='ocrx_word' id='word_1_385' title='bbox 1136 5040 1459 5111; x_wconf 87' lang='lat' dir='ltr'><strong>largiuntur,</strong></span> <span class='ocrx_word' id='word_1_386' title='bbox 1503 5039 2020 5114; x_wconf 86' lang='lat' dir='ltr'><strong>sanetiﬁcata_sunt,</strong></span> <span class='ocrx_word' id='word_1_387' title='bbox 2052 5040 2179 5108; x_wconf 87' lang='lat' dir='ltr'><strong>quia</strong></span> 
     </span>
    </p>
   </div>
   <div class='ocr_carea' id='block_1_55' title="bbox 600 5111 2177 5199">
    <p class='ocr_par' dir='ltr' id='par_1_55' title="bbox 600 5111 2177 5199">
     <span class='ocr_line' id='line_1_55' title="bbox 600 5111 2177 5199; baseline -0.006 -9"><span class='ocrx_word' id='word_1_388' title='bbox 600 5153 702 5192; x_wconf 84' lang='lat' dir='ltr'><strong>nos</strong></span> <span class='ocrx_word' id='word_1_389' title='bbox 727 5111 1086 5192; x_wconf 80' lang='lat' dir='ltr'><strong>sanctiﬁcant.</strong></span> <span class='ocrx_word' id='word_1_390' title='bbox 1118 5131 1401 5187; x_wconf 78' lang='lat' dir='ltr'><strong>Viviﬁcata</strong></span> <span class='ocrx_word' id='word_1_391' title='bbox 1431 5147 1442 5182; x_wconf 92' lang='lat'><strong>:</strong></span> <span class='ocrx_word' id='word_1_392' title='bbox 1486 5144 1581 5199; x_wconf 89' lang='lat' dir='ltr'><strong>per</strong></span> <span class='ocrx_word' id='word_1_393' title='bbox 1609 5144 1726 5198; x_wconf 78' lang='lat' dir='ltr'><strong>quae</strong></span> <span class='ocrx_word' id='word_1_394' title='bbox 1766 5111 2042 5197; x_wconf 76' lang='lat' dir='ltr'><strong>prestatur</strong></span> <span class='ocrx_word' id='word_1_395' title='bbox 2072 5127 2177 5181; x_wconf 90' lang='lat' dir='ltr'><strong>vita</strong></span> 
     </span>
    </p>
   </div>
   <div class='ocr_carea' id='block_1_56' title="bbox 601 5219 2183 5291">
    <p class='ocr_par' dir='ltr' id='par_1_56' title="bbox 601 5219 2183 5291">
     <span class='ocr_line' id='line_1_56' title="bbox 601 5219 2183 5291; baseline -0.006 -8"><span class='ocrx_word' id='word_1_396' title='bbox 601 5229 777 5283; x_wconf 82' lang='lat' dir='ltr'><strong>beata.</strong></span> <span class='ocrx_word' id='word_1_397' title='bbox 810 5225 1134 5280; x_wconf 85' lang='lat' dir='ltr'><strong>Benedicta:</strong></span> <span class='ocrx_word' id='word_1_398' title='bbox 1193 5237 1290 5291; x_wconf 88' lang='lat' dir='ltr'><strong>per</strong></span> <span class='ocrx_word' id='word_1_399' title='bbox 1317 5236 1436 5290; x_wconf 66' lang='lat' dir='ltr'><strong>quae</strong></span> <span class='ocrx_word' id='word_1_400' title='bbox 1485 5220 1787 5275; x_wconf 89' lang='lat' dir='ltr'><strong>benedictio</strong></span> <span class='ocrx_word' id='word_1_401' title='bbox 1832 5219 2081 5290; x_wconf 88' lang='lat' dir='ltr'><strong>corporis</strong></span> <span class='ocrx_word' id='word_1_402' title='bbox 2126 5227 2183 5274; x_wconf 88' lang='lat' dir='ltr'><strong>et</strong></span> 
     </span>
    </p>
   </div>
   <div class='ocr_carea' id='block_1_57' title="bbox 603 5309 2180 5385">
    <p class='ocr_par' dir='ltr' id='par_1_57' title="bbox 603 5309 2180 5385">
     <span class='ocr_line' id='line_1_57' title="bbox 603 5309 2180 5385; baseline -0.005 -13"><span class='ocrx_word' id='word_1_403' title='bbox 603 5316 881 5385; x_wconf 85' lang='lat' dir='ltr'><strong>sanguinis</strong></span> <span class='ocrx_word' id='word_1_404' title='bbox 935 5316 1095 5369; x_wconf 89' lang='lat' dir='ltr'><strong>datur</strong></span> <span class='ocrx_word' id='word_1_405' title='bbox 1135 5312 1312 5367; x_wconf 88' lang='lat' dir='ltr'><strong>nobis.</strong></span> <span class='ocrx_word' id='word_1_406' title='bbox 1364 5309 1467 5364; x_wconf 85' lang='lat' dir='ltr'><strong>Per</strong></span> <span class='ocrx_word' id='word_1_407' title='bbox 1495 5312 1685 5380; x_wconf 84' lang='lat' dir='ltr'><strong>ipsum,</strong></span> <span class='ocrx_word' id='word_1_408' title='bbox 1725 5321 1772 5365; x_wconf 92' lang='lat' dir='ltr'><strong>et</strong></span> <span class='ocrx_word' id='word_1_409' title='bbox 1817 5326 1936 5365; x_wconf 87' lang='lat' dir='ltr'><strong>cum</strong></span> <span class='ocrx_word' id='word_1_410' title='bbox 1965 5311 2097 5379; x_wconf 84' lang='lat' dir='ltr'><strong>ipso,</strong></span> <span class='ocrx_word' id='word_1_411' title='bbox 2132 5320 2180 5365; x_wconf 87' lang='lat' dir='ltr'><strong>et</strong></span> 
     </span>
    </p>
   </div>
   <div class='ocr_carea' id='block_1_58' title="bbox 602 5398 2184 5476">
    <p class='ocr_par' dir='ltr' id='par_1_58' title="bbox 602 5398 2184 5476">
     <span class='ocr_line' id='line_1_58' title="bbox 602 5398 2184 5476; baseline -0.003 -17"><span class='ocrx_word' id='word_1_412' title='bbox 602 5406 657 5459; x_wconf 88' lang='lat' dir='ltr'><strong>iu</strong></span> <span class='ocrx_word' id='word_1_413' title='bbox 685 5406 814 5476; x_wconf 86' lang='lat' dir='ltr'><strong>ipso,</strong></span> <span class='ocrx_word' id='word_1_414' title='bbox 840 5414 915 5459; x_wconf 91' lang='lat' dir='ltr'><strong>est</strong></span> <span class='ocrx_word' id='word_1_415' title='bbox 951 5404 1041 5459; x_wconf 88' lang='lat' dir='ltr'><strong>tibi</strong></span> <span class='ocrx_word' id='word_1_416' title='bbox 1063 5403 1176 5458; x_wconf 87' lang='lat' dir='ltr'><strong>Deo</strong></span> <span class='ocrx_word' id='word_1_417' title='bbox 1206 5400 1360 5456; x_wconf 89' lang='lat' dir='ltr'><strong>Patri</strong></span> <span class='ocrx_word' id='word_1_418' title='bbox 1408 5402 1742 5468; x_wconf 86' lang='lat' dir='ltr'><strong>omnipotenti</strong></span> <span class='ocrx_word' id='word_1_419' title='bbox 1771 5401 1825 5454; x_wconf 87' lang='lat' dir='ltr'><strong>in</strong></span> <span class='ocrx_word' id='word_1_420' title='bbox 1840 5401 2038 5455; x_wconf 86' lang='lat' dir='ltr'><strong>unitate</strong></span> <span class='ocrx_word' id='word_1_421' title='bbox 2063 5398 2184 5469; x_wconf 84' lang='lat' dir='ltr'><strong>Spi—</strong></span> 
     </span>
    </p>
   </div>
   <div class='ocr_carea' id='block_1_59' title="bbox 603 5489 2182 5560">
    <p class='ocr_par' dir='ltr' id='par_1_59' title="bbox 603 5489 2182 5560">
     <span class='ocr_line' id='line_1_59' title="bbox 603 5489 2182 5560; baseline -0.003 -12"><span class='ocrx_word' id='word_1_422' title='bbox 603 5496 729 5550; x_wconf 85' lang='lat' dir='ltr'><strong>ritus</strong></span> <span class='ocrx_word' id='word_1_423' title='bbox 754 5495 922 5550; x_wconf 88' lang='lat' dir='ltr'><strong>sancti</strong></span> <span class='ocrx_word' id='word_1_424' title='bbox 956 5497 1123 5549; x_wconf 84' lang='lat' dir='ltr'><strong>omnis</strong></span> <span class='ocrx_word' id='word_1_425' title='bbox 1149 5496 1314 5548; x_wconf 79' lang='lat' dir='ltr'><strong>honor</strong></span> <span class='ocrx_word' id='word_1_426' title='bbox 1356 5502 1404 5546; x_wconf 89' lang='lat' dir='ltr'><strong>et</strong></span> <span class='ocrx_word' id='word_1_427' title='bbox 1429 5491 1616 5560; x_wconf 81' lang='lat' dir='ltr'><strong>gloria.</strong></span> <span class='ocrx_word' id='word_1_428' title='bbox 1661 5489 1757 5544; x_wconf 87' lang='lat' dir='ltr'><strong>Est</strong></span> <span class='ocrx_word' id='word_1_429' title='bbox 1782 5492 1957 5546; x_wconf 89' lang='lat' dir='ltr'><strong>bonor</strong></span> <span class='ocrx_word' id='word_1_430' title='bbox 1991 5499 2047 5545; x_wconf 87' lang='lat' dir='ltr'><strong>ct</strong></span> <span class='ocrx_word' id='word_1_431' title='bbox 2070 5490 2182 5560; x_wconf 87' lang='lat' dir='ltr'><strong>glo—</strong></span> 
     </span>
    </p>
   </div>
   <div class='ocr_carea' id='block_1_60' title="bbox 604 5581 2177 5654">
    <p class='ocr_par' dir='ltr' id='par_1_60' title="bbox 604 5581 2177 5654">
     <span class='ocr_line' id='line_1_60' title="bbox 604 5581 2177 5654; baseline -0.005 -12"><span class='ocrx_word' id='word_1_432' title='bbox 604 5603 682 5642; x_wconf 84' lang='lat' dir='ltr'><strong>rta</strong></span> <span class='ocrx_word' id='word_1_433' title='bbox 714 5586 885 5651; x_wconf 82' lang='lat' dir='ltr'><strong>Patri,</strong></span> <span class='ocrx_word' id='word_1_434' title='bbox 917 5587 1011 5641; x_wconf 89' lang='lat' dir='ltr'><strong>sed</strong></span> <span class='ocrx_word' id='word_1_435' title='bbox 1056 5602 1180 5639; x_wconf 87' lang='lat' dir='ltr'><strong>cum</strong></span> <span class='ocrx_word' id='word_1_436' title='bbox 1214 5585 1372 5648; x_wconf 85' lang='lat' dir='ltr'><strong>Filio,</strong></span> <span class='ocrx_word' id='word_1_437' title='bbox 1410 5600 1508 5654; x_wconf 89' lang='lat' dir='ltr'><strong>per</strong></span> <span class='ocrx_word' id='word_1_438' title='bbox 1535 5597 1694 5652; x_wconf 88' lang='lat' dir='ltr'><strong>quem</strong></span> <span class='ocrx_word' id='word_1_439' title='bbox 1745 5581 1925 5636; x_wconf 88' lang='lat' dir='ltr'><strong>omnia</strong></span> <span class='ocrx_word' id='word_1_440' title='bbox 1955 5581 2177 5644; x_wconf 88' lang='lat' dir='ltr'><strong>creavit,</strong></span> 
     </span>
    </p>
   </div>
   <div class='ocr_carea' id='block_1_61' title="bbox 606 5671 2178 5743">
    <p class='ocr_par' dir='ltr' id='par_1_61' title="bbox 606 5671 2178 5743">
     <span class='ocr_line' id='line_1_61' title="bbox 606 5671 2178 5743; baseline 0.001 -19"><span class='ocrx_word' id='word_1_441' title='bbox 606 5688 854 5741; x_wconf 75' lang='lat' dir='ltr'><strong>cumquo</strong></span> <span class='ocrx_word' id='word_1_442' title='bbox 877 5684 1065 5733; x_wconf 80' lang='lat' dir='ltr'><strong>cuncta</strong></span> <span class='ocrx_word' id='word_1_443' title='bbox 1104 5674 1268 5743; x_wconf 77' lang='lat' dir='ltr'><strong>cmpit</strong></span> <span class='ocrx_word' id='word_1_444' title='bbox 1295 5671 1494 5738; x_wconf 77' lang='lat' dir='ltr'><strong>facere,</strong></span> <span class='ocrx_word' id='word_1_445' title='bbox 1523 5680 1576 5727; x_wconf 90' lang='lat' dir='ltr'><strong>et</strong></span> <span class='ocrx_word' id='word_1_446' title='bbox 1604 5671 1659 5725; x_wconf 91' lang='lat' dir='ltr'><strong>in</strong></span> <span class='ocrx_word' id='word_1_447' title='bbox 1696 5687 1803 5742; x_wconf 88' lang='lat' dir='ltr'><strong>quo</strong></span> <span class='ocrx_word' id='word_1_448' title='bbox 1831 5679 1955 5726; x_wconf 87' lang='lat' dir='ltr'><strong>sunt</strong></span> <span class='ocrx_word' id='word_1_449' title='bbox 1998 5671 2178 5727; x_wconf 88' lang='lat' dir='ltr'><strong>omnia</strong></span> 
     </span>
    </p>
   </div>
   <div class='ocr_carea' id='block_1_62' title="bbox 2300 494 3759 568">
    <p class='ocr_par' dir='ltr' id='par_1_62' title="bbox 2300 494 3759 568">
     <span class='ocr_line' id='line_1_62' title="bbox 2300 494 3759 568; baseline 0.003 -15"><span class='ocrx_word' id='word_1_450' title='bbox 2300 498 2504 568; x_wconf 85' lang='lat' dir='ltr'><strong>Spiritu</strong></span> <span class='ocrx_word' id='word_1_451' title='bbox 2541 504 2749 559; x_wconf 89' lang='lat' dir='ltr'><strong>sancto,</strong></span> <span class='ocrx_word' id='word_1_452' title='bbox 2775 510 2872 566; x_wconf 87' lang='lat' dir='ltr'><strong>per</strong></span> <span class='ocrx_word' id='word_1_453' title='bbox 2901 510 3060 564; x_wconf 87' lang='lat' dir='ltr'><strong>quem</strong></span> <span class='ocrx_word' id='word_1_454' title='bbox 3100 494 3418 562; x_wconf 82' lang='lat' dir='ltr'><strong>viviﬁcatur,</strong></span> <span class='ocrx_word' id='word_1_455' title='bbox 3445 507 3497 553; x_wconf 90' lang='lat' dir='ltr'><strong>et</strong></span> <span class='ocrx_word' id='word_1_456' title='bbox 3538 501 3759 558; x_wconf 67' lang='lat' dir='ltr'><strong>sanctiﬁcs</strong></span> 
     </span>
    </p>
   </div>
   <div class='ocr_carea' id='block_1_63' title="bbox 2298 587 3766 661">
    <p class='ocr_par' dir='ltr' id='par_1_63' title="bbox 2298 587 3766 661">
     <span class='ocr_line' id='line_1_63' title="bbox 2298 587 3766 661; baseline 0.001 -15"><span class='ocrx_word' id='word_1_457' title='bbox 2298 600 2406 657; x_wconf 92' lang='lat' dir='ltr'><strong>tur,</strong></span> <span class='ocrx_word' id='word_1_458' title='bbox 2436 606 2556 661; x_wconf 63' lang='lat' dir='ltr'><strong>quae</strong></span> <span class='ocrx_word' id='word_1_459' title='bbox 2606 603 2675 643; x_wconf 81' lang='lat' dir='ltr'><strong>ex</strong></span> <span class='ocrx_word' id='word_1_460' title='bbox 2705 589 2843 658; x_wconf 87' lang='lat' dir='ltr'><strong>ipso,</strong></span> <span class='ocrx_word' id='word_1_461' title='bbox 2888 595 2944 642; x_wconf 90' lang='lat' dir='ltr'><strong>et</strong></span> <span class='ocrx_word' id='word_1_462' title='bbox 2983 602 3081 657; x_wconf 88' lang='lat' dir='ltr'><strong>per</strong></span> <span class='ocrx_word' id='word_1_463' title='bbox 3106 587 3300 642; x_wconf 85' lang='lat' dir='ltr'><strong>Filium</strong></span> <span class='ocrx_word' id='word_1_464' title='bbox 3350 587 3484 644; x_wconf 76' lang='lat' dir='ltr'><strong>facta</strong></span> <span class='ocrx_word' id='word_1_465' title='bbox 3528 604 3766 649; x_wconf 78' lang='lat' dir='ltr'><strong>noscuntur.</strong></span> 
     </span>
    </p>
   </div>
   <div class='ocr_carea' id='block_1_64' title="bbox 2301 677 3768 740">
    <p class='ocr_par' dir='ltr' id='par_1_64' title="bbox 2301 677 3768 740">
     <span class='ocr_line' id='line_1_64' title="bbox 2301 677 3768 740; baseline 0.004 -6"><span class='ocrx_word' id='word_1_466' title='bbox 2301 681 2403 737; x_wconf 85' lang='lat' dir='ltr'><strong>Per</strong></span> <span class='ocrx_word' id='word_1_467' title='bbox 2424 681 2600 736; x_wconf 85' lang='lat' dir='ltr'><strong>omnia</strong></span> <span class='ocrx_word' id='word_1_468' title='bbox 2627 678 2821 734; x_wconf 73' lang='lat' dir='ltr'><strong>stecula</strong></span> <span class='ocrx_word' id='word_1_469' title='bbox 2844 677 3176 733; x_wconf 67' lang='lat' dir='ltr'><strong>surculorum.</strong></span> <span class='ocrx_word' id='word_1_470' title='bbox 3203 678 3405 733; x_wconf 65' lang='lat' dir='ltr'><strong>Saecula</strong></span> <span class='ocrx_word' id='word_1_471' title='bbox 3433 681 3699 737; x_wconf 61' lang='lat' dir='ltr'><strong>saeculorum</strong></span> <span class='ocrx_word' id='word_1_472' title='bbox 3718 687 3768 740; x_wconf 80' lang='lat' dir='ltr'><strong>di-</strong></span> 
     </span>
    </p>
   </div>
   <div class='ocr_carea' id='block_1_65' title="bbox 2296 768 3771 839">
    <p class='ocr_par' dir='ltr' id='par_1_65' title="bbox 2296 768 3771 839">
     <span class='ocr_line' id='line_1_65' title="bbox 2296 768 3771 839; baseline -0.007 -14"><span class='ocrx_word' id='word_1_473' title='bbox 2296 778 2509 837; x_wconf 91' lang='lat' dir='ltr'><strong>cuntur,</strong></span> <span class='ocrx_word' id='word_1_474' title='bbox 2542 769 2681 824; x_wconf 88' lang='lat' dir='ltr'><strong>sicut</strong></span> <span class='ocrx_word' id='word_1_475' title='bbox 2714 777 2899 824; x_wconf 85' lang='lat' dir='ltr'><strong>sancta</strong></span> <span class='ocrx_word' id='word_1_476' title='bbox 2928 776 3274 832; x_wconf 90' lang='lat' dir='ltr'><strong>sanctorum;</strong></span> <span class='ocrx_word' id='word_1_477' title='bbox 3315 768 3414 823; x_wconf 79' lang='lat' dir='ltr'><strong>hoc</strong></span> <span class='ocrx_word' id='word_1_478' title='bbox 3438 778 3533 835; x_wconf 87' lang='lat' dir='ltr'><strong>est,</strong></span> <span class='ocrx_word' id='word_1_479' title='bbox 3566 785 3645 839; x_wconf 87' lang='lat' dir='ltr'><strong>per</strong></span> <span class='ocrx_word' id='word_1_480' title='bbox 3665 783 3771 830; x_wconf 69' lang='grc' dir='ltr'><strong>εια.</strong></span> 
     </span>
    </p>
   </div>
   <div class='ocr_carea' id='block_1_66' title="bbox 2294 858 3772 930">
    <p class='ocr_par' dir='ltr' id='par_1_66' title="bbox 2294 858 3772 930">
     <span class='ocr_line' id='line_1_66' title="bbox 2294 858 3772 930; baseline -0.001 -12"><span class='ocrx_word' id='word_1_481' title='bbox 2294 880 2363 918; x_wconf 89' lang='lat' dir='ltr'><strong>na</strong></span> <span class='ocrx_word' id='word_1_482' title='bbox 2395 863 2610 919; x_wconf 85' lang='lat' dir='ltr'><strong>saecula.</strong></span> <span class='ocrx_word' id='word_1_483' title='bbox 2645 860 2749 917; x_wconf 85' lang='lat' dir='ltr'><strong>Per</strong></span> <span class='ocrx_word' id='word_1_484' title='bbox 2766 875 2926 930; x_wconf 89' lang='lat' dir='ltr'><strong>quem</strong></span> <span class='ocrx_word' id='word_1_485' title='bbox 2949 859 3102 924; x_wconf 83' lang='lat' dir='ltr'><strong>vivit,</strong></span> <span class='ocrx_word' id='word_1_486' title='bbox 3128 868 3186 915; x_wconf 90' lang='lat' dir='ltr'><strong>et</strong></span> <span class='ocrx_word' id='word_1_487' title='bbox 3211 867 3400 929; x_wconf 85' lang='lat' dir='ltr'><strong>regnat</strong></span> <span class='ocrx_word' id='word_1_488' title='bbox 3420 858 3582 924; x_wconf 86' lang='lat' dir='ltr'><strong>Pater,</strong></span> <span class='ocrx_word' id='word_1_489' title='bbox 3599 861 3772 927; x_wconf 58' lang='lat' dir='ltr'><strong>vivit,»</strong></span> 
     </span>
    </p>
   </div>
   <div class='ocr_carea' id='block_1_67' title="bbox 2294 946 3771 1025">
    <p class='ocr_par' dir='ltr' id='par_1_67' title="bbox 2294 946 3771 1025">
     <span class='ocr_line' id='line_1_67' title="bbox 2294 946 3771 1025; baseline -0.001 -16"><span class='ocrx_word' id='word_1_490' title='bbox 2294 962 2483 1025; x_wconf 87' lang='lat' dir='ltr'><strong>regnat</strong></span> <span class='ocrx_word' id='word_1_491' title='bbox 2532 951 2740 1017; x_wconf 84' lang='lat' dir='ltr'><strong>Filius,</strong></span> <span class='ocrx_word' id='word_1_492' title='bbox 2794 949 2949 1014; x_wconf 81' lang='lat' dir='ltr'><strong>vivit,</strong></span> <span class='ocrx_word' id='word_1_493' title='bbox 2999 958 3057 1004; x_wconf 89' lang='lat' dir='ltr'><strong>et</strong></span> <span class='ocrx_word' id='word_1_494' title='bbox 3102 957 3291 1018; x_wconf 83' lang='lat' dir='ltr'><strong>regnat</strong></span> <span class='ocrx_word' id='word_1_495' title='bbox 3334 946 3555 1016; x_wconf 84' lang='lat' dir='ltr'><strong>Spiritus</strong></span> <span class='ocrx_word' id='word_1_496' title='bbox 3601 960 3771 1008; x_wconf 79' lang='lat' dir='ltr'><strong>sanctus.</strong></span> 
     </span>
    </p>
   </div>
   <div class='ocr_carea' id='block_1_68' title="bbox 2292 1037 3772 1111">
    <p class='ocr_par' dir='ltr' id='par_1_68' title="bbox 2292 1037 3772 1111">
     <span class='ocr_line' id='line_1_68' title="bbox 2292 1037 3772 1111; baseline -0.005 -11"><span class='ocrx_word' id='word_1_497' title='bbox 2292 1047 2480 1111; x_wconf 83' lang='lat' dir='ltr'><strong>Amen,</strong></span> <span class='ocrx_word' id='word_1_498' title='bbox 2505 1044 2556 1099; x_wconf 93' lang='lat' dir='ltr'><strong>id</strong></span> <span class='ocrx_word' id='word_1_499' title='bbox 2582 1052 2665 1099; x_wconf 89' lang='lat' dir='ltr'><strong>est</strong></span> <span class='ocrx_word' id='word_1_500' title='bbox 2691 1057 2790 1096; x_wconf 81' lang='lat' dir='ltr'><strong>vox</strong></span> <span class='ocrx_word' id='word_1_501' title='bbox 2816 1040 3076 1104; x_wconf 83' lang='lat' dir='ltr'><strong>ﬁdelium,</strong></span> <span class='ocrx_word' id='word_1_502' title='bbox 3108 1047 3164 1095; x_wconf 91' lang='lat' dir='ltr'><strong>et</strong></span> <span class='ocrx_word' id='word_1_503' title='bbox 3191 1038 3514 1094; x_wconf 88' lang='lat' dir='ltr'><strong>credentium</strong></span> <span class='ocrx_word' id='word_1_504' title='bbox 3541 1037 3587 1092; x_wconf 89' lang='lat' dir='ltr'><strong>in</strong></span> <span class='ocrx_word' id='word_1_505' title='bbox 3621 1040 3772 1094; x_wconf 73' lang='lat' dir='ltr'><strong>trinita-</strong></span> 
     </span>
    </p>
   </div>
   <div class='ocr_carea' id='block_1_69' title="bbox 2295 1127 3777 1198">
    <p class='ocr_par' dir='ltr' id='par_1_69' title="bbox 2295 1127 3777 1198">
     <span class='ocr_line' id='line_1_69' title="bbox 2295 1127 3777 1198; baseline -0.004 -9"><span class='ocrx_word' id='word_1_506' title='bbox 2295 1144 2401 1190; x_wconf 92' lang='lat' dir='ltr'><strong>tem</strong></span> <span class='ocrx_word' id='word_1_507' title='bbox 2430 1142 2484 1189; x_wconf 91' lang='lat' dir='ltr'><strong>et</strong></span> <span class='ocrx_word' id='word_1_508' title='bbox 2504 1132 2787 1187; x_wconf 89' lang='lat' dir='ltr'><strong>unitatem.</strong></span> <span class='ocrx_word' id='word_1_509' title='bbox 2810 1130 2982 1184; x_wconf 81' lang='lat' dir='ltr'><strong>Amen</strong></span> <span class='ocrx_word' id='word_1_510' title='bbox 3010 1128 3267 1183; x_wconf 85' lang='lat' dir='ltr'><strong>hebreum</strong></span> <span class='ocrx_word' id='word_1_511' title='bbox 3291 1136 3393 1191; x_wconf 87' lang='lat' dir='ltr'><strong>est,</strong></span> <span class='ocrx_word' id='word_1_512' title='bbox 3421 1128 3552 1196; x_wconf 89' lang='lat' dir='ltr'><strong>quod</strong></span> <span class='ocrx_word' id='word_1_513' title='bbox 3571 1127 3627 1180; x_wconf 88' lang='lat' dir='ltr'><strong>ab</strong></span> <span class='ocrx_word' id='word_1_514' title='bbox 3642 1127 3777 1198; x_wconf 81' lang='lat' dir='ltr'><strong>aliqui-</strong></span> 
     </span>
    </p>
   </div>
   <div class='ocr_carea' id='block_1_70' title="bbox 2291 1217 3775 1293">
    <p class='ocr_par' dir='ltr' id='par_1_70' title="bbox 2291 1217 3775 1293">
     <span class='ocr_line' id='line_1_70' title="bbox 2291 1217 3775 1293; baseline -0.006 -12"><span class='ocrx_word' id='word_1_515' title='bbox 2291 1227 2395 1281; x_wconf 88' lang='lat' dir='ltr'><strong>bus</strong></span> <span class='ocrx_word' id='word_1_516' title='bbox 2419 1223 2805 1293; x_wconf 87' lang='lat' dir='ltr'><strong>interpretibus</strong></span> <span class='ocrx_word' id='word_1_517' title='bbox 2847 1222 3237 1290; x_wconf 86' lang='lat' dir='ltr'><strong>interpretatur</strong></span> <span class='ocrx_word' id='word_1_518' title='bbox 3272 1233 3397 1273; x_wconf 88' lang='lat' dir='ltr'><strong>vere</strong></span> <span class='ocrx_word' id='word_1_519' title='bbox 3440 1226 3490 1273; x_wconf 89' lang='lat' dir='ltr'><strong>et</strong></span> <span class='ocrx_word' id='word_1_520' title='bbox 3516 1217 3775 1283; x_wconf 78' lang='lat' dir='ltr'><strong>ﬁdeliter,sb</strong></span> 
     </span>
    </p>
   </div>
   <div class='ocr_carea' id='block_1_71' title="bbox 2292 1313 2724 1381">
    <p class='ocr_par' dir='ltr' id='par_1_71' title="bbox 2292 1313 2724 1381">
     <span class='ocr_line' id='line_1_71' title="bbox 2292 1313 2724 1381; baseline -0.009 -11"><span class='ocrx_word' id='word_1_521' title='bbox 2292 1315 2432 1381; x_wconf 87' lang='lat' dir='ltr'><strong>aliis,</strong></span> <span class='ocrx_word' id='word_1_522' title='bbox 2460 1329 2587 1369; x_wconf 86' lang='lat' dir='ltr'><strong>vere</strong></span> <span class='ocrx_word' id='word_1_523' title='bbox 2613 1313 2724 1367; x_wconf 88' lang='lat' dir='ltr'><strong>ﬁat.</strong></span> 
     </span>
    </p>
   </div>
   <div class='ocr_carea' id='block_1_72' title="bbox 2362 1399 3779 1475">
    <p class='ocr_par' dir='ltr' id='par_1_72' title="bbox 2362 1399 3779 1475">
     <span class='ocr_line' id='line_1_72' title="bbox 2362 1399 3779 1475; baseline -0.005 -15"><span class='ocrx_word' id='word_1_524' title='bbox 2362 1405 2607 1468; x_wconf 87' lang='lat' dir='ltr'><strong>Oremus,</strong></span> <span class='ocrx_word' id='word_1_525' title='bbox 2650 1404 2919 1475; x_wconf 73' lang='lat' dir='ltr'><strong>praeceptis</strong></span> <span class='ocrx_word' id='word_1_526' title='bbox 2968 1401 3288 1456; x_wconf 83' lang='lat' dir='ltr'><strong>salutaribus</strong></span> <span class='ocrx_word' id='word_1_527' title='bbox 3343 1399 3536 1453; x_wconf 88' lang='lat' dir='ltr'><strong>moniti.</strong></span> <span class='ocrx_word' id='word_1_528' title='bbox 3565 1399 3779 1468; x_wconf 57' lang='lat' dir='ltr'><strong>Praecpta</strong></span> 
     </span>
    </p>
   </div>
   <div class='ocr_carea' id='block_1_73' title="bbox 2288 1491 3780 1561">
    <p class='ocr_par' dir='ltr' id='par_1_73' title="bbox 2288 1491 3780 1561">
     <span class='ocr_line' id='line_1_73' title="bbox 2288 1491 3780 1561; baseline -0.003 -9"><span class='ocrx_word' id='word_1_529' title='bbox 2288 1498 2432 1553; x_wconf 89' lang='lat' dir='ltr'><strong>enim</strong></span> <span class='ocrx_word' id='word_1_530' title='bbox 2477 1495 2824 1558; x_wconf 88' lang='lat' dir='ltr'><strong>salutaribus,</strong></span> <span class='ocrx_word' id='word_1_531' title='bbox 2868 1494 2920 1550; x_wconf 91' lang='lat' dir='ltr'><strong>id</strong></span> <span class='ocrx_word' id='word_1_532' title='bbox 2974 1502 3078 1556; x_wconf 88' lang='lat' dir='ltr'><strong>est,</strong></span> <span class='ocrx_word' id='word_1_533' title='bbox 3110 1492 3211 1547; x_wconf 90' lang='lat' dir='ltr'><strong>Dni</strong></span> <span class='ocrx_word' id='word_1_534' title='bbox 3262 1491 3569 1555; x_wconf 80' lang='lat' dir='ltr'><strong>Salvatoris,</strong></span> <span class='ocrx_word' id='word_1_535' title='bbox 3601 1491 3677 1561; x_wconf 89' lang='lat' dir='ltr'><strong>qui</strong></span> <span class='ocrx_word' id='word_1_536' title='bbox 3713 1506 3780 1547; x_wconf 78' lang='lat' dir='ltr'><strong>nos</strong></span> 
     </span>
    </p>
   </div>
   <div class='ocr_carea' id='block_1_74' title="bbox 2289 1581 3779 1650">
    <p class='ocr_par' dir='ltr' id='par_1_74' title="bbox 2289 1581 3779 1650">
     <span class='ocr_line' id='line_1_74' title="bbox 2289 1581 3779 1650; baseline -0.008 -5"><span class='ocrx_word' id='word_1_537' title='bbox 2289 1587 2406 1645; x_wconf 88' lang='lat' dir='ltr'><strong>sine</strong></span> <span class='ocrx_word' id='word_1_538' title='bbox 2431 1586 2631 1642; x_wconf 84' lang='lat' dir='ltr'><strong>nostris</strong></span> <span class='ocrx_word' id='word_1_539' title='bbox 2663 1585 2868 1639; x_wconf 89' lang='lat' dir='ltr'><strong>meritis</strong></span> <span class='ocrx_word' id='word_1_540' title='bbox 2893 1582 3141 1650; x_wconf 85' lang='lat' dir='ltr'><strong>salvavit,</strong></span> <span class='ocrx_word' id='word_1_541' title='bbox 3172 1583 3362 1638; x_wconf 87' lang='lat' dir='ltr'><strong>moniti</strong></span> <span class='ocrx_word' id='word_1_542' title='bbox 3385 1596 3586 1644; x_wconf 85' lang='lat' dir='ltr'><strong>sumus;</strong></span> <span class='ocrx_word' id='word_1_543' title='bbox 3612 1581 3703 1649; x_wconf 85' lang='lat' dir='ltr'><strong>ipso</strong></span> <span class='ocrx_word' id='word_1_544' title='bbox 3727 1592 3779 1634; x_wconf 57' lang='lat' dir='ltr'><strong>at.</strong></span> 
     </span>
    </p>
   </div>
   <div class='ocr_carea' id='block_1_75' title="bbox 2290 1671 3779 1745">
    <p class='ocr_par' dir='ltr' id='par_1_75' title="bbox 2290 1671 3779 1745">
     <span class='ocr_line' id='line_1_75' title="bbox 2290 1671 3779 1745; baseline -0.007 -12"><span class='ocrx_word' id='word_1_545' title='bbox 2290 1685 2524 1733; x_wconf 87' lang='lat' dir='ltr'><strong>testante</strong></span> <span class='ocrx_word' id='word_1_546' title='bbox 2585 1673 2867 1745; x_wconf 89' lang='lat' dir='ltr'><strong>discipulis</strong></span> <span class='ocrx_word' id='word_1_547' title='bbox 2926 1674 3094 1730; x_wconf 83' lang='lat' dir='ltr'><strong>suis:</strong></span> <span class='ocrx_word' id='word_1_548' title='bbox 3150 1673 3230 1729; x_wconf 88' lang='lat' dir='ltr'><strong>sic</strong></span> <span class='ocrx_word' id='word_1_549' title='bbox 3297 1672 3443 1728; x_wconf 89' lang='lat' dir='ltr'><strong>enim</strong></span> <span class='ocrx_word' id='word_1_550' title='bbox 3501 1671 3718 1725; x_wconf 85' lang='lat' dir='ltr'><strong>orabitis:</strong></span> <span class='ocrx_word' id='word_1_551' title='bbox 3749 1680 3779 1723; x_wconf 79' lang='lat' dir='ltr'><strong>tt</strong></span> 
     </span>
    </p>
   </div>
   <div class='ocr_carea' id='block_1_76' title="bbox 2222 1757 3782 1835">
    <p class='ocr_par' dir='ltr' id='par_1_76' title="bbox 2222 1757 3782 1835">
     <span class='ocr_line' id='line_1_76' title="bbox 2222 1757 3782 1835; baseline -0.005 -12"><span class='ocrx_word' id='word_1_552' title='bbox 2222 1757 2264 1815; x_wconf 81' lang='grc' dir='ltr'><strong>Β</strong></span> <span class='ocrx_word' id='word_1_553' title='bbox 2290 1768 2468 1824; x_wconf 83' lang='lat' dir='ltr'><strong>diuina</strong></span> <span class='ocrx_word' id='word_1_554' title='bbox 2511 1768 2831 1821; x_wconf 81' lang='lat' dir='ltr'><strong>institutione</strong></span> <span class='ocrx_word' id='word_1_555' title='bbox 2876 1764 3090 1835; x_wconf 74' lang='lat' dir='ltr'><strong>formati</strong></span> <span class='ocrx_word' id='word_1_556' title='bbox 3131 1764 3387 1819; x_wconf 87' lang='lat' dir='ltr'><strong>audemus</strong></span> <span class='ocrx_word' id='word_1_557' title='bbox 3430 1763 3604 1817; x_wconf 82' lang='lat' dir='ltr'><strong>dicere.</strong></span> <span class='ocrx_word' id='word_1_558' title='bbox 3630 1761 3675 1816; x_wconf 84' lang='lat' dir='ltr'><strong>Si</strong></span> <span class='ocrx_word' id='word_1_559' title='bbox 3697 1776 3782 1816; x_wconf 78' lang='lat' dir='ltr'><strong>vero</strong></span> 
     </span>
    </p>
   </div>
   <div class='ocr_carea' id='block_1_77' title="bbox 2290 1851 3781 1928">
    <p class='ocr_par' dir='ltr' id='par_1_77' title="bbox 2290 1851 3781 1928">
     <span class='ocr_line' id='line_1_77' title="bbox 2290 1851 3781 1928; baseline -0.007 -13"><span class='ocrx_word' id='word_1_560' title='bbox 2290 1858 2407 1928; x_wconf 87' lang='lat' dir='ltr'><strong>ejus</strong></span> <span class='ocrx_word' id='word_1_561' title='bbox 2438 1858 2659 1914; x_wconf 89' lang='lat' dir='ltr'><strong>monitis</strong></span> <span class='ocrx_word' id='word_1_562' title='bbox 2687 1867 2745 1914; x_wconf 91' lang='lat' dir='ltr'><strong>et</strong></span> <span class='ocrx_word' id='word_1_563' title='bbox 2763 1857 2943 1913; x_wconf 90' lang='lat' dir='ltr'><strong>divina</strong></span> <span class='ocrx_word' id='word_1_564' title='bbox 2965 1855 3307 1913; x_wconf 88' lang='lat' dir='ltr'><strong>institutione</strong></span> <span class='ocrx_word' id='word_1_565' title='bbox 3338 1854 3546 1909; x_wconf 80' lang='lat' dir='ltr'><strong>formati</strong></span> <span class='ocrx_word' id='word_1_566' title='bbox 3572 1851 3781 1913; x_wconf 82' lang='lat' dir='ltr'><strong>fuerimus,</strong></span> 
     </span>
    </p>
   </div>
   <div class='ocr_carea' id='block_1_78' title="bbox 2290 1943 3782 2015">
    <p class='ocr_par' dir='ltr' id='par_1_78' title="bbox 2290 1943 3782 2015">
     <span class='ocr_line' id='line_1_78' title="bbox 2290 1943 3782 2015; baseline -0.008 -10"><span class='ocrx_word' id='word_1_567' title='bbox 2290 1958 2439 2005; x_wconf 88' lang='lat' dir='ltr'><strong>recte</strong></span> <span class='ocrx_word' id='word_1_568' title='bbox 2496 1948 2680 2004; x_wconf 88' lang='lat' dir='ltr'><strong>dicere</strong></span> <span class='ocrx_word' id='word_1_569' title='bbox 2714 1946 3034 2003; x_wconf 85' lang='lat' dir='ltr'><strong>audebimus</strong></span> <span class='ocrx_word' id='word_1_570' title='bbox 3062 1945 3220 2002; x_wconf 87' lang='lat' dir='ltr'><strong>nobis</strong></span> <span class='ocrx_word' id='word_1_571' title='bbox 3269 1946 3340 2000; x_wconf 86' lang='lat' dir='ltr'><strong>ab</strong></span> <span class='ocrx_word' id='word_1_572' title='bbox 3391 1944 3505 2015; x_wconf 86' lang='lat' dir='ltr'><strong>ipso</strong></span> <span class='ocrx_word' id='word_1_573' title='bbox 3546 1943 3782 2012; x_wconf 68' lang='lat' dir='ltr'><strong>praedictam</strong></span> 
     </span>
    </p>
   </div>
   <div class='ocr_carea' id='block_1_79' title="bbox 2289 2030 3783 2108">
    <p class='ocr_par' dir='ltr' id='par_1_79' title="bbox 2289 2030 3783 2108">
     <span class='ocr_line' id='line_1_79' title="bbox 2289 2030 3783 2108; baseline -0.008 -13"><span class='ocrx_word' id='word_1_574' title='bbox 2289 2040 2590 2095; x_wconf 88' lang='lat' dir='ltr'><strong>orationem</strong></span> <span class='ocrx_word' id='word_1_575' title='bbox 2631 2037 3069 2108; x_wconf 83' lang='lat' dir='ltr'><strong>subsequentem.</strong></span> <span class='ocrx_word' id='word_1_576' title='bbox 3110 2033 3274 2090; x_wconf 89' lang='lat' dir='ltr'><strong>Pater</strong></span> <span class='ocrx_word' id='word_1_577' title='bbox 3331 2044 3523 2097; x_wconf 86' lang='lat' dir='ltr'><strong>noster,</strong></span> <span class='ocrx_word' id='word_1_578' title='bbox 3576 2033 3652 2103; x_wconf 76' lang='lat' dir='ltr'><strong>qui</strong></span> <span class='ocrx_word' id='word_1_579' title='bbox 3693 2030 3783 2085; x_wconf 81' lang='lat' dir='ltr'><strong>esis</strong></span> 
     </span>
    </p>
   </div>
   <div class='ocr_carea' id='block_1_80' title="bbox 2289 2123 3785 2189">
    <p class='ocr_par' dir='ltr' id='par_1_80' title="bbox 2289 2123 3785 2189">
     <span class='ocr_line' id='line_1_80' title="bbox 2289 2123 3785 2189; baseline -0.007 -5"><span class='ocrx_word' id='word_1_580' title='bbox 2289 2130 2447 2185; x_wconf 74' lang='lat' dir='ltr'><strong>cretis.</strong></span> <span class='ocrx_word' id='word_1_581' title='bbox 2483 2128 2609 2184; x_wconf 76' lang='lat' dir='ltr'><strong>Hazc</strong></span> <span class='ocrx_word' id='word_1_582' title='bbox 2629 2142 2733 2183; x_wconf 82' lang='lat' dir='ltr'><strong>vox</strong></span> <span class='ocrx_word' id='word_1_583' title='bbox 2764 2125 3028 2182; x_wconf 85' lang='lat' dir='ltr'><strong>libertatis</strong></span> <span class='ocrx_word' id='word_1_584' title='bbox 3051 2134 3154 2182; x_wconf 86' lang='lat' dir='ltr'><strong>est.</strong></span> <span class='ocrx_word' id='word_1_585' title='bbox 3177 2125 3396 2180; x_wconf 83' lang='lat' dir='ltr'><strong>Patrem</strong></span> <span class='ocrx_word' id='word_1_586' title='bbox 3420 2124 3706 2185; x_wconf 82' lang='lat' dir='ltr'><strong>invocamus,</strong></span> <span class='ocrx_word' id='word_1_587' title='bbox 3724 2123 3785 2189; x_wconf 81' lang='lat' dir='ltr'><strong>qui</strong></span> 
     </span>
    </p>
   </div>
   <div class='ocr_carea' id='block_1_81' title="bbox 2290 2211 3783 2288">
    <p class='ocr_par' dir='ltr' id='par_1_81' title="bbox 2290 2211 3783 2288">
     <span class='ocr_line' id='line_1_81' title="bbox 2290 2211 3783 2288; baseline -0.008 -13"><span class='ocrx_word' id='word_1_588' title='bbox 2290 2236 2390 2276; x_wconf 90' lang='lat' dir='ltr'><strong>nos</strong></span> <span class='ocrx_word' id='word_1_589' title='bbox 2415 2220 2639 2287; x_wconf 89' lang='lat' dir='ltr'><strong>creavit,</strong></span> <span class='ocrx_word' id='word_1_590' title='bbox 2676 2218 2803 2288; x_wconf 87' lang='lat' dir='ltr'><strong>quia</strong></span> <span class='ocrx_word' id='word_1_591' title='bbox 2825 2232 3016 2274; x_wconf 86' lang='lat' dir='ltr'><strong>omnes</strong></span> <span class='ocrx_word' id='word_1_592' title='bbox 3060 2217 3129 2272; x_wconf 89' lang='lat' dir='ltr'><strong>ab</strong></span> <span class='ocrx_word' id='word_1_593' title='bbox 3166 2231 3276 2272; x_wconf 92' lang='lat' dir='ltr'><strong>uno</strong></span> <span class='ocrx_word' id='word_1_594' title='bbox 3299 2215 3471 2271; x_wconf 87' lang='lat' dir='ltr'><strong>creati</strong></span> <span class='ocrx_word' id='word_1_595' title='bbox 3507 2228 3669 2269; x_wconf 83' lang='lat' dir='ltr'><strong>sumus</strong></span> <span class='ocrx_word' id='word_1_596' title='bbox 3694 2211 3783 2264; x_wconf 81' lang='lat' dir='ltr'><strong>Deo.</strong></span> 
     </span>
    </p>
   </div>
   <div class='ocr_carea' id='block_1_82' title="bbox 2290 2304 3787 2379">
    <p class='ocr_par' dir='ltr' id='par_1_82' title="bbox 2290 2304 3787 2379">
     <span class='ocr_line' id='line_1_82' title="bbox 2290 2304 3787 2379; baseline -0.007 -13"><span class='ocrx_word' id='word_1_597' title='bbox 2290 2308 2661 2379; x_wconf 82' lang='lat' dir='ltr'><strong>Sanctiﬁcelur</strong></span> <span class='ocrx_word' id='word_1_598' title='bbox 2689 2324 2877 2363; x_wconf 84' lang='lat' dir='ltr'><strong>nomen</strong></span> <span class='ocrx_word' id='word_1_599' title='bbox 2924 2319 3092 2362; x_wconf 87' lang='lat' dir='ltr'><strong>tuum.</strong></span> <span class='ocrx_word' id='word_1_600' title='bbox 3144 2306 3284 2361; x_wconf 80' lang='lat' dir='ltr'><strong>Num</strong></span> <span class='ocrx_word' id='word_1_601' title='bbox 3334 2304 3477 2375; x_wconf 82' lang='lat' dir='ltr'><strong>quod</strong></span> <span class='ocrx_word' id='word_1_602' title='bbox 3517 2319 3610 2358; x_wconf 89' lang='lat' dir='ltr'><strong>non</strong></span> <span class='ocrx_word' id='word_1_603' title='bbox 3635 2315 3787 2370; x_wconf 76' lang='lat' dir='ltr'><strong>semper</strong></span> 
     </span>
    </p>
   </div>
   <div class='ocr_carea' id='block_1_83' title="bbox 2288 2382 3787 2460">
    <p class='ocr_par' dir='ltr' id='par_1_83' title="bbox 2288 2382 3787 2460">
     <span class='ocr_line' id='line_1_83' title="bbox 2288 2382 3787 2460; baseline -0.008 -5"><span class='ocrx_word' id='word_1_604' title='bbox 2288 2398 2688 2456; x_wconf 88' lang='lat' dir='ltr'><strong>sanctiﬁcatum</strong></span> <span class='ocrx_word' id='word_1_605' title='bbox 2731 2396 2833 2452; x_wconf 87' lang='lat' dir='ltr'><strong>fuit</strong></span> <span class='ocrx_word' id='word_1_606' title='bbox 2858 2411 3054 2452; x_wconf 89' lang='lat' dir='ltr'><strong>nomen</strong></span> <span class='ocrx_word' id='word_1_607' title='bbox 3089 2396 3216 2460; x_wconf 85' lang='lat' dir='ltr'><strong>Dni,</strong></span> <span class='ocrx_word' id='word_1_608' title='bbox 3245 2382 3489 2459; x_wconf 86' lang='lat' dir='ltr'><strong>oramus,</strong></span> <span class='ocrx_word' id='word_1_609' title='bbox 3520 2402 3573 2447; x_wconf 93' lang='lat' dir='ltr'><strong>nt</strong></span> <span class='ocrx_word' id='word_1_610' title='bbox 3608 2393 3653 2446; x_wconf 87' lang='lat' dir='ltr'><strong>in</strong></span> <span class='ocrx_word' id='word_1_611' title='bbox 3681 2390 3787 2444; x_wconf 85' lang='lat' dir='ltr'><strong>nobis</strong></span> 
     </span>
    </p>
   </div>
   <div class='ocr_carea' id='block_1_84' title="bbox 2289 2480 3787 2557">
    <p class='ocr_par' dir='ltr' id='par_1_84' title="bbox 2289 2480 3787 2557">
     <span class='ocr_line' id='line_1_84' title="bbox 2289 2480 3787 2557; baseline -0.012 -8"><span class='ocrx_word' id='word_1_612' title='bbox 2289 2494 2359 2549; x_wconf 87' lang='lat' dir='ltr'><strong>sit</strong></span> <span class='ocrx_word' id='word_1_613' title='bbox 2383 2491 2774 2549; x_wconf 88' lang='lat' dir='ltr'><strong>sanctiﬁcatum</strong></span> <span class='ocrx_word' id='word_1_614' title='bbox 2802 2504 2994 2544; x_wconf 89' lang='lat' dir='ltr'><strong>nomen</strong></span> <span class='ocrx_word' id='word_1_615' title='bbox 3017 2488 3152 2557; x_wconf 89' lang='lat' dir='ltr'><strong>ejus.</strong></span> <span class='ocrx_word' id='word_1_616' title='bbox 3178 2480 3437 2541; x_wconf 78' lang='lat' dir='ltr'><strong>Adveniet</strong></span> <span class='ocrx_word' id='word_1_617' title='bbox 3466 2501 3656 2556; x_wconf 81' lang='lat' dir='ltr'><strong>regnum</strong></span> <span class='ocrx_word' id='word_1_618' title='bbox 3670 2494 3787 2536; x_wconf 72' lang='lat' dir='ltr'><strong>tam.</strong></span> 
     </span>
    </p>
   </div>
   <div class='ocr_carea' id='block_1_85' title="bbox 2291 2574 3788 2653">
    <p class='ocr_par' dir='ltr' id='par_1_85' title="bbox 2291 2574 3788 2653">
     <span class='ocr_line' id='line_1_85' title="bbox 2291 2574 3788 2653; baseline -0.009 -14"><span class='ocrx_word' id='word_1_619' title='bbox 2291 2585 2534 2653; x_wconf 79' lang='lat' dir='ltr'><strong>Regnum</strong></span> <span class='ocrx_word' id='word_1_620' title='bbox 2566 2582 2659 2637; x_wconf 91' lang='lat' dir='ltr'><strong>Dei</strong></span> <span class='ocrx_word' id='word_1_621' title='bbox 2688 2595 2900 2649; x_wconf 85' lang='lat' dir='ltr'><strong>semper</strong></span> <span class='ocrx_word' id='word_1_622' title='bbox 2926 2578 3049 2633; x_wconf 78' lang='lat' dir='ltr'><strong>fuit.</strong></span> <span class='ocrx_word' id='word_1_623' title='bbox 3072 2578 3328 2643; x_wconf 83' lang='lat' dir='ltr'><strong>Oramus,</strong></span> <span class='ocrx_word' id='word_1_624' title='bbox 3379 2586 3437 2631; x_wconf 93' lang='lat' dir='ltr'><strong>ut</strong></span> <span class='ocrx_word' id='word_1_625' title='bbox 3476 2576 3526 2629; x_wconf 92' lang='lat' dir='ltr'><strong>in</strong></span> <span class='ocrx_word' id='word_1_626' title='bbox 3558 2574 3687 2629; x_wconf 85' lang='lat' dir='ltr'><strong>nobis</strong></span> <span class='ocrx_word' id='word_1_627' title='bbox 3718 2587 3788 2624; x_wconf 82' lang='lat' dir='ltr'><strong>non</strong></span> 
     </span>
    </p>
   </div>
   <div class='ocr_carea' id='block_1_86' title="bbox 2291 2663 3790 2745">
    <p class='ocr_par' dir='ltr' id='par_1_86' title="bbox 2291 2663 3790 2745">
     <span class='ocr_line' id='line_1_86' title="bbox 2291 2663 3790 2745; baseline -0.009 -16"><span class='ocrx_word' id='word_1_628' title='bbox 2291 2682 2479 2745; x_wconf 82' lang='lat' dir='ltr'><strong>regnet</strong></span> <span class='ocrx_word' id='word_1_629' title='bbox 2508 2671 2774 2736; x_wconf 88' lang='lat' dir='ltr'><strong>diabolus,</strong></span> <span class='ocrx_word' id='word_1_630' title='bbox 2805 2684 2982 2740; x_wconf 89' lang='lat' dir='ltr'><strong>neque</strong></span> <span class='ocrx_word' id='word_1_631' title='bbox 3008 2668 3163 2733; x_wconf 87' lang='lat' dir='ltr'><strong>vitia,</strong></span> <span class='ocrx_word' id='word_1_632' title='bbox 3189 2668 3287 2723; x_wconf 87' lang='lat' dir='ltr'><strong>sed</strong></span> <span class='ocrx_word' id='word_1_633' title='bbox 3318 2682 3538 2738; x_wconf 90' lang='lat' dir='ltr'><strong>regnum</strong></span> <span class='ocrx_word' id='word_1_634' title='bbox 3579 2665 3659 2720; x_wconf 89' lang='lat' dir='ltr'><strong>Dei</strong></span> <span class='ocrx_word' id='word_1_635' title='bbox 3687 2663 3790 2717; x_wconf 79' lang='lat' dir='ltr'><strong>sitia</strong></span> 
     </span>
    </p>
   </div>
   <div class='ocr_carea' id='block_1_87' title="bbox 2292 2756 3790 2828">
    <p class='ocr_par' dir='ltr' id='par_1_87' title="bbox 2292 2756 3790 2828">
     <span class='ocr_line' id='line_1_87' title="bbox 2292 2756 3790 2828; baseline -0.011 -10"><span class='ocrx_word' id='word_1_636' title='bbox 2292 2765 2466 2818; x_wconf 87' lang='lat' dir='ltr'><strong>nobis.</strong></span> <span class='ocrx_word' id='word_1_637' title='bbox 2508 2761 2632 2815; x_wconf 87' lang='lat' dir='ltr'><strong>Fiat</strong></span> <span class='ocrx_word' id='word_1_638' title='bbox 2654 2760 2894 2816; x_wconf 77' lang='lat' dir='ltr'><strong>uoluntas</strong></span> <span class='ocrx_word' id='word_1_639' title='bbox 2915 2769 3007 2813; x_wconf 89' lang='lat' dir='ltr'><strong>tua</strong></span> <span class='ocrx_word' id='word_1_640' title='bbox 3045 2759 3181 2813; x_wconf 85' lang='lat' dir='ltr'><strong>sicut</strong></span> <span class='ocrx_word' id='word_1_641' title='bbox 3214 2758 3271 2828; x_wconf 85' lang='lat' dir='ltr'><strong>in</strong></span> <span class='ocrx_word' id='word_1_642' title='bbox 3295 2756 3425 2811; x_wconf 69' lang='lat' dir='ltr'><strong>calo</strong></span> <span class='ocrx_word' id='word_1_643' title='bbox 3453 2766 3499 2810; x_wconf 82' lang='lat' dir='ltr'><strong>et</strong></span> <span class='ocrx_word' id='word_1_644' title='bbox 3519 2757 3568 2809; x_wconf 87' lang='lat' dir='ltr'><strong>in</strong></span> <span class='ocrx_word' id='word_1_645' title='bbox 3593 2766 3730 2817; x_wconf 72' lang='lat' dir='ltr'><strong>terra;</strong></span> <span class='ocrx_word' id='word_1_646' title='bbox 3751 2759 3790 2804; x_wconf 85' lang='lat' dir='ltr'><strong>ut</strong></span> 
     </span>
    </p>
   </div>
   <div class='ocr_carea' id='block_1_88' title="bbox 2290 2847 3788 2908">
    <p class='ocr_par' dir='ltr' id='par_1_88' title="bbox 2290 2847 3788 2908">
     <span class='ocr_line' id='line_1_88' title="bbox 2290 2847 3788 2908; baseline -0.007 -1"><span class='ocrx_word' id='word_1_647' title='bbox 2290 2852 2552 2908; x_wconf 85' lang='lat' dir='ltr'><strong>eﬁlciatur</strong></span> <span class='ocrx_word' id='word_1_648' title='bbox 2574 2850 2821 2906; x_wconf 88' lang='lat' dir='ltr'><strong>voluntas</strong></span> <span class='ocrx_word' id='word_1_649' title='bbox 2845 2850 2938 2905; x_wconf 90' lang='lat' dir='ltr'><strong>Dei</strong></span> <span class='ocrx_word' id='word_1_650' title='bbox 2969 2850 3021 2903; x_wconf 89' lang='lat' dir='ltr'><strong>in</strong></span> <span class='ocrx_word' id='word_1_651' title='bbox 3049 2848 3207 2905; x_wconf 84' lang='lat' dir='ltr'><strong>nobis</strong></span> <span class='ocrx_word' id='word_1_652' title='bbox 3234 2847 3290 2902; x_wconf 89' lang='lat' dir='ltr'><strong>in</strong></span> <span class='ocrx_word' id='word_1_653' title='bbox 3313 2847 3503 2901; x_wconf 91' lang='lat' dir='ltr'><strong>timore</strong></span> <span class='ocrx_word' id='word_1_654' title='bbox 3522 2856 3788 2901; x_wconf 48' lang='lat' dir='ltr'><strong>consumunt.</strong></span> 
     </span>
    </p>
   </div>
   <div class='ocr_carea' id='block_1_89' title="bbox 2292 2937 3788 3019">
    <p class='ocr_par' dir='ltr' id='par_1_89' title="bbox 2292 2937 3788 3019">
     <span class='ocr_line' id='line_1_89' title="bbox 2292 2937 3788 3019; baseline -0.004 -16"><span class='ocrx_word' id='word_1_655' title='bbox 2292 2964 2413 3003; x_wconf 89' lang='lat' dir='ltr'><strong>mur</strong></span> <span class='ocrx_word' id='word_1_656' title='bbox 2434 2948 2765 3019; x_wconf 87' lang='lat' dir='ltr'><strong>angelorum,</strong></span> <span class='ocrx_word' id='word_1_657' title='bbox 2796 2955 2854 3000; x_wconf 95' lang='lat' dir='ltr'><strong>ut</strong></span> <span class='ocrx_word' id='word_1_658' title='bbox 2897 2945 3067 3000; x_wconf 90' lang='lat' dir='ltr'><strong>simus</strong></span> <span class='ocrx_word' id='word_1_659' title='bbox 3102 2943 3158 2998; x_wconf 91' lang='lat' dir='ltr'><strong>in</strong></span> <span class='ocrx_word' id='word_1_660' title='bbox 3186 2943 3472 3007; x_wconf 84' lang='lat' dir='ltr'><strong>societate,</strong></span> <span class='ocrx_word' id='word_1_661' title='bbox 3515 2956 3603 2995; x_wconf 86' lang='lat' dir='ltr'><strong>nos</strong></span> <span class='ocrx_word' id='word_1_662' title='bbox 3630 2937 3788 2997; x_wconf 72' lang='lat' dir='ltr'><strong>terreni.</strong></span> 
     </span>
    </p>
   </div>
   <div class='ocr_carea' id='block_1_90' title="bbox 2294 3027 3790 3111">
    <p class='ocr_par' dir='ltr' id='par_1_90' title="bbox 2294 3027 3790 3111">
     <span class='ocr_line' id='line_1_90' title="bbox 2294 3027 3790 3111; baseline -0.011 -14"><span class='ocrx_word' id='word_1_663' title='bbox 2294 3055 2649 3111; x_wconf 86' lang='lat' dir='ltr'><strong>supernorum</strong></span> <span class='ocrx_word' id='word_1_664' title='bbox 2675 3039 2898 3094; x_wconf 88' lang='lat' dir='ltr'><strong>civium.</strong></span> <span class='ocrx_word' id='word_1_665' title='bbox 2930 3035 3130 3089; x_wconf 82' lang='lat' dir='ltr'><strong>Panem</strong></span> <span class='ocrx_word' id='word_1_666' title='bbox 3158 3044 3399 3089; x_wconf 88' lang='lat' dir='ltr'><strong>nostrum</strong></span> <span class='ocrx_word' id='word_1_667' title='bbox 3428 3031 3725 3086; x_wconf 66' lang='lat' dir='ltr'><strong>cottidianum</strong></span> <span class='ocrx_word' id='word_1_668' title='bbox 3743 3027 3790 3080; x_wconf 76' lang='lat' dir='ltr'><strong>ds</strong></span> 
     </span>
    </p>
   </div>
   <div class='ocr_carea' id='block_1_91' title="bbox 2294 3118 3790 3197">
    <p class='ocr_par' dir='ltr' id='par_1_91' title="bbox 2294 3118 3790 3197">
     <span class='ocr_line' id='line_1_91' title="bbox 2294 3118 3790 3197; baseline -0.01 -10"><span class='ocrx_word' id='word_1_669' title='bbox 2294 3132 2440 3187; x_wconf 88' lang='lat' dir='ltr'><strong>nobis</strong></span> <span class='ocrx_word' id='word_1_670' title='bbox 2479 3130 2653 3194; x_wconf 81' lang='lat' dir='ltr'><strong>hodie,</strong></span> <span class='ocrx_word' id='word_1_671' title='bbox 2705 3128 2756 3182; x_wconf 92' lang='lat' dir='ltr'><strong>id</strong></span> <span class='ocrx_word' id='word_1_672' title='bbox 2804 3136 2888 3183; x_wconf 88' lang='lat' dir='ltr'><strong>est</strong></span> <span class='ocrx_word' id='word_1_673' title='bbox 2916 3140 3125 3197; x_wconf 27' lang='lat' dir='ltr'><strong>panem.</strong></span> <span class='ocrx_word' id='word_1_674' title='bbox 3149 3121 3709 3195; x_wconf 78' lang='lat' dir='ltr'><strong>supersubstantialetu,</strong></span> <span class='ocrx_word' id='word_1_675' title='bbox 3746 3118 3790 3171; x_wconf 78' lang='lat' dir='ltr'><strong>tle</strong></span> 
     </span>
    </p>
   </div>
   <div class='ocr_carea' id='block_1_92' title="bbox 2291 3206 3789 3292">
    <p class='ocr_par' dir='ltr' id='par_1_92' title="bbox 2291 3206 3789 3292">
     <span class='ocr_line' id='line_1_92' title="bbox 2291 3206 3789 3292; baseline -0.009 -18"><span class='ocrx_word' id='word_1_676' title='bbox 2291 3236 2398 3292; x_wconf 89' lang='lat' dir='ltr'><strong>quo</strong></span> <span class='ocrx_word' id='word_1_677' title='bbox 2441 3234 2580 3291; x_wconf 83' lang='lat' dir='ltr'><strong>pane</strong></span> <span class='ocrx_word' id='word_1_678' title='bbox 2609 3219 2720 3274; x_wconf 88' lang='lat' dir='ltr'><strong>Dus</strong></span> <span class='ocrx_word' id='word_1_679' title='bbox 2761 3217 2936 3272; x_wconf 81' lang='lat' dir='ltr'><strong>dixit:</strong></span> <span class='ocrx_word' id='word_1_680' title='bbox 2969 3215 3080 3286; x_wconf 87' lang='lat' dir='ltr'><strong>Ego</strong></span> <span class='ocrx_word' id='word_1_681' title='bbox 3101 3229 3221 3270; x_wconf 90' lang='lat' dir='ltr'><strong>sum</strong></span> <span class='ocrx_word' id='word_1_682' title='bbox 3262 3214 3425 3284; x_wconf 88' lang='lat' dir='ltr'><strong>panis</strong></span> <span class='ocrx_word' id='word_1_683' title='bbox 3467 3212 3627 3276; x_wconf 85' lang='lat' dir='ltr'><strong>vivus,</strong></span> <span class='ocrx_word' id='word_1_684' title='bbox 3651 3208 3720 3279; x_wconf 90' lang='lat' dir='ltr'><strong>qui</strong></span> <span class='ocrx_word' id='word_1_685' title='bbox 3746 3206 3789 3261; x_wconf 84' lang='lat' dir='ltr'><strong>de</strong></span> 
     </span>
    </p>
   </div>
   <div class='ocr_carea' id='block_1_93' title="bbox 2289 3303 3790 3375">
    <p class='ocr_par' dir='ltr' id='par_1_93' title="bbox 2289 3303 3790 3375">
     <span class='ocr_line' id='line_1_93' title="bbox 2289 3303 3790 3375; baseline -0.011 -6"><span class='ocrx_word' id='word_1_686' title='bbox 2289 3313 2432 3369; x_wconf 82' lang='lat' dir='ltr'><strong>coelo</strong></span> <span class='ocrx_word' id='word_1_687' title='bbox 2462 3310 2735 3375; x_wconf 88' lang='lat' dir='ltr'><strong>descendi,</strong></span> <span class='ocrx_word' id='word_1_688' title='bbox 2759 3319 2819 3363; x_wconf 90' lang='lat' dir='ltr'><strong>ut</strong></span> <span class='ocrx_word' id='word_1_689' title='bbox 2847 3307 2912 3363; x_wconf 91' lang='lat' dir='ltr'><strong>de</strong></span> <span class='ocrx_word' id='word_1_690' title='bbox 2936 3314 3123 3361; x_wconf 89' lang='lat' dir='ltr'><strong>saneto</strong></span> <span class='ocrx_word' id='word_1_691' title='bbox 3149 3304 3309 3359; x_wconf 86' lang='lat' dir='ltr'><strong>altari</strong></span> <span class='ocrx_word' id='word_1_692' title='bbox 3351 3303 3641 3358; x_wconf 85' lang='lat' dir='ltr'><strong>reﬁciamur</strong></span> <span class='ocrx_word' id='word_1_693' title='bbox 3657 3312 3790 3367; x_wconf 82' lang='lat' dir='ltr'><strong>corpo-</strong></span> 
     </span>
    </p>
   </div>
   <div class='ocr_carea' id='block_1_94' title="bbox 2291 3393 3790 3474">
    <p class='ocr_par' dir='ltr' id='par_1_94' title="bbox 2291 3393 3790 3474">
     <span class='ocr_line' id='line_1_94' title="bbox 2291 3393 3790 3474; baseline -0.011 -15"><span class='ocrx_word' id='word_1_694' title='bbox 2291 3421 2349 3460; x_wconf 88' lang='lat' dir='ltr'><strong>re</strong></span> <span class='ocrx_word' id='word_1_695' title='bbox 2368 3402 2492 3474; x_wconf 79' lang='lat' dir='ltr'><strong>Xpi.</strong></span> <span class='ocrx_word' id='word_1_696' title='bbox 2538 3401 2601 3456; x_wconf 83' lang='lat' dir='ltr'><strong>Et</strong></span> <span class='ocrx_word' id='word_1_697' title='bbox 2625 3400 2829 3455; x_wconf 84' lang='lat' dir='ltr'><strong>dimitte</strong></span> <span class='ocrx_word' id='word_1_698' title='bbox 2858 3398 3006 3453; x_wconf 89' lang='lat' dir='ltr'><strong>nobis</strong></span> <span class='ocrx_word' id='word_1_699' title='bbox 3051 3396 3225 3451; x_wconf 85' lang='lat' dir='ltr'><strong>debita</strong></span> <span class='ocrx_word' id='word_1_700' title='bbox 3272 3404 3476 3460; x_wconf 85' lang='lat' dir='ltr'><strong>nostra,</strong></span> <span class='ocrx_word' id='word_1_701' title='bbox 3518 3393 3634 3447; x_wconf 83' lang='lat' dir='ltr'><strong>sicut</strong></span> <span class='ocrx_word' id='word_1_702' title='bbox 3670 3400 3790 3443; x_wconf 67' lang='lat' dir='ltr'><strong>eteo:</strong></span> 
     </span>
    </p>
   </div>
   <div class='ocr_carea' id='block_1_95' title="bbox 2289 3480 3788 3552">
    <p class='ocr_par' dir='ltr' id='par_1_95' title="bbox 2289 3480 3788 3552">
     <span class='ocr_line' id='line_1_95' title="bbox 2289 3480 3788 3552; baseline -0.013 0"><span class='ocrx_word' id='word_1_703' title='bbox 2289 3498 2599 3552; x_wconf 87' lang='lat' dir='ltr'><strong>dimittimus</strong></span> <span class='ocrx_word' id='word_1_704' title='bbox 2622 3492 2940 3548; x_wconf 85' lang='lat' dir='ltr'><strong>debitoribus</strong></span> <span class='ocrx_word' id='word_1_705' title='bbox 2965 3490 3173 3544; x_wconf 88' lang='lat' dir='ltr'><strong>nostris.</strong></span> <span class='ocrx_word' id='word_1_706' title='bbox 3200 3488 3343 3543; x_wconf 87' lang='lat' dir='ltr'><strong>Ecce</strong></span> <span class='ocrx_word' id='word_1_707' title='bbox 3372 3485 3708 3543; x_wconf 87' lang='lat' dir='ltr'><strong>remissionem</strong></span> <span class='ocrx_word' id='word_1_708' title='bbox 3731 3480 3788 3533; x_wconf 87' lang='lat' dir='ltr'><strong>di-</strong></span> 
     </span>
    </p>
   </div>
   <div class='ocr_carea' id='block_1_96' title="bbox 2292 3570 3791 3655">
    <p class='ocr_par' dir='ltr' id='par_1_96' title="bbox 2292 3570 3791 3655">
     <span class='ocr_line' id='line_1_96' title="bbox 2292 3570 3791 3655; baseline -0.014 -12"><span class='ocrx_word' id='word_1_709' title='bbox 2292 3589 2486 3653; x_wconf 88' lang='lat' dir='ltr'><strong>cimus,</strong></span> <span class='ocrx_word' id='word_1_710' title='bbox 2511 3585 2656 3655; x_wconf 87' lang='lat' dir='ltr'><strong>quod</strong></span> <span class='ocrx_word' id='word_1_711' title='bbox 2683 3585 2737 3638; x_wconf 90' lang='lat' dir='ltr'><strong>in</strong></span> <span class='ocrx_word' id='word_1_712' title='bbox 2763 3581 3056 3652; x_wconf 82' lang='lat' dir='ltr'><strong>Evangelia</strong></span> <span class='ocrx_word' id='word_1_713' title='bbox 3092 3579 3204 3634; x_wconf 91' lang='lat' dir='ltr'><strong>Dns</strong></span> <span class='ocrx_word' id='word_1_714' title='bbox 3230 3578 3403 3653; x_wconf 82' lang='lat' dir='ltr'><strong>dicit:</strong></span> <span class='ocrx_word' id='word_1_715' title='bbox 3436 3575 3491 3631; x_wconf 92' lang='lat' dir='ltr'><strong>Si</strong></span> <span class='ocrx_word' id='word_1_716' title='bbox 3516 3590 3611 3629; x_wconf 87' lang='lat' dir='ltr'><strong>non</strong></span> <span class='ocrx_word' id='word_1_717' title='bbox 3631 3570 3791 3625; x_wconf 46' lang='lat' dir='ltr'><strong>remise.</strong></span> 
     </span>
    </p>
   </div>
   <div class='ocr_carea' id='block_1_97' title="bbox 2293 3661 3795 3747">
    <p class='ocr_par' dir='ltr' id='par_1_97' title="bbox 2293 3661 3795 3747">
     <span class='ocr_line' id='line_1_97' title="bbox 2293 3661 3795 3747; baseline -0.013 -15"><span class='ocrx_word' id='word_1_718' title='bbox 2293 3678 2412 3731; x_wconf 86' lang='lat' dir='ltr'><strong>ritis</strong></span> <span class='ocrx_word' id='word_1_719' title='bbox 2461 3684 2684 3747; x_wconf 87' lang='lat' dir='ltr'><strong>peccata</strong></span> <span class='ocrx_word' id='word_1_720' title='bbox 2729 3672 3028 3735; x_wconf 85' lang='lat' dir='ltr'><strong>hominum,</strong></span> <span class='ocrx_word' id='word_1_721' title='bbox 3058 3684 3157 3724; x_wconf 91' lang='lat' dir='ltr'><strong>nec</strong></span> <span class='ocrx_word' id='word_1_722' title='bbox 3180 3668 3348 3723; x_wconf 83' lang='lat' dir='ltr'><strong>Pater</strong></span> <span class='ocrx_word' id='word_1_723' title='bbox 3372 3666 3601 3724; x_wconf 65' lang='lat' dir='ltr'><strong>caelestis</strong></span> <span class='ocrx_word' id='word_1_724' title='bbox 3625 3661 3795 3718; x_wconf 78' lang='lat' dir='ltr'><strong>dimittet</strong></span> 
     </span>
    </p>
   </div>
   <div class='ocr_carea' id='block_1_98' title="bbox 2290 3754 3791 3843">
    <p class='ocr_par' dir='ltr' id='par_1_98' title="bbox 2290 3754 3791 3843">
     <span class='ocr_line' id='line_1_98' title="bbox 2290 3754 3791 3843; baseline -0.017 -16"><span class='ocrx_word' id='word_1_725' title='bbox 2290 3776 2509 3843; x_wconf 87' lang='lat' dir='ltr'><strong>peccata</strong></span> <span class='ocrx_word' id='word_1_726' title='bbox 2540 3776 2741 3822; x_wconf 87' lang='lat' dir='ltr'><strong>vestra.</strong></span> <span class='ocrx_word' id='word_1_727' title='bbox 2776 3765 2840 3819; x_wconf 84' lang='lat' dir='ltr'><strong>Et</strong></span> <span class='ocrx_word' id='word_1_728' title='bbox 2868 3781 2930 3818; x_wconf 90' lang='lat' dir='ltr'><strong>ne</strong></span> <span class='ocrx_word' id='word_1_729' title='bbox 2960 3779 3050 3816; x_wconf 86' lang='lat' dir='ltr'><strong>nos</strong></span> <span class='ocrx_word' id='word_1_730' title='bbox 3094 3761 3320 3815; x_wconf 88' lang='lat' dir='ltr'><strong>inducas</strong></span> <span class='ocrx_word' id='word_1_731' title='bbox 3364 3762 3421 3813; x_wconf 83' lang='lat' dir='ltr'><strong>in</strong></span> <span class='ocrx_word' id='word_1_732' title='bbox 3462 3754 3791 3825; x_wconf 68' lang='lat' dir='ltr'><strong>temptationem,</strong></span> 
     </span>
    </p>
   </div>
   <div class='ocr_carea' id='block_1_99' title="bbox 2290 3839 3791 3921">
    <p class='ocr_par' dir='ltr' id='par_1_99' title="bbox 2290 3839 3791 3921">
     <span class='ocr_line' id='line_1_99' title="bbox 2290 3839 3791 3921; baseline -0.015 -5"><span class='ocrx_word' id='word_1_733' title='bbox 2290 3839 2357 3916; x_wconf 79' lang='lat' dir='ltr'><strong>ne</strong></span> <span class='ocrx_word' id='word_1_734' title='bbox 2397 3876 2494 3915; x_wconf 92' lang='lat' dir='ltr'><strong>nos</strong></span> <span class='ocrx_word' id='word_1_735' title='bbox 2523 3859 2766 3914; x_wconf 88' lang='lat' dir='ltr'><strong>dimittas</strong></span> <span class='ocrx_word' id='word_1_736' title='bbox 2815 3855 3054 3910; x_wconf 89' lang='lat' dir='ltr'><strong>incidere</strong></span> <span class='ocrx_word' id='word_1_737' title='bbox 3084 3853 3138 3907; x_wconf 89' lang='lat' dir='ltr'><strong>in</strong></span> <span class='ocrx_word' id='word_1_738' title='bbox 3189 3850 3591 3921; x_wconf 88' lang='lat' dir='ltr'><strong>temptationem</strong></span> <span class='ocrx_word' id='word_1_739' title='bbox 3632 3839 3791 3899; x_wconf 77' lang='lat' dir='ltr'><strong>diaboli.</strong></span> 
     </span>
    </p>
   </div>
   <div class='ocr_carea' id='block_1_100' title="bbox 2293 3928 3792 4009">
    <p class='ocr_par' dir='ltr' id='par_1_100' title="bbox 2293 3928 3792 4009">
     <span class='ocr_line' id='line_1_100' title="bbox 2293 3928 3792 4009; baseline -0.017 -3"><span class='ocrx_word' id='word_1_740' title='bbox 2293 3950 2395 4006; x_wconf 89' lang='lat' dir='ltr'><strong>Sed</strong></span> <span class='ocrx_word' id='word_1_741' title='bbox 2436 3949 2598 4004; x_wconf 85' lang='lat' dir='ltr'><strong>libera</strong></span> <span class='ocrx_word' id='word_1_742' title='bbox 2646 3963 2737 4002; x_wconf 77' lang='lat' dir='ltr'><strong>nos</strong></span> <span class='ocrx_word' id='word_1_743' title='bbox 2781 3963 2814 3999; x_wconf 92' lang='lat' dir='ltr'><strong>a</strong></span> <span class='ocrx_word' id='word_1_744' title='bbox 2845 3944 3009 4009; x_wconf 87' lang='lat' dir='ltr'><strong>malo,</strong></span> <span class='ocrx_word' id='word_1_745' title='bbox 3060 3957 3090 3996; x_wconf 87' lang='lat' dir='ltr'><strong>a</strong></span> <span class='ocrx_word' id='word_1_746' title='bbox 3123 3941 3364 4000; x_wconf 81' lang='lat' dir='ltr'><strong>diabolo.</strong></span> <span class='ocrx_word' id='word_1_747' title='bbox 3411 3950 3468 3996; x_wconf 89' lang='lat' dir='ltr'><strong>et</strong></span> <span class='ocrx_word' id='word_1_748' title='bbox 3490 3936 3632 3993; x_wconf 87' lang='lat' dir='ltr'><strong>malis</strong></span> <span class='ocrx_word' id='word_1_749' title='bbox 3673 3928 3792 3987; x_wconf 81' lang='lat' dir='ltr'><strong>hend-</strong></span> 
     </span>
    </p>
   </div>
   <div class='ocr_carea' id='block_1_101' title="bbox 2290 4043 2468 4097">
    <p class='ocr_par' dir='ltr' id='par_1_101' title="bbox 2290 4043 2468 4097">
     <span class='ocr_line' id='line_1_101' title="bbox 2290 4043 2468 4097; baseline 0 0"><span class='ocrx_word' id='word_1_750' title='bbox 2290 4043 2468 4097; x_wconf 84' lang='lat' dir='ltr'><strong>nibus.</strong></span> 
     </span>
    </p>
   </div>
   <div class='ocr_carea' id='block_1_102' title="bbox 2359 4118 3791 4197">
    <p class='ocr_par' dir='ltr' id='par_1_102' title="bbox 2359 4118 3791 4197">
     <span class='ocr_line' id='line_1_102' title="bbox 2359 4118 3791 4197; baseline -0.012 -12"><span class='ocrx_word' id='word_1_751' title='bbox 2359 4131 2545 4185; x_wconf 89' lang='lat' dir='ltr'><strong>Libera</strong></span> <span class='ocrx_word' id='word_1_752' title='bbox 2584 4145 2678 4183; x_wconf 90' lang='lat' dir='ltr'><strong>nos</strong></span> <span class='ocrx_word' id='word_1_753' title='bbox 2705 4142 3003 4197; x_wconf 59' lang='lat' dir='ltr'><strong>quaesumus</strong></span> <span class='ocrx_word' id='word_1_754' title='bbox 3025 4124 3134 4178; x_wconf 85' lang='lat' dir='ltr'><strong>Due</strong></span> <span class='ocrx_word' id='word_1_755' title='bbox 3158 4126 3223 4179; x_wconf 87' lang='lat' dir='ltr'><strong>ab</strong></span> <span class='ocrx_word' id='word_1_756' title='bbox 3279 4123 3514 4178; x_wconf 83' lang='lat' dir='ltr'><strong>omnibus</strong></span> <span class='ocrx_word' id='word_1_757' title='bbox 3543 4118 3671 4174; x_wconf 80' lang='lat' dir='ltr'><strong>malis</strong></span> <span class='ocrx_word' id='word_1_758' title='bbox 3700 4126 3791 4181; x_wconf 70' lang='lat' dir='ltr'><strong>pnt-</strong></span> 
     </span>
    </p>
   </div>
   <div class='ocr_carea' id='block_1_103' title="bbox 2288 4201 3789 4290">
    <p class='ocr_par' dir='ltr' id='par_1_103' title="bbox 2288 4201 3789 4290">
     <span class='ocr_line' id='line_1_103' title="bbox 2288 4201 3789 4290; baseline -0.012 -15"><span class='ocrx_word' id='word_1_759' title='bbox 2288 4223 2475 4285; x_wconf 86' lang='lat' dir='ltr'><strong>terttis,</strong></span> <span class='ocrx_word' id='word_1_760' title='bbox 2518 4218 2876 4290; x_wconf 77' lang='lat' dir='ltr'><strong>prtesentibus,</strong></span> <span class='ocrx_word' id='word_1_761' title='bbox 2912 4228 2959 4271; x_wconf 92' lang='lat' dir='ltr'><strong>et</strong></span> <span class='ocrx_word' id='word_1_762' title='bbox 3008 4216 3222 4285; x_wconf 77' lang='lat' dir='ltr'><strong>futuris.</strong></span> <span class='ocrx_word' id='word_1_763' title='bbox 3258 4214 3327 4268; x_wconf 89' lang='lat' dir='ltr'><strong>Et</strong></span> <span class='ocrx_word' id='word_1_764' title='bbox 3363 4214 3466 4268; x_wconf 84' lang='lat' dir='ltr'><strong>hoc</strong></span> <span class='ocrx_word' id='word_1_765' title='bbox 3499 4211 3645 4266; x_wconf 83' lang='lat' dir='ltr'><strong>etiam</strong></span> <span class='ocrx_word' id='word_1_766' title='bbox 3677 4201 3789 4258; x_wconf 50' lang='lat' dir='ltr'><strong>nobis</strong></span> 
     </span>
    </p>
   </div>
   <div class='ocr_carea' id='block_1_104' title="bbox 2289 4300 3790 4383">
    <p class='ocr_par' dir='ltr' id='par_1_104' title="bbox 2289 4300 3790 4383">
     <span class='ocr_line' id='line_1_104' title="bbox 2289 4300 3790 4383; baseline -0.011 -16"><span class='ocrx_word' id='word_1_767' title='bbox 2289 4310 2688 4383; x_wconf 87' lang='lat' dir='ltr'><strong>postulandum,</strong></span> <span class='ocrx_word' id='word_1_768' title='bbox 2716 4319 2773 4363; x_wconf 88' lang='lat' dir='ltr'><strong>et</strong></span> <span class='ocrx_word' id='word_1_769' title='bbox 2819 4308 3046 4378; x_wconf 86' lang='lat' dir='ltr'><strong>supplici</strong></span> <span class='ocrx_word' id='word_1_770' title='bbox 3083 4322 3243 4377; x_wconf 87' lang='lat' dir='ltr'><strong>prece</strong></span> <span class='ocrx_word' id='word_1_771' title='bbox 3284 4309 3613 4374; x_wconf 82' lang='lat' dir='ltr'><strong>omnipotens</strong></span> <span class='ocrx_word' id='word_1_772' title='bbox 3648 4300 3790 4352; x_wconf 69' lang='lat' dir='ltr'><strong>Densa</strong></span> 
     </span>
    </p>
   </div>
   <div class='ocr_carea' id='block_1_105' title="bbox 2216 4387 3782 4494">
    <p class='ocr_par' dir='ltr' id='par_1_105' title="bbox 2216 4387 3782 4494">
     <span class='ocr_line' id='line_1_105' title="bbox 2216 4387 3782 4494; baseline -0.015 -36"><span class='ocrx_word' id='word_1_773' title='bbox 2216 4434 2265 4494; x_wconf 70' lang='grc' dir='ltr'>υ</span> <span class='ocrx_word' id='word_1_774' title='bbox 2293 4401 2451 4457; x_wconf 90' lang='lat' dir='ltr'><strong>nobis</strong></span> <span class='ocrx_word' id='word_1_775' title='bbox 2488 4400 2795 4457; x_wconf 79' lang='lat' dir='ltr'><strong>exorandus</strong></span> <span class='ocrx_word' id='word_1_776' title='bbox 2819 4407 2924 4463; x_wconf 90' lang='lat' dir='ltr'><strong>est,</strong></span> <span class='ocrx_word' id='word_1_777' title='bbox 2973 4408 3031 4452; x_wconf 90' lang='lat' dir='ltr'><strong>ut</strong></span> <span class='ocrx_word' id='word_1_778' title='bbox 3060 4412 3161 4451; x_wconf 89' lang='lat' dir='ltr'><strong>nos</strong></span> <span class='ocrx_word' id='word_1_779' title='bbox 3211 4412 3243 4451; x_wconf 87' lang='lat' dir='ltr'><strong>a</strong></span> <span class='ocrx_word' id='word_1_780' title='bbox 3284 4394 3647 4466; x_wconf 74' lang='lat' dir='ltr'><strong>praesentibus,</strong></span> <span class='ocrx_word' id='word_1_781' title='bbox 3672 4387 3709 4440; x_wconf 86' lang='lat' dir='ltr'><strong>id</strong></span> <span class='ocrx_word' id='word_1_782' title='bbox 3725 4391 3782 4437; x_wconf 71' lang='lat' dir='ltr'><strong>est</strong></span> 
     </span>
    </p>
   </div>
   <div class='ocr_carea' id='block_1_106' title="bbox 2292 4485 3791 4558">
    <p class='ocr_par' dir='ltr' id='par_1_106' title="bbox 2292 4485 3791 4558">
     <span class='ocr_line' id='line_1_106' title="bbox 2292 4485 3791 4558; baseline -0.013 -10"><span class='ocrx_word' id='word_1_783' title='bbox 2292 4509 2435 4549; x_wconf 90' lang='lat' dir='ltr'><strong>nunc</strong></span> <span class='ocrx_word' id='word_1_784' title='bbox 2467 4491 2793 4547; x_wconf 88' lang='lat' dir='ltr'><strong>instantibus</strong></span> <span class='ocrx_word' id='word_1_785' title='bbox 2823 4489 2976 4544; x_wconf 85' lang='lat' dir='ltr'><strong>malis</strong></span> <span class='ocrx_word' id='word_1_786' title='bbox 3023 4488 3242 4558; x_wconf 89' lang='lat' dir='ltr'><strong>eripiat,</strong></span> <span class='ocrx_word' id='word_1_787' title='bbox 3283 4497 3339 4543; x_wconf 91' lang='lat' dir='ltr'><strong>et</strong></span> <span class='ocrx_word' id='word_1_788' title='bbox 3376 4485 3649 4542; x_wconf 87' lang='lat' dir='ltr'><strong>secundum</strong></span> <span class='ocrx_word' id='word_1_789' title='bbox 3686 4485 3791 4530; x_wconf 74' lang='lat' dir='ltr'><strong>sum</strong></span> 
     </span>
    </p>
   </div>
   <div class='ocr_carea' id='block_1_107' title="bbox 2288 4561 3792 4655">
    <p class='ocr_par' dir='ltr' id='par_1_107' title="bbox 2288 4561 3792 4655">
     <span class='ocr_line' id='line_1_107' title="bbox 2288 4561 3792 4655; baseline -0.015 -18"><span class='ocrx_word' id='word_1_790' title='bbox 2288 4584 2589 4655; x_wconf 80' lang='lat' dir='ltr'><strong>largiﬂuum</strong></span> <span class='ocrx_word' id='word_1_791' title='bbox 2637 4580 3061 4637; x_wconf 88' lang='lat' dir='ltr'><strong>misericordiam</strong></span> <span class='ocrx_word' id='word_1_792' title='bbox 3118 4595 3148 4634; x_wconf 90' lang='lat' dir='ltr'><strong>a</strong></span> <span class='ocrx_word' id='word_1_793' title='bbox 3195 4576 3509 4648; x_wconf 62' lang='lat' dir='ltr'><strong>praeteritis,</strong></span> <span class='ocrx_word' id='word_1_794' title='bbox 3548 4586 3611 4627; x_wconf 86' lang='lat' dir='ltr'><strong>ne</strong></span> <span class='ocrx_word' id='word_1_795' title='bbox 3646 4567 3702 4621; x_wconf 82' lang='lat' dir='ltr'><strong>ad</strong></span> <span class='ocrx_word' id='word_1_796' title='bbox 3733 4561 3792 4615; x_wconf 73' lang='lat' dir='ltr'><strong>illa</strong></span> 
     </span>
    </p>
   </div>
   <div class='ocr_carea' id='block_1_108' title="bbox 2290 4658 3793 4740">
    <p class='ocr_par' dir='ltr' id='par_1_108' title="bbox 2290 4658 3793 4740">
     <span class='ocr_line' id='line_1_108' title="bbox 2290 4658 3793 4740; baseline -0.012 -11"><span class='ocrx_word' id='word_1_797' title='bbox 2290 4674 2612 4740; x_wconf 83' lang='lat' dir='ltr'><strong>referamur,</strong></span> <span class='ocrx_word' id='word_1_798' title='bbox 2669 4673 2911 4728; x_wconf 88' lang='lat' dir='ltr'><strong>liberet:</strong></span> <span class='ocrx_word' id='word_1_799' title='bbox 2958 4679 3017 4726; x_wconf 90' lang='lat' dir='ltr'><strong>et</strong></span> <span class='ocrx_word' id='word_1_800' title='bbox 3058 4686 3088 4725; x_wconf 90' lang='lat' dir='ltr'><strong>a</strong></span> <span class='ocrx_word' id='word_1_801' title='bbox 3142 4668 3343 4723; x_wconf 76' lang='lat' dir='ltr'><strong>futuris</strong></span> <span class='ocrx_word' id='word_1_802' title='bbox 3398 4668 3514 4737; x_wconf 88' lang='lat' dir='ltr'><strong>ipso</strong></span> <span class='ocrx_word' id='word_1_803' title='bbox 3568 4658 3793 4717; x_wconf 71' lang='lat' dir='ltr'><strong>auxilianle</strong></span> 
     </span>
    </p>
   </div>
   <div class='ocr_carea' id='block_1_109' title="bbox 2288 4751 3790 4836">
    <p class='ocr_par' dir='ltr' id='par_1_109' title="bbox 2288 4751 3790 4836">
     <span class='ocr_line' id='line_1_109' title="bbox 2288 4751 3790 4836; baseline -0.014 -13"><span class='ocrx_word' id='word_1_804' title='bbox 2288 4776 2561 4831; x_wconf 89' lang='lat' dir='ltr'><strong>secernat,</strong></span> <span class='ocrx_word' id='word_1_805' title='bbox 2584 4765 2676 4836; x_wconf 91' lang='lat' dir='ltr'><strong>qui</strong></span> <span class='ocrx_word' id='word_1_806' title='bbox 2697 4774 2781 4820; x_wconf 87' lang='lat' dir='ltr'><strong>est</strong></span> <span class='ocrx_word' id='word_1_807' title='bbox 2815 4763 3028 4834; x_wconf 87' lang='lat' dir='ltr'><strong>agnitor</strong></span> <span class='ocrx_word' id='word_1_808' title='bbox 3054 4760 3424 4831; x_wconf 52' lang='lat' dir='ltr'><strong>praesentium,</strong></span> <span class='ocrx_word' id='word_1_809' title='bbox 3451 4751 3790 4827; x_wconf 61' lang='lat' dir='ltr'><strong>praeteritarum.</strong></span> 
     </span>
    </p>
   </div>
   <div class='ocr_carea' id='block_1_110' title="bbox 2281 4838 3790 4925">
    <p class='ocr_par' dir='ltr' id='par_1_110' title="bbox 2281 4838 3790 4925">
     <span class='ocr_line' id='line_1_110' title="bbox 2281 4838 3790 4925; baseline -0.02 -11"><span class='ocrx_word' id='word_1_810' title='bbox 2281 4862 2703 4925; x_wconf 74' lang='lat' dir='ltr'><strong>futurarumque</strong></span> <span class='ocrx_word' id='word_1_811' title='bbox 2733 4869 2931 4909; x_wconf 85' lang='lat' dir='ltr'><strong>rerum.</strong></span> <span class='ocrx_word' id='word_1_812' title='bbox 2974 4852 3039 4905; x_wconf 84' lang='lat' dir='ltr'><strong>Et</strong></span> <span class='ocrx_word' id='word_1_813' title='bbox 3071 4850 3417 4905; x_wconf 79' lang='lat' dir='ltr'><strong>intercedente</strong></span> <span class='ocrx_word' id='word_1_814' title='bbox 3440 4863 3531 4917; x_wconf 86' lang='lat' dir='ltr'><strong>pro</strong></span> <span class='ocrx_word' id='word_1_815' title='bbox 3552 4841 3675 4896; x_wconf 81' lang='lat' dir='ltr'><strong>nobis</strong></span> <span class='ocrx_word' id='word_1_816' title='bbox 3705 4838 3790 4887; x_wconf 75' lang='lat' dir='ltr'><strong>tea-</strong></span> 
     </span>
    </p>
   </div>
   <div class='ocr_carea' id='block_1_111' title="bbox 2280 4929 3791 5021">
    <p class='ocr_par' dir='ltr' id='par_1_111' title="bbox 2280 4929 3791 5021">
     <span class='ocr_line' id='line_1_111' title="bbox 2280 4929 3791 5021; baseline -0.019 -14"><span class='ocrx_word' id='word_1_817' title='bbox 2280 4960 2334 5006; x_wconf 76' lang='lat' dir='ltr'><strong>ta</strong></span> <span class='ocrx_word' id='word_1_818' title='bbox 2362 4961 2409 5006; x_wconf 89' lang='lat' dir='ltr'><strong>et</strong></span> <span class='ocrx_word' id='word_1_819' title='bbox 2437 4950 2668 5021; x_wconf 87' lang='lat' dir='ltr'><strong>gloriosa</strong></span> <span class='ocrx_word' id='word_1_820' title='bbox 2709 4962 2907 5016; x_wconf 87' lang='lat' dir='ltr'><strong>semper</strong></span> <span class='ocrx_word' id='word_1_821' title='bbox 2944 4944 3155 5013; x_wconf 79' lang='lat' dir='ltr'><strong>Virgine</strong></span> <span class='ocrx_word' id='word_1_822' title='bbox 3185 4942 3284 4997; x_wconf 86' lang='lat' dir='ltr'><strong>Dei</strong></span> <span class='ocrx_word' id='word_1_823' title='bbox 3308 4940 3550 5011; x_wconf 81' lang='lat' dir='ltr'><strong>genitn&#39;re</strong></span> <span class='ocrx_word' id='word_1_824' title='bbox 3585 4929 3791 4987; x_wconf 66' lang='lat' dir='ltr'><strong>Mariam!</strong></span> 
     </span>
    </p>
   </div>
   <div class='ocr_carea' id='block_1_112' title="bbox 2283 5019 3789 5110">
    <p class='ocr_par' dir='ltr' id='par_1_112' title="bbox 2283 5019 3789 5110">
     <span class='ocr_line' id='line_1_112' title="bbox 2283 5019 3789 5110; baseline -0.018 -13"><span class='ocrx_word' id='word_1_825' title='bbox 2283 5019 2477 5097; x_wconf 85' lang='lat' dir='ltr'><strong>sanctis</strong></span> <span class='ocrx_word' id='word_1_826' title='bbox 2500 5038 2751 5110; x_wconf 86' lang='lat' dir='ltr'><strong>apostolis</strong></span> <span class='ocrx_word' id='word_1_827' title='bbox 2788 5037 2893 5091; x_wconf 86' lang='lat' dir='ltr'><strong>tuis</strong></span> <span class='ocrx_word' id='word_1_828' title='bbox 2926 5033 3084 5088; x_wconf 86' lang='lat' dir='ltr'><strong>Petro</strong></span> <span class='ocrx_word' id='word_1_829' title='bbox 3112 5041 3161 5087; x_wconf 89' lang='lat' dir='ltr'><strong>et</strong></span> <span class='ocrx_word' id='word_1_830' title='bbox 3208 5030 3397 5095; x_wconf 86' lang='lat' dir='ltr'><strong>Paulo,</strong></span> <span class='ocrx_word' id='word_1_831' title='bbox 3448 5038 3592 5097; x_wconf 88' lang='lat' dir='ltr'><strong>atque</strong></span> <span class='ocrx_word' id='word_1_832' title='bbox 3615 5019 3789 5110; x_wconf 47' lang='lat' dir='ltr'><strong>Andus.</strong></span> 
     </span>
    </p>
   </div>
   <div class='ocr_carea' id='block_1_113' title="bbox 2289 5104 3787 5203">
    <p class='ocr_par' dir='ltr' id='par_1_113' title="bbox 2289 5104 3787 5203">
     <span class='ocr_line' id='line_1_113' title="bbox 2289 5104 3787 5203; baseline -0.011 -18"><span class='ocrx_word' id='word_1_833' title='bbox 2289 5132 2367 5187; x_wconf 89' lang='lat' dir='ltr'><strong>Da</strong></span> <span class='ocrx_word' id='word_1_834' title='bbox 2393 5132 2647 5203; x_wconf 88' lang='lat' dir='ltr'><strong>propitius</strong></span> <span class='ocrx_word' id='word_1_835' title='bbox 2674 5145 2854 5198; x_wconf 87' lang='lat' dir='ltr'><strong>pacem</strong></span> <span class='ocrx_word' id='word_1_836' title='bbox 2898 5127 2952 5180; x_wconf 86' lang='lat' dir='ltr'><strong>in</strong></span> <span class='ocrx_word' id='word_1_837' title='bbox 2978 5126 3156 5179; x_wconf 82' lang='lat' dir='ltr'><strong>diebus</strong></span> <span class='ocrx_word' id='word_1_838' title='bbox 3187 5123 3402 5183; x_wconf 87' lang='lat' dir='ltr'><strong>nostris,</strong></span> <span class='ocrx_word' id='word_1_839' title='bbox 3432 5130 3487 5171; x_wconf 88' lang='lat' dir='ltr'><strong>ut</strong></span> <span class='ocrx_word' id='word_1_840' title='bbox 3530 5130 3614 5185; x_wconf 72' lang='lat' dir='ltr'><strong>ope</strong></span> <span class='ocrx_word' id='word_1_841' title='bbox 3637 5104 3787 5203; x_wconf 34' lang='lat' dir='ltr'><strong>utfit&quot;?</strong></span> 
     </span>
    </p>
   </div>
   <div class='ocr_carea' id='block_1_114' title="bbox 2285 5190 3787 5289">
    <p class='ocr_par' dir='ltr' id='par_1_114' title="bbox 2285 5190 3787 5289">
     <span class='ocr_line' id='line_1_114' title="bbox 2285 5190 3787 5289; baseline -0.02 -12"><span class='ocrx_word' id='word_1_842' title='bbox 2285 5190 2613 5277; x_wconf 48' lang='lat' dir='ltr'><strong>cordiat&#39;tuw</strong></span> <span class='ocrx_word' id='word_1_843' title='bbox 2639 5218 2834 5289; x_wconf 88' lang='lat' dir='ltr'><strong>adjuti,</strong></span> <span class='ocrx_word' id='word_1_844' title='bbox 2864 5226 2910 5270; x_wconf 88' lang='lat' dir='ltr'><strong>et</strong></span> <span class='ocrx_word' id='word_1_845' title='bbox 2943 5233 2976 5269; x_wconf 82' lang='grc' dir='ltr'><em>α</em></span> <span class='ocrx_word' id='word_1_846' title='bbox 3015 5225 3224 5285; x_wconf 86' lang='lat' dir='ltr'><strong>peccato</strong></span> <span class='ocrx_word' id='word_1_847' title='bbox 3254 5227 3435 5266; x_wconf 86' lang='lat' dir='ltr'><strong>sumus</strong></span> <span class='ocrx_word' id='word_1_848' title='bbox 3460 5190 3787 5289; x_wconf 12' lang='lat' dir='ltr'><strong>semper‘liberi.</strong></span> 
     </span>
    </p>
   </div>
   <div class='ocr_carea' id='block_1_115' title="bbox 2285 5287 3787 5378">
    <p class='ocr_par' dir='ltr' id='par_1_115' title="bbox 2285 5287 3787 5378">
     <span class='ocr_line' id='line_1_115' title="bbox 2285 5287 3787 5378; baseline -0.009 -12"><span class='ocrx_word' id='word_1_849' title='bbox 2285 5320 2333 5366; x_wconf 90' lang='lat' dir='ltr'><strong>et</strong></span> <span class='ocrx_word' id='word_1_850' title='bbox 2359 5310 2423 5365; x_wconf 91' lang='lat' dir='ltr'><strong>ab</strong></span> <span class='ocrx_word' id='word_1_851' title='bbox 2444 5309 2587 5364; x_wconf 89' lang='lat' dir='ltr'><strong>omni</strong></span> <span class='ocrx_word' id='word_1_852' title='bbox 2614 5287 3002 5378; x_wconf 84' lang='lat' dir='ltr'><strong>perturbatione</strong></span> <span class='ocrx_word' id='word_1_853' title='bbox 3024 5302 3211 5357; x_wconf 82' lang='lat' dir='ltr'><strong>securi.</strong></span> <span class='ocrx_word' id='word_1_854' title='bbox 3236 5300 3403 5354; x_wconf 87' lang='lat' dir='ltr'><strong>Beata</strong></span> <span class='ocrx_word' id='word_1_855' title='bbox 3432 5308 3559 5378; x_wconf 72' lang='lat' dir='ltr'><strong>ergo</strong></span> <span class='ocrx_word' id='word_1_856' title='bbox 3579 5287 3661 5343; x_wconf 67' lang='lat' dir='ltr'><strong>Dei</strong></span> <span class='ocrx_word' id='word_1_857' title='bbox 3678 5294 3787 5378; x_wconf 60' lang='grc' dir='ltr'><strong>κθωξ</strong></span> 
     </span>
    </p>
   </div>
   <div class='ocr_carea' id='block_1_116' title="bbox 2285 5374 3790 5470">
    <p class='ocr_par' dir='ltr' id='par_1_116' title="bbox 2285 5374 3790 5470">
     <span class='ocr_line' id='line_1_116' title="bbox 2285 5374 3790 5470; baseline -0.019 -13"><span class='ocrx_word' id='word_1_858' title='bbox 2285 5402 2565 5470; x_wconf 72' lang='lat' dir='ltr'><strong>trix,quaa</strong></span> <span class='ocrx_word' id='word_1_859' title='bbox 2611 5374 2810 5453; x_wconf 81' lang='lat' dir='ltr'><strong>meruit</strong></span> <span class='ocrx_word' id='word_1_860' title='bbox 2837 5395 2990 5465; x_wconf 90' lang='lat' dir='ltr'><strong>virgo</strong></span> <span class='ocrx_word' id='word_1_861' title='bbox 3038 5406 3159 5448; x_wconf 87' lang='lat' dir='ltr'><strong>esse</strong></span> <span class='ocrx_word' id='word_1_862' title='bbox 3210 5392 3262 5444; x_wconf 94' lang='lat' dir='ltr'><strong>in</strong></span> <span class='ocrx_word' id='word_1_863' title='bbox 3311 5394 3490 5459; x_wconf 86' lang='lat' dir='ltr'><strong>partu,</strong></span> <span class='ocrx_word' id='word_1_864' title='bbox 3541 5376 3672 5470; x_wconf 66' lang='lat' dir='ltr'><strong>iirgo</strong></span> <span class='ocrx_word' id='word_1_865' title='bbox 3705 5374 3790 5470; x_wconf 46' lang='lat' dir='ltr'><strong>p0.“</strong></span> 
     </span>
    </p>
   </div>
   <div class='ocr_carea' id='block_1_117' title="bbox 2283 5458 3785 5563">
    <p class='ocr_par' dir='ltr' id='par_1_117' title="bbox 2283 5458 3785 5563">
     <span class='ocr_line' id='line_1_117' title="bbox 2283 5458 3785 5563; baseline -0.011 -17"><span class='ocrx_word' id='word_1_866' title='bbox 2283 5458 2517 5563; x_wconf 69' lang='lat' dir='ltr'><strong>partum,</strong></span> <span class='ocrx_word' id='word_1_867' title='bbox 2550 5488 2780 5559; x_wconf 84' lang='lat' dir='ltr'><strong>primum</strong></span> <span class='ocrx_word' id='word_1_868' title='bbox 2803 5458 3100 5541; x_wconf 72' lang='lat' dir='ltr'><strong>humillima</strong></span> <span class='ocrx_word' id='word_1_869' title='bbox 3129 5458 3484 5551; x_wconf 86' lang='lat' dir='ltr'><strong>postulatione</strong></span> <span class='ocrx_word' id='word_1_870' title='bbox 3512 5458 3785 5563; x_wconf 41' lang='lat' dir='ltr'><strong>implet-fni“</strong></span> 
     </span>
    </p>
   </div>
   <div class='ocr_carea' id='block_1_118' title="bbox 2285 5552 3788 5649">
    <p class='ocr_par' dir='ltr' id='par_1_118' title="bbox 2285 5552 3788 5649">
     <span class='ocr_line' id='line_1_118' title="bbox 2285 5552 3788 5649; baseline -0.035 9"><span class='ocrx_word' id='word_1_871' title='bbox 2285 5552 2387 5646; x_wconf 49' lang='grc' dir='ltr'><strong>ἔθεεν</strong></span> <span class='ocrx_word' id='word_1_872' title='bbox 2419 5588 2478 5634; x_wconf 79' lang='grc' dir='ltr'><strong>υι</strong></span> <span class='ocrx_word' id='word_1_873' title='bbox 2505 5552 2619 5649; x_wconf 41' lang='lat' dir='ltr'><strong>ill—5a</strong></span> <span class='ocrx_word' id='word_1_874' title='bbox 2640 5575 2945 5632; x_wconf 72' lang='lat' dir='ltr'><strong>intercedat</strong></span> <span class='ocrx_word' id='word_1_875' title='bbox 2976 5588 3075 5642; x_wconf 84' lang='lat' dir='ltr'><strong>pro</strong></span> <span class='ocrx_word' id='word_1_876' title='bbox 3102 5573 3254 5626; x_wconf 84' lang='lat' dir='ltr'><strong>nobis</strong></span> <span class='ocrx_word' id='word_1_877' title='bbox 3282 5570 3347 5625; x_wconf 87' lang='lat' dir='ltr'><strong>ad</strong></span> <span class='ocrx_word' id='word_1_878' title='bbox 3372 5567 3599 5625; x_wconf 84' lang='lat' dir='ltr'><strong>Patrem,</strong></span> <span class='ocrx_word' id='word_1_879' title='bbox 3620 5552 3788 5649; x_wconf 50' lang='lat' dir='ltr'><strong>Filia:th</strong></span> 
     </span>
    </p>
   </div>
   <div class='ocr_carea' id='block_1_119' title="bbox 2286 5640 3783 5744">
    <p class='ocr_par' dir='ltr' id='par_1_119' title="bbox 2286 5640 3783 5744">
     <span class='ocr_line' id='line_1_119' title="bbox 2286 5640 3783 5744; baseline -0.011 -19"><span class='ocrx_word' id='word_1_880' title='bbox 2286 5687 2408 5744; x_wconf 87' lang='lat' dir='ltr'><strong>que,</strong></span> <span class='ocrx_word' id='word_1_881' title='bbox 2441 5686 2503 5725; x_wconf 76' lang='lat' dir='ltr'><strong>ex</strong></span> <span class='ocrx_word' id='word_1_882' title='bbox 2545 5684 2603 5726; x_wconf 86' lang='lat' dir='ltr'><strong>se</strong></span> <span class='ocrx_word' id='word_1_883' title='bbox 2655 5666 2949 5725; x_wconf 88' lang='lat' dir='ltr'><strong>secundum</strong></span> <span class='ocrx_word' id='word_1_884' title='bbox 2981 5679 3196 5719; x_wconf 86' lang='lat' dir='ltr'><strong>carnem</strong></span> <span class='ocrx_word' id='word_1_885' title='bbox 3249 5671 3451 5717; x_wconf 82' lang='lat' dir='ltr'><strong>natum.</strong></span> <span class='ocrx_word' id='word_1_886' title='bbox 3484 5657 3688 5718; x_wconf 72' lang='lat' dir='ltr'><strong>Postque</strong></span> <span class='ocrx_word' id='word_1_887' title='bbox 3720 5640 3783 5691; x_wconf 60' lang='grc' dir='ltr'><strong>υθέ</strong></span> 
     </span>
    </p>
   </div>
   <div class='ocr_carea' id='block_1_120' title="bbox 2217 3089 2261 3150">
    <p class='ocr_par' dir='ltr' id='par_1_120' title="bbox 2217 3089 2261 3150">
     <span class='ocr_line' id='line_1_120' title="bbox 2217 3089 2261 3150; baseline 0 0"><span class='ocrx_word' id='word_1_888' title='bbox 2217 3089 2261 3150; x_wconf 87' lang='lat' dir='ltr'><strong><em>C</em></strong></span> 
     </span>
    </p>
   </div>
  </div>
