3992 6304
283 348 417 406 1185

278 549 456 604 clesia:
485 548 736 603 doctores
762 547 1183 617 suutﬁagraudi,
1225 559 1283 603 ut
1305 550 1436 618 ipsis
1474 551 1853 606 intercedenti-

278 639 398 703 bus,
428 654 534 709 pax
589 639 643 693 iu
671 638 858 693 diebus
902 639 1103 694 nostris
1152 638 1367 694 Christo
1420 640 1653 711 propitio
1698 640 1855 695 detur

276 728 456 793 nobis,
487 735 546 781 ut
576 726 961 783 misericordia:
990 742 1100 783 sua:
1132 729 1333 783 auxilio
1366 729 1710 796 circumdati,
1736 744 1854 784 me-

275 833 496 872 reamur
513 832 633 873 esse
658 819 725 873 ab
751 817 837 872 bis
861 817 1044 882 liberi,
1092 825 1144 871 et
1171 817 1241 871 ab
1269 818 1413 872 omni
1454 818 1857 888 perturbatione

274 909 438 964 noxia
469 924 686 979 corpus,
717 917 772 963 et
817 908 1136 978 sanguinem
1179 907 1279 978 Xpi
1334 924 1610 964 sumamus
1655 909 1852 972 securi,

271 1002 401 1071 quia
437 1016 545 1054 non
598 1008 783 1054 nostra
829 996 1029 1052 virtute
1082 1012 1364 1068 speramus
1415 1014 1511 1053 nos
1548 999 1615 1052 ab
1647 998 1855 1053 hisdem

269 1092 510 1153 liberari,
545 1090 637 1145 sed
664 1090 833 1161 magis
862 1090 1132 1144 credimus
1159 1105 1254 1160 per
1270 1088 1479 1144 illorum
1513 1089 1853 1145 intercessio-

269 1196 398 1235 nem
418 1179 632 1235 salvari.
682 1176 791 1232 Per
838 1175 976 1246 Xpm
1025 1177 1161 1231 Dum
1212 1188 1466 1234 nostrum.
1520 1178 1588 1234 Et
1623 1178 1850 1250 reliqua.

268 1271 399 1327 Haec
443 1285 657 1340 quoque
685 1269 983 1338 redemptio
1007 1284 1071 1323 ac
1101 1268 1352 1325 Iiberatio
1397 1285 1494 1340 per
1525 1269 1665 1339 Xpm
1713 1271 1852 1325 Dum

266 1371 540 1429 nostrum,
567 1363 671 1432 qui
691 1376 812 1415 cum
862 1359 1025 1414 Patre
1070 1359 1202 1414 vivit
1243 1368 1300 1414 et
1350 1369 1539 1432 regnat
1569 1360 1625 1415 in
1655 1359 1850 1414 saecula

269 1453 590 1509 sactilorum
621 1466 742 1508 esse
769 1452 949 1516 debet,
992 1451 1116 1520 quia
1148 1466 1245 1522 per
1272 1452 1445 1522 ipsum
1492 1461 1547 1508 ct
1573 1467 1695 1507 cum
1736 1451 1851 1522 ipso

267 1553 323 1598 et
384 1544 435 1598 in
492 1544 609 1615 ipso
653 1542 794 1597 facta
863 1551 991 1597 sunt
1038 1544 1240 1607 omnia,
1314 1543 1431 1598 sine
1489 1558 1596 1613 quo
1648 1542 1849 1598 factum

267 1645 351 1689 est
381 1634 533 1697 nihil,
568 1635 621 1688 in
651 1648 758 1704 quo
783 1633 1038 1698 vivimus,
1072 1648 1370 1700 movemur,
1398 1642 1447 1689 et
1483 1650 1690 1690 sumus.

341 1725 543 1781 Deinde
567 1724 832 1781 Sacerdos
853 1739 1039 1794 pacem
1063 1724 1272 1795 populis
1303 1725 1605 1780 habendam
1638 1726 1848 1781 denun-

1404 347 1895 405 KALENDARIUM
1932 306 2425 404 FLOitIACENSE.

148 504 165 512 -
280 460 505 532 apostoli
535 458 729 515 Petrus
754 467 808 514 et
855 458 1060 515 Paulus
1090 468 1251 528 atque
1303 462 1545 516 Andreas
1568 462 1726 532 primi
1766 477 1853 518 ec-
1880 468 1930 525 Α
1956 468 2040 515 est
2063 474 2225 514 verus
2256 475 2428 530 agnus
2472 459 2588 515 sine
2642 458 2849 515 macula
2892 457 3099 514 Joanne
3142 459 3392 516 dicente:
3442 463 3533 532 qui

3397 350 3535 409 “86

1954 548 2085 602 tollit
2103 561 2316 618 peccata
2346 549 2546 602 mundi.
2577 549 2644 603 Et
2665 548 2791 603 dum
2822 548 2935 619 ipse
2960 564 2991 602 a
3019 549 3265 605 ﬁdelibus
3292 551 3527 622 percipi-

1954 647 2061 700 tur,
2093 639 2313 707 dignum
2362 646 2466 703 est,
2499 647 2557 693 ut
2589 638 2897 694 communio
2923 639 3248 693 sacramenti
3283 640 3532 695 modula-

1955 728 2118 783 tionis
2142 728 2363 784 lenitate
2393 743 2553 784 aures
2582 729 2961 798 accipientium
2987 729 3237 796 mulceat,
3269 742 3328 784 ut
3351 731 3530 785 ociosa

1955 834 2181 889 quaeque
2232 820 2410 874 minus
2433 819 2725 885 recordari,
2763 835 2828 876 ac
2870 820 2950 874 eis
2991 818 3245 875 delectari
3276 822 3342 876 ad
3386 823 3527 877 hanc

1954 922 2140 961 vocem
2174 908 2364 962 intenti
2391 908 2626 973 valeant,
2655 908 2926 978 cordaque
2960 898 3151 963 eorum,
3173 910 3241 964 ad
3289 926 3535 982 conpun-

1955 998 2187 1053 ctionem
2221 996 2336 1066 ejus
2364 1000 2587 1064 amoris,
2620 1014 2739 1069 qua:
2767 1000 3058 1070 accipiunt,
3092 1000 3416 1081 excitentur.

2028 1087 2230 1144 Deinde
2270 1089 2547 1144 orationes
2576 1106 2603 1142 a
2642 1091 2920 1145 sacerdote
2950 1105 3118 1145 sacra:
3139 1091 3534 1147 communionis

1952 1186 2305 1249 peraguntur,
2332 1187 2386 1234 et
2418 1180 2722 1235 benedictio
2744 1195 2907 1250 super
2930 1178 3206 1250 pOpulum,
3232 1190 3290 1234 ut
3316 1195 3346 1234 a
3374 1181 3533 1237 nobis

1953 1271 2114 1341 digne
2143 1279 2393 1341 percepta
2421 1256 2641 1327 stabiles
2667 1271 2719 1325 in
2752 1269 2875 1336 ﬁde,
2904 1279 2958 1326 et
2996 1272 3196 1325 mundo
3218 1271 3383 1325 corde
3412 1285 3530 1325 ma-

1951 1375 2197 1426 neamus,
2226 1369 2282 1417 et
2327 1362 2484 1416 nobis
2539 1360 2765 1415 salutem
2812 1360 3116 1415 animarum
3145 1370 3200 1415 et
3246 1375 3533 1430 corporum

1949 1449 2150 1505 habere
2196 1451 2501 1505 credamus.
2556 1451 2660 1507 Per
2690 1452 2823 1506 Dum
2866 1459 3111 1505 nostrum
3156 1450 3337 1505 Jesum
3369 1451 3529 1521 Xpm,

1950 1540 2043 1610 qui
2069 1556 2191 1595 cum
2224 1540 2386 1597 Patre
2407 1541 2561 1605 vivit,
2587 1551 2642 1594 et
2665 1549 2855 1612 regnat
2882 1540 3024 1597 Deus
3046 1554 3149 1594 una
3175 1555 3297 1595 cum
3329 1539 3530 1609 Spiritu

1948 1638 2137 1686 sancto
2164 1630 2224 1684 in
2270 1629 2466 1685 saecula
2494 1629 2810 1685 saeculorum
2842 1645 3020 1685 amen.
3052 1628 3255 1685 Deinde
3287 1645 3320 1685 a
3350 1629 3532 1683 diaco-

1947 1734 2020 1774 no
2038 1719 2237 1788 popqu
2265 1720 2648 1788 pronuntiatur
2675 1719 2931 1774 dicendo:
2961 1717 3041 1773 Ite
3056 1719 3215 1772 missa
3240 1727 3335 1773 est.
3366 1716 3555 1773 Missa.

264 1818 367 1873 tiat
394 1818 660 1873 dicendo:
711 1816 827 1873 Pax
854 1821 1069 1875 Domini
1114 1820 1179 1874 sit
1228 1836 1429 1889 semper
1468 1820 1749 1875 vobiscum.
1782 1821 1852 1877 Et
1879 1823 1925 1884 Β
1953 1811 2100 1866 enim
2131 1811 2350 1876 dicitur.
2374 1825 2440 1866 eo
2471 1812 2613 1879 quod
2644 1819 2886 1880 tempore
2914 1808 3164 1864 sacriﬁcii
3190 1809 3543 1889 calceameni

259 1914 464 1978 clerus,
512 1923 564 1968 et
612 1913 766 1984 plebs
796 1915 849 1968 in
896 1915 1083 1970 eadem
1129 1915 1418 1970 concordia
1474 1915 1847 1985 respondendo

260 2001 570 2073 subiungit:
609 2001 674 2055 Et
714 2019 829 2057 cum
870 2002 1057 2073 spiritu
1083 2014 1196 2058 tua.
1242 2005 1468 2075 Dignum
1498 2006 1697 2059 etenim
1740 2015 1842 2071 est,

257 2103 322 2148 ut
353 2102 471 2162 post
503 2093 634 2148 tanti
672 2104 1012 2150 sacramenta
1044 2095 1313 2151 celebrata
1342 2097 1607 2168 mysterii,
1647 2109 1700 2153 et
1725 2106 1845 2167 post

253 2198 485 2253 corpus,
508 2192 561 2238 et
583 2185 899 2254 sanguinem
935 2185 1035 2239 Dni
1073 2186 1241 2241 nostri
1267 2186 1395 2242 Jesu
1433 2185 1533 2257 Χρί
1559 2202 1846 2243 consecra-

255 2284 398 2338 tum,
438 2289 538 2342 pax
589 2275 891 2344 acceptoris
946 2276 1366 2344 prarntintietur,
1406 2276 1532 2346 quia
1577 2277 1691 2347 ipse
1737 2284 1843 2341 est,

250 2379 421 2433 quem
447 2365 727 2430 sumimus,
758 2381 863 2435 pax
893 2376 1096 2432 nostra,
1124 2368 1215 2437 qui
1245 2367 1372 2423 fecit
1396 2378 1627 2438 utraque
1654 2383 1842 2431 unum,

254 2455 384 2523 ipso
427 2462 722 2509 attestante
772 2452 1088 2525 discipulis:
1142 2453 1336 2510 Pacem
1390 2456 1625 2526 relinquo
1677 2456 1838 2522 vobis,

249 2556 437 2609 pacem
466 2557 632 2595 meam
666 2541 732 2595 do
761 2542 923 2596 vobis.
957 2541 1022 2596 Et
1055 2543 1249 2598 iterum
1282 2562 1294 2596 :
1330 2540 1523 2597 Pacem
1549 2544 1730 2598 habete
1760 2546 1841 2598 in-

250 2642 343 2685 ira
369 2648 474 2687 vos.

331 2721 461 2777 Post
494 2736 681 2792 pacem
726 2734 906 2781 autem
946 2726 1195 2783 onmibns
1226 2727 1473 2784 ﬁdelibus
1518 2728 1569 2783 in
1614 2728 1839 2785 ecclesia

256 2813 355 2868 Dei
394 2824 689 2884 peractam,
710 2816 856 2889 juste
882 2818 1025 2874 illius
1049 2835 1264 2891 corpus,
1292 2830 1345 2876 et
1364 2821 1581 2891 sanguis
1607 2837 1636 2875 a
1668 2821 1843 2893 dignis

248 2903 578 2972 percipitur,
632 2906 723 2976 qui
753 2915 837 2961 est
888 2923 994 2978 pax
1047 2924 1198 2974 vera,
1229 2911 1365 2966 etin
1411 2927 1519 2981 quo
1564 2911 1673 2965 falli
1735 2929 1840 2967 non

249 3000 451 3065 potest.
486 2994 623 3063 Quia
675 3010 706 3049 a
764 3011 869 3052 non
929 2998 1029 3054 nisi
1074 3001 1334 3070 paciﬁcis,
1365 3011 1418 3056 et
1465 3002 1516 3055 in
1550 3003 1837 3057 concordia

1953 1901 2099 1957 foras
2146 1901 2451 1955 mittuntur.
2483 1901 2680 1956 Postea
2711 1915 2842 1955 vero
2879 1915 2910 1954 ιι
2948 1899 3095 1955 clero
3132 1900 3529 1970 respondetur:

1950 1991 2057 2046 Deo
2079 1992 2300 2062 gratias,
2330 1992 2455 2061 quia
2505 1992 2559 2045 in
2594 1991 2756 2061 hujus
2795 1988 2972 2045 Missa:
3013 1989 3378 2044 celebratione
3415 1988 3528 2041 Au-

1946 2084 2159 2154 gustino
2218 2091 2554 2137 attestaute:
2610 2083 2844 2152 primum
2894 2081 3030 2134 ﬁunt
3088 2079 3527 2142 obsecrationes.

1947 2174 2138 2230 deinde
2159 2175 2455 2239 orationes,
2482 2182 2537 2229 et
2563 2172 3041 2243 interpellationes,
3074 2185 3175 2228 nec
3203 2186 3306 2227 non
3332 2171 3531 2242 gratia-

1946 2279 2066 2317 rum
2096 2265 2356 2317 actiones.
2388 2261 2804 2317 Obsecrationes
2832 2276 3087 2331 namque,
3119 2262 3170 2317 id
3193 2269 3297 2327 est,
3327 2274 3530 2330 praeca-

1946 2354 2119 2407 tiones
2146 2352 2319 2406 dictas
2349 2351 2664 2422 accipimus,
2695 2366 2830 2422 quas
2856 2352 3082 2407 facimus
3109 2352 3162 2406 in
3202 2350 3527 2406 celebratio-

1946 2459 2015 2497 ne
2068 2443 2481 2507 sacriﬁciorum,
2544 2451 2833 2512 antequam
2895 2441 3045 2506 illud,
3106 2440 3249 2511 quod
3298 2441 3353 2496 in
3425 2439 3526 2494 Ι)ιί

1945 2544 2132 2588 mensa
2161 2542 2263 2598 est,
2297 2533 2535 2602 incipiat.
2562 2531 2832 2597 benedici,
2882 2545 3043 2602 quam
3097 2539 3265 2587 totam
3306 2530 3528 2601 petitio-

1951 2634 2072 2674 nem
2105 2619 2218 2675 fere
2244 2621 2421 2676 omnis
2447 2620 2673 2676 ecclesia
2704 2620 2981 2675 Dominica
3027 2620 3275 2676 oratione
3309 2618 3530 2674 conclu-

1944 2710 2043 2765 dit.
2075 2709 2364 2766 Orationes
2404 2720 2660 2781 aguntur,
2689 2711 2815 2766 dum
2861 2722 3050 2767 sancta
3072 2711 3274 2767 oblatio
3301 2710 3529 2767 benedi-

1944 2799 2108 2863 citur,
2151 2809 2209 2854 et
2251 2800 2320 2854 ad
2346 2800 2775 2856 distribuendum
2824 2809 3176 2871 prmparatur.
3212 2800 3528 2871 Interpella-

1943 2888 2120 2945 tiones
2172 2904 2322 2955 vero,
2363 2890 2476 2944 sive
2506 2898 2565 2943 ut
2593 2889 2759 2960 aliqui
2786 2891 3001 2947 codices
3041 2889 3258 2955 habent,
3290 2889 3528 2960 postula-

1944 2979 2118 3034 tiones
2157 2979 2311 3045 ﬁunt,
2340 2995 2459 3035 cum
2513 2981 2740 3051 populus
2792 2980 3150 3037 heuedicitur.
3187 2980 3339 3037 Tunc
3375 2982 3522 3036 enim

253 3084 600 3141 manentibus
628 3084 837 3156 Corpus
877 3096 930 3142 et
962 3087 1193 3159 Sanguis
1222 3091 1322 3145 Dni
1354 3091 1530 3145 nostri
1561 3090 1687 3146 Jesu
1732 3091 1835 3162 Xpi

1950 3070 2212 3126 antistites
2242 3070 2388 3126 velut
2433 3071 2672 3127 advocali
2722 3078 3005 3142 susceptos
3029 3086 3160 3128 suos
3211 3086 3309 3142 per
3333 3086 3557 3126 manus.

250 3171 417 3240 digne
455 3175 780 3245 percipitur,
819 3175 1099 3247 Scriptura
1152 3188 1477 3235 attestante:
1532 3177 1871 3252 Quicunque‘

1950 3163 2340 3234 impositiouem
2391 3162 2918 3219 misericordissima:
2959 3163 3192 3218 oli‘erunt
3242 3162 3519 3232 potestati.

248 3264 782 3320 comrderitCaruem
836 3266 959 3333 Dni,
1018 3278 1066 3324 et
1111 3270 1294 3324 biberit
1340 3272 1454 3340 ejus
1513 3270 1836 3342 Sanguinem

247 3354 469 3422 injuste,
489 3355 751 3424 judicium
780 3359 880 3413 sibi
905 3360 1210 3422 mauducat,
1246 3370 1294 3414 et
1332 3361 1477 3415 bibit.

323 3442 504 3511 Agnus
547 3443 644 3499 Dei
692 3461 854 3511 vero,
904 3450 1030 3503 dum
1075 3449 1303 3520 Corpus,
1358 3461 1413 3505 et
1464 3450 1698 3522 Sanguis
1732 3453 1834 3522 Xpi

252 3531 511 3597 sumitur,
544 3546 575 3585 a
625 3533 773 3589 clero
816 3536 1139 3592 modulaudo
1188 3538 1528 3605 decantatur,
1572 3542 1695 3609 quia
1723 3542 1839 3610 ipse

1942 3251 2037 3308 His
2064 3253 2211 3309 enim
2249 3255 2512 3324 paractis,
2542 3262 2599 3309 et
2643 3253 2966 3324 participato
2997 3262 3148 3307 tanto
3179 3261 3524 3307 sacramento

1939 3346 2235 3415 gratiarum
2267 3345 2409 3402 actio
2433 3355 2627 3401 cuncta
2650 3345 2943 3409 concludit,
2977 3360 3139 3415 quam
3166 3344 3219 3399 in
3249 3346 3335 3401 his
3355 3346 3522 3400 etiam

1944 3437 2123 3491 verbis
2151 3436 2394 3490 ultimam
2424 3437 2823 3493 commendavit
2850 3436 3160 3507 Apostolus.

258 3715 3502 3749 .__.____________________________________________________

525 3806 1271 4063 ιιιιιιιιιιιιιιι
1375 3910 1520 4064 ιιι
1623 3904 2518 4065 manuum
2626 3910 3182 4089 Αιιιτιοιιι.

950 4200 1125 4276 (Apud
1152 4199 1382 4257 Marteu.
1412 4201 1585 4273 Ampi.
1609 4200 1826 4259 Collect.
1857 4211 1913 4260 et
1940 4202 2198 4261 Zaccaria
2233 4205 2490 4278 Antiquit.
2520 4205 2678 4261 medii
2698 4207 2838 4279 cavi.)

1641 4359 2095 4377 ῃ

990 4492 1863 4585 KALENDARIUM
1938 4493 2792 4587 FLORIACENSE.

1109 4706 1286 4776 (Apud
1315 4705 1544 4762 Marten.
1573 4705 1748 4776 Ampi.
1783 4704 2027 4769 ϐοηθεῖ..
2065 4714 2195 4761 tom.
2229 4706 2319 4773 VI,
2345 4721 2466 4777 pag.
2495 4706 2644 4777 649.)

1646 4866 2102 4883 ...ι-..ι’-

825 4982 1229 5042 JANUARIUS.

245 5076 365 5132 Kal.
398 5074 706 5131 Ianuarias.
743 5073 1092 5131 Cmcuucrsro
1116 5076 1329 5133 Deum.

246 5165 382 5220 VIII.
424 5166 566 5221 ldus.
616 5164 907 5219 Enraauu
952 5166 1145 5220 Donum
1182 5182 1375 5222 NOSTRI
1415 5165 1541 5221 Jcsc
1581 5165 1822 5223 Cuntsrt.

246 5255 335 5312 IV.
375 5256 520 5311 Idus.
540 5252 729 5310 Natale
767 5254 909 5310 beati
932 5254 1083 5310 Pauli
1121 5255 1284 5324 primi
1306 5259 1542 5315 eremiti.

249 5346 392 5400 ldus.
432 5344 556 5400 Jan.
588 5345 861 5414 Depositio
893 5344 1081 5400 Hilarii
1108 5345 1481 5406 Pictaviensis.

248 5433 388 5488 X1X.
431 5434 552 5488 Kal.
583 5434 846 5490 Februar.
874 5434 1064 5490 Natale
1088 5436 1149 5493 S.
1181 5435 1395 5495 Felicis.

249 5523 408 5579 XVII.
448 5524 567 5579 Kal.
593 5524 782 5582 Natale
806 5526 864 5581 S.
891 5524 1155 5583 Marcelli.

247 5613 387 5669 XVI.
430 5614 551 5670 Kal.
582 5616 860 5687 Depositio
889 5617 948 5673 8.
969 5620 1208 5675 Antonii.

248 5704 365 5761 XV.
406 5705 525 5762 Kal.
564 5706 752 5766 Natale
779 5707 837 5767 8.
874 5708 1090 5766 Priscae.

1856 4991 1905 5050 D
1930 4989 2067 5045 XIII.
2104 4988 2226 5044 Kal.
2258 4988 2447 5043 Natale
2475 4985 2533 5042 S.
2565 4985 2896 5045 Sebastiani.

1935 5079 2047 5135 XII.
2090 5078 2206 5133 Kal.
2236 5076 2424 5134 Natale
2451 5078 2509 5133 8.
2534 5078 2716 5149 Agnes
2745 5080 2811 5135 de
2835 5080 3100 5149 passione.

1935 5169 2020 5223 XI.
2061 5168 2183 5223 Kal.
2218 5168 2410 5224 Natale
2438 5167 2497 5223 S.
2529 5168 2819 5225 Vincentii.

1931 5260 1994 5315 γ.
2026 5261 2252 5316 Kalend.
2280 5260 2469 5316 Natale
2492 5259 2549 5315 S.
2574 5262 2755 5332 Agnes
2784 5262 2852 5317 de
2880 5259 3180 5315 nativitate.
3264 5296 3269 5299 -

2461 5350 2925 5408 FEBRUARIUS.

1927 5443 2016 5499 IV.
2051 5440 2249 5499 Nonas.
2284 5442 2596 5499 Puriﬁcatio
2624 5444 2685 5498 B.
2712 5442 2913 5497 Mariae.

1925 5535 1989 5593 ll.
2031 5535 2232 5592 Nonas.
2270 5536 2625 5591 Autissiodori
2654 5535 2906 5605 depositio
2941 5533 3171 5604 corporis
3196 5529 3496 5588 ἄμπυκι·

1998 5627 2084 5681 dri
2102 5643 2273 5697 papaz.
2345 5625 2616 5680 Fidicula.

1929 5718 2129 5776 Nonas.
2167 5719 2331 5778 Febr.
2360 5716 2549 5775 Natale
2573 5716 2634 5771 8.
2658 5714 2903 5787 Agatliac.
