3992 6304
255 274 411 343 'tsoa'
484 322 493 327 κ
794 310 797 318 -

477 380 760 453 December
776 392 929 449 habet
952 390 1062 448 dies
1090 377 1242 458 xxxx,
1270 390 1451 446 lunam
1472 372 1637 446 xxi}:

266 491 382 549 Kal.
431 488 765 547 Decembris.
824 484 1145 543 Sanctorum
1214 491 1515 556 martyrum
1575 482 1829 551 Crisanti,

336 583 528 646 Mauri,
560 582 734 637 Dariae
762 580 1037 652 martyris,
1066 579 1226 650 Eligii
1264 579 1522 649 episcopi.

262 676 335 733 IV
362 675 560 731 Nonas.
592 674 651 730 8.
680 673 905 745 Longini
935 670 1124 727 militis
1147 679 1204 726 et
1230 671 1503 743 martyris.

262 768 332 825 lli
358 767 555 824 Nonas.
586 766 646 822 8.
671 766 821 820 Lucii
852 765 995 835 regis
1024 773 1079 819 et
1108 763 1458 820 confessoris.

262 860 309 917 Il
337 860 536 917 Nonas.
578 859 637 915 8.
665 860 917 915 Barbara:
942 858 1168 929 virginis
1191 865 1246 913 et
1276 856 1550 915 martyris.

261 949 462 1007 Nonas.
494 950 553 1006 S.
578 949 828 1004 Talmatii
858 948 1133 1020 martyris.
1239 970 1247 976 -

260 1042 375 1099 Vill
397 1044 541 1101 ldus.
568 1041 627 1099 S.
650 1041 856 1098 Nicolai
884 1041 1119 1112 episcopi
1148 1047 1203 1097 et
1222 1039 1599 1111 Hermogenis.

258 1132 353 1190 VII
408 1134 551 1191 ldus.
633 1133 836 1191 Octava
878 1132 937 1189 S.
987 1132 1217 1188 Andreae
1259 1132 1528 1203 apostoli,
1582 1130 1837 1188 Mauturii

335 1226 611 1297 martyris.

259 1313 332 1370 VI
368 1316 513 1372 Idus.
579 1315 904 1372 Sanctorum
950 1312 1322 1372 confessorum
1356 1314 1646 1381 Euticiani,
1669 1313 1837 1371 Euse—

332 1406 407 1463 bii
436 1416 493 1463 et
523 1409 901 1480 episcoporum

259 1499 304 1553 V
332 1501 476 1558 Idus.
524 1502 624 1558 SS.
659 1512 957 1575 martyrum
985 1502 1154 1570 Petri,
1185 1502 1452 1559 Successi.

256 1594 327 1652 IV
356 1597 495 1652 Idus.
550 1596 609 1652 S.
634 1596 854 1652 Eulaliae
874 1596 1097 1668 virginis
1119 1603 1173 1651 et
1202 1599 1471 1666 martyris.

257 1685 324 1741 Ill
351 1686 494 1743 Idus.
541 1685 601 1742 S.
634 1686 848 1742 Damasi
880 1702 1050 1758 papae.

1538 275 2035 336 nanrvnomc.
2072 275 2454 336 ANTISSIOD.
2532 234 2537 239 ’
2622 268 2633 286 ⁸

1862 374 1918 454 Α
1940 387 2081 444 XVII
2116 388 2234 444 Kal.
2264 388 2323 444 S.
2354 370 2624 442 Valentini
2651 396 2889 455 episcom
2914 391 2972 439 et
2997 377 3341 438 confessoris.

3365 271 3505 330 1210

1935 479 2052 535 XVI
2088 480 2205 535 Kal.
2231 479 2287 536 8.
2315 478 2501 550 Ignatii
2524 476 2758 547 episcopi
2783 484 2839 530 et
2866 472 3138 546 martyris.

1934 571 2030 628 XV
2107 571 2225 627 Kal.
2281 569 2340 627 8.
2400 567 2663 639 Simplicii
2725 565 2983 637 episcopi.
3060 561 3154 620 Sol
3215 561 3272 617 in
3324 561 3510 634 Capri-

2005 665 2262 718 carnium.

1936 755 2051 813 XIV
2090 758 2206 813 Kal.
2241 758 2299 813 8.
2331 755 2581 821 Secundi,
2619 753 2824 810 Zosimi
2860 749 3136 823 martyris.

1935 849 2053 904 Xlll
2096 849 2214 905 Kal.
2261 848 2320 904 S.
2357 846 2636 904 Anastasii
2680 843 2919 917 episcopi
2953 852 3008 899 et
3047 837 3371 897 confessoris
3416 836 3510 892 Vi-

2007 943 2155 1015 gilia.
2458 955 2467 963 ‘

1936 1034 2029 1090 XII
2066 1036 2186 1090 Kal.
2216 1033 2274 1090 S.
2309 1033 2523 1090 Thoma:
2564 1031 2787 1104 apostoli
2826 1031 2884 1085 in
2927 1028 3108 1084 India.
3156 1025 3511 1085 HILDIGRIIUS

2006 1146 2304 1187 EPISCOPUS.

1936 1221 2008 1278 XI
2052 1221 2170 1276 Kal.
2201 1222 2260 1278 8.
2290 1220 2605 1279 Theodosia:
2632 1219 2856 1291 virginis

1937 1312 1985 1368 Χ
2018 1313 2135 1369 Kal.
2168 1313 2226 1369 8.
2259 1314 2512 1370 Victoriae
2540 1312 2761 1384 virginis
2787 1319 2842 1367 et
2868 1308 3142 1380 martyris.

1935 1404 2010 1461 IX
2046 1404 2163 1460 Kal.
2187 1404 2384 1476 Vigilia
2414 1403 2616 1459 Natalis
2641 1403 2870 1458 Domini.

1936 1497 2047 1553 VIII
2078 1498 2196 1553 Kal.
2232 1498 2533 1554 NA'I‘IVITAS
2562 1498 2757 1552 Donum
2784 1511 2979 1552 nosrm
3008 1493 3134 1550 Isso
3163 1490 3407 1548 Cunis'rt.

1937 1587 2026 1645 Vl]
2055 1589 2174 1645 Kal.
2214 1590 2426 1645 Natalis
2466 1587 2523 1645 S.
2549 1588 2795 1659 Stephani
2822 1584 3236 1659 protomartyris.

1936 1681 2005 1738 VI
2030 1683 2145 1738 Kal.
2178 1682 2240 1739 S.
2268 1683 2524 1738 Johannis
2549 1681 2771 1751 apostoli
2797 1691 2844 1735 et
2872 1678 3216 1751 evangelista.

257 1778 303 1834 Il
352 1778 497 1835 Idus.
571 1778 630 1835 S.
687 1778 903 1836 Finiani
960 1779 1196 1837 enisconi
1262 1787 1319 1834 et
1373 1778 1649 1851 martyris.
1704 1768 1976 1836 Diest
2011 1772 2128 1829 Kal.
2165 1772 2265 1829 SS.
2286 1772 2658 1829 Innocentium
2681 1780 3001 1843 martyrum.

329 1872 549 1944 Αῑθνριο
587 1902 590 1906 λ

256 1965 402 2022 Idus.
429 1966 486 2023 8.
518 1966 700 2023 Luciaa
727 1967 954 2039 virginis
980 1974 1036 2021 et
1062 1965 1335 2038 martyris.

256 2058 377 2114 XIX
406 2058 525 2114 Kal.
556 2058 678 2115 Jan.
707 2060 765 2115 S.
799 2059 1000 2115 Nicasii
1027 2058 1266 2130 episcopi
1294 2065 1355 2114 et
1373 2055 1718 2113 confessoris.

256 2147 420 2213 XVIII
465 2150 584 2206 Kal.
609 2149 667 2207 8.
692 2150 970 2208 Aureliani
996 2149 1233 2222 episcopi
1260 2156 1316 2205 et
1341 2147 1686 2206 confessoris.
1709 2146 1832 2207 Dtes

325 2241 545 2317 Egypt-

258 2412 806 2437 Mm

1934 1866 2003 1922 IV
2030 1865 2151 1921 Kal.
2180 1866 2238 1922 S.
2271 1866 2467 1922 Felicis
2492 1880 2642 1936 papa
2669 1873 2725 1921 et
2749 1862 3025 1934 martyris.

1934 1959 2002 2015 Ill
2027 1958 2145 2014 Kal.
2188 1959 2244 2015 8.
2276 1960 2529 2031 Perpetui
2556 1959 2790 2031 episcopi
2818 1954 3152 2014 Turonensis

1937 2048 1985 2106 II
2029 2050 2088 2107 8.
2122 2049 2369 2110 Silvestri
2393 2066 2565 2123 papae,
2592 2050 2868 2109 Columba:
2895 2048 3140 2121 virginis.

818 2398 3498 2436 MM

432 2603 1276 2710 MARTYBOLOGIUM
1334 2599 1755 2705 INSIGNIS
1824 2595 2311 2699 ECCLESIIE
2385 2591 3336 2699 ANTISSIODOBENSIS.

1647 2827 2069 2854 Μ

835 2988 1126 3046 JANUARI
1136 2987 1241 3046 US.

468 3079 596 3137 lani
621 3081 790 3153 prima
813 3082 924 3138 dies
955 3092 1000 3138 et
1025 3083 1244 3154 septima
1269 3079 1374 3148 ﬁne
1397 3079 1628 3136 timetur.

258 3168 513 3228 Kalendis
534 3171 795 3229 Januarii.
830 3174 1185 3231 Circomcisio
1209 3182 1266 3228 et
1288 3180 1480 3229 octava
1508 3173 1719 3230 Domini
1742 3189 1840 3232 no-
1864 3234 1865 3237 η

330 3267 429 3321 stri
456 3265 582 3323 Isso
604 3266 847 3324 Catusrt.
876 3266 1061 3323 Romae
1083 3268 1141 3324 8.
1171 3269 1437 3325 Almachii
1474 3270 1754 3343 martyris,
1782 3276 1840 3326 et

333 3354 391 3411 8.
408 3355 648 3412 Martinze
662 3358 884 3430 virginis
895 3368 950 3414 et
964 3358 1398 3431 martyris.Apud
1417 3360 1691 3431 Spoletum
1705 3361 1839 3417 civi-

328 3456 493 3505 tatem
511 3451 690 3520 passio
703 3450 760 3507 S.
775 3450 1059 3508 Concordii
1077 3452 1352 3524 martyris.
1366 3453 1522 3522 Apud
1535 3452 1837 3510 Caesaream

330 3538 678 3612 Cappadociae
718 3543 915 3599 natalis
954 3543 1012 3600 8.
1041 3543 1227 3599 Basilii
1272 3544 1511 3615 episcopi
1539 3552 1594 3599 et
1626 3544 1839 3600 confes-

330 3632 487 3687 soris.
502 3631 759 3688 lnAfrica
788 3633 981 3689 natalis
1004 3633 1061 3689 S.
1076 3633 1344 3706 Fulgentii
1367 3636 1604 3707 episcopi
1624 3644 1681 3692 et
1701 3651 1835 3692 con-

330 3723 572 3781 fessoris.
596 3725 751 3796 Apud
775 3725 1157 3781 Alexandriam
1180 3725 1238 3782 8.
1266 3725 1567 3783 Eofrosinze
1587 3727 1832 3799 virginis.

329 3815 386 3871 In
405 3817 676 3874 territorio
690 3817 1034 3890 Lugdunensi
1054 3817 1250 3874 natalis
1265 3818 1323 3875 8.
1344 3819 1585 3890 Eugendi
1599 3818 1833 3875 abbatis.

329 3904 603 3963 Ravennae
616 3906 676 3963 S.
695 3907 880 3965 Severi
893 3909 1132 3982 episcopi
1146 3917 1201 3965 et
1217 3910 1490 3982 martyris.
1504 3908 1638 3966 Item
1650 3909 1836 3966 Romae

328 4008 627 4070 martyrum
660 4016 789 4055 xxx.

400 4088 539 4145 Obiit
568 4089 824 4147 Rebertus
861 4090 1040 4147 Levita
1071 4100 1119 4147 et
1157 4108 1459 4147 canonicus.
1503 4090 1633 4163 Ipsa
1661 4092 1746 4147 die
1778 4093 1835 4147 in

325 4182 585 4237 territorio
611 4183 924 4239 Arvernensi
941 4225 956 4249 ,
987 4183 1214 4239 coenobio
1236 4182 1551 4253 Silviniaco,
1580 4184 1833 4256 depositio

328 4276 506 4331 damni
530 4275 799 4333 Ordilonis
828 4275 1189 4333 Cluniacentis
1214 4277 1435 4333 abbatis.

1866 2972 1912 3038 C
1940 2988 2107 3047 Nonis
2135 2988 2357 3046 Ianuar.
2385 2988 2573 3045 Romae
2596 2984 2793 3043 natalis
2818 2983 2991 3043 sancti
3020 2982 3334 3056 Telesphori
3359 2994 3513 3054 papa

2010 3090 2064 3137 et
2088 3082 2365 3154 martyris.
2412 3079 2760 3148 Jerosolymze
2794 3076 2858 3132 B.
2905 3074 3175 3132 Simeonis
3217 3074 3512 3146 prophetae,

2008 3173 2100 3244 qui
2145 3174 2432 3229 Dominum
2481 3180 2724 3227 nostrum
2756 3167 2922 3225 Isson
2954 3167 3228 3224 CIIIIIS'I‘UI
3266 3165 3322 3221 in
3358 3164 3514 3219 ulnas

2005 3267 2233 3339 accepit.
2261 3266 2417 3338 Apud
2443 3264 2783 3321 Antiochiam
2813 3263 2867 3317 in
2888 3260 3120 3318 ecclesia
3148 3275 3268 3331 quas
3291 3264 3516 3314 vocatur

2005 3358 2366 3427 Poenitentia,
2410 3357 2676 3430 depositio
2718 3353 2989 3414 Simeonis
3024 3350 3276 3412 monachi
3322 3349 3415 3424 qui
3458 3346 3516 3405 in

2004 3451 2253 3509 columna
2278 3453 2446 3508 stetit.

2076 3543 2217 3600 Obiit
2268 3546 2541 3601 Ebrardus
2590 3547 2741 3602 subd.
2798 3555 2847 3603 et
2893 3564 3107 3615 canam,
3136 3548 3226 3620 qui
3270 3547 3409 3604 datis
3455 3530 3529 3605 in.

2003 3647 2293 3692 claustrum
2325 3639 2623 3709 faciendum
2654 3655 2685 3695 c
2723 3640 2930 3707 solidis,
2954 3641 3097 3696 dedit
3120 3642 3274 3696 etiam
3301 3641 3513 3696 domum

2002 3746 2155 3786 suam
2184 3734 2448 3787 canonicis
2484 3742 2533 3788 et
2561 3734 2759 3800 vineas,
2806 3734 2903 3789 hoc
2936 3743 3088 3805 pacto
3122 3742 3178 3788 ut
3208 3733 3398 3805 fratres
3428 3733 3515 3789 sui

2007 3824 2424 3878 anniversarium
2454 3824 2566 3895 ejus
2597 3816 2732 3879 diem
2762 3827 2882 3879 inde
2906 3824 3177 3896 facerent,
3200 3834 3248 3880 et
3272 3824 3512 3881 canonici

2006 3914 2271 3969 canonicis
2312 3914 2644 3985 refectionem
2673 3915 3040 3985 persolverent.
3090 3915 3245 3982 Quod
3267 3916 3313 3970 si
3339 3915 3510 3986 facere

2005 4016 2323 4073 recusarent,
2367 4008 2609 4062 canonici
2647 4007 2857 4063 domum
2884 4016 2934 4063 et
2956 4008 3132 4063 vineas
3172 4008 3271 4063 sibi
3300 4008 3509 4078 accipe-

2001 4107 2154 4165 rent,
2198 4107 2248 4154 et
2290 4101 2708 4155 anniversarium
2754 4100 2893 4155 idem
2938 4116 3058 4154 cum
3089 4098 3423 4171 eleemosynis
3461 4107 3512 4155 et

2005 4192 2280 4261 refectione
2310 4192 2651 4249 celebrarent.

1862 4340 1881 4357 ,A
1934 4280 2045 4340 VIII
2072 4284 2195 4340 ldus
2220 4283 2485 4341 Januarii.
2512 4285 2811 4357 Epiphania
2850 4284 3066 4341 Domini
3113 4284 3304 4341 nostri.
3338 4284 3398 4339 In
3428 4282 3507 4339 ci-

257 4370 326 4427 ιν
357 4372 537 4430 Nonas
568 4373 829 4429 Ianuarii.
861 4373 917 4429 In
948 4373 1225 4428 Thebaide
1250 4372 1517 4443 depositio
1553 4372 1700 4429 beati
1724 4371 1834 4427 Ma-
1858 4354 1911 4415 Ῑ)
2007 4373 2173 4428 vitate
2200 4374 2503 4431 Antiochia:
2530 4354 2728 4432 nat—alis
2754 4376 2923 4432 sancti
2946 4375 3143 4432 Iuliani
3170 4376 3427 4448 martyris
3455 4383 3512 4431 et

329 4464 498 4520 charii
527 4464 756 4521 abbatis.
794 4464 862 4520 Et
887 4465 942 4521 in
972 4464 1147 4520 Ponto
1176 4464 1395 4519 civitate
1421 4463 1643 4520 Thomis
1669 4464 1831 4520 trium

329 4552 560 4610 fratrum
604 4557 791 4626 Argei,
836 4555 1099 4622 Narcissi,
1147 4564 1204 4612 et
1245 4554 1539 4611 Marcellini
1582 4555 1736 4625 pueri
1778 4561 1836 4611 et

325 4656 485 4703 mart.
526 4648 583 4704 In
613 4648 789 4705 Frisia
818 4650 999 4721 passio
1025 4649 1081 4704 S.
1107 4649 1397 4721 Tlteaginis
1422 4650 1696 4722 martyris.

256 4738 324 4796 Ill
354 4737 536 4795 Nonas
556 4738 775 4794 Ianuar.
820 4739 1006 4796 Romae
1057 4741 1251 4796 natalis
1278 4740 1334 4796 S.
1366 4743 1637 4797 Anthcros
1679 4757 1832 4813 papae

328 4843 382 4890 et
396 4835 748 4906 martyris.Pa
756 4835 917 4890 risius
930 4835 1193 4904 depositio
1209 4844 1409 4891 sanctae
1422 4834 1708 4892 Genovefa:
1721 4838 1772 4891 vi
1782 4852 1827 4891 r-

326 4927 484 4997 gints.
511 4925 568 4981 ln
592 4926 809 4981 civitate
830 4926 1035 4981 Aulana
1063 4926 1242 4995 passio
1257 4926 1315 4981 S.
1334 4925 1501 4995 Petri,
1534 4928 1625 4998 qui
1654 4928 1833 4985 crucis

326 5017 589 5088 supplicio
617 5026 702 5074 est
729 5017 1103 5087 interemptus.
1128 5017 1350 5074 Viennae
1377 5020 1550 5075 sancti
1573 5020 1834 5076 Florentii

327 5110 581 5181 episcopi.

402 5203 542 5259 Obiit
575 5201 892 5259 Gislebertus
915 5203 1183 5276 episcopus
1212 5211 1260 5260 et
1297 5204 1524 5261 Abienus
1559 5206 1829 5263 archidia—

326 5313 507 5352 conus.
1368 5318 1371 5321 λ

255 5387 439 5443 Pridie
468 5403 639 5445 nonas
672 5386 895 5444 Ianuar.
943 5389 1098 5460 Apud
1124 5389 1342 5445 Cretam
1388 5389 1586 5446 natalis
1624 5389 1683 5446 8.
1723 5389 1828 5447 Titi

332 5482 698 5553 apestolorum
756 5481 1023 5553 discipuli.
1069 5482 1256 5538 Romae
1295 5481 1394 5538 SS.
1445 5489 1604 5538 mart.
1661 5482 1831 5539 Prisci

326 5574 627 5645 presbyteri
666 5583 724 5630 et
760 5574 1081 5630 Priscilliani
1108 5582 1162 5630 et
1190 5573 1495 5631 Benedicta:
1540 5575 1834 5647 religiosis-

331 5666 480 5722 simte
507 5664 719 5722 femina:
753 5676 812 5724 et
848 5668 1021 5726 beatae
1060 5666 1296 5726 Dafrosee
1320 5669 1666 5741 martyris,et
1696 5669 1830 5725 alio-

258 5762 265 5768 ’
325 5772 448 5819 rum
471 5773 547 5824 νιι
576 5768 737 5823 mart.

2006 4462 2276 4519 Basilissae
2305 4475 2359 4520 et
2386 4464 2527 4521 Celsi
2557 4467 2713 4536 pueri
2738 4477 2793 4522 et
2818 4467 3185 4533 Marcianillae,
3208 4476 3263 4523 et
3290 4465 3510 4521 Antonii

2009 4557 2312 4629 presbyteri
2359 4564 2416 4612 et
2462 4558 2738 4614 Anastasii
2782 4568 3102 4630 martyrum.
3133 4560 3193 4614 In
3233 4557 3510 4614 territorio

2007 4648 2260 4704 Remensi
2295 4649 2477 4718 passio
2512 4658 2713 4706 sanctae
2741 4649 2945 4720 Magnae
2971 4650 3213 4721 virginis.
3246 4649 3514 4705 Autissio-

2007 4739 2136 4795 dero
2164 4740 2443 4795 translatio
2470 4740 2645 4795 sancti
2671 4740 2929 4796 Germani
2957 4740 3304 4797 confessoris.

2079 4830 2219 4885 Obiit
2252 4814 2495 4885 dominus
2529 4830 2616 4887 W.
2646 4830 2804 4902 hujus
2835 4842 3029 4886 sancta?
3065 4832 3295 4886 ecclesia:
3320 4833 3515 4903 episco-

2004 4939 2120 4992 pus.
2151 4922 2275 4994 Ipso
2300 4922 2385 4976 die
2423 4921 2705 4977 Wadricus
2737 4922 2884 4977 miles
2913 4923 2976 4977 de
3003 4921 3282 4980 Warsiaco
3310 4922 3454 4975 obiit.

1935 5013 2024 5071 Vll
2067 5014 2191 5070 ldus
2215 5012 2436 5069 Ianuar.
2469 5012 2682 5069 Relatio
2708 5012 2837 5071 Isso
2861 5030 2931 5070 ex
2957 5013 3207 5084 Egypto.
3241 5012 3298 5065 In
3321 5013 3510 5067 Antio-

2004 5108 2126 5163 chia
2158 5107 2351 5162 natalis
2377 5108 2551 5163 sancti
2576 5096 2802 5164 Luciani
2832 5106 3131 5180 presbyteri
3152 5114 3207 5161 et
3230 5105 3507 5175 martyris,

2006 5203 2096 5272 qui
2126 5202 2178 5257 in
2213 5210 2447 5274 quatuor
2472 5203 2719 5274 partibus
2748 5212 2831 5259 est
2861 5201 3085 5264 divisus,
3116 5206 3171 5254 et
3199 5198 3255 5253 in
3284 5196 3507 5269 singulis

2001 5296 2269 5366 lapidibus
2297 5297 2493 5370 ligatus
2522 5307 2577 5354 et
2609 5299 2661 5352 in
2690 5311 2838 5353 mare
2870 5308 3097 5349 mersus.

1935 5389 2006 5448 Vl
2048 5389 2172 5447 Idus
2191 5390 2459 5447 Januarii.
2477 5391 2699 5461 Neapoli
2725 5391 2780 5445 in
2802 5385 3094 5456 Campania
3119 5383 3293 5440 sancti
3319 5381 3507 5439 Severi
3552 5436 3556 5440 Α

2007 5480 2356 5549 confessoris,
2397 5484 2657 5539 Belvacus
2702 5481 2877 5536 sancti
2919 5477 3142 5534 Luciani
3183 5476 3503 5549 presbyteri,

2003 5575 2315 5632 Maximiani
2351 5575 2637 5633 etlluliani
2672 5583 2993 5646 martyrum.

2077 5669 2219 5725 Obiit
2249 5669 2558 5725 Anastasius
2590 5667 2858 5724 Senonum
2883 5666 3320 5737 archiepiscopus.

1939 5762 1984 5821 V
2014 5762 2137 5819 Idus
2174 5761 2397 5820 Ianuar.
2427 5761 2583 5833 Apud
2614 5759 2904 5833 Smyrnam
2941 5758 3136 5818 natalis
3161 5757 3262 5817 SS.
3292 5755 3505 5825 Vitalis,
