3962 5386
484 256 618 317 1211
642 308 645 317 .

554 372 814 431 Revocati
842 379 899 431 et
916 372 1222 442 Fortunati;
1246 378 1302 432 et
1320 373 1376 429 in
1400 371 2063 430 Mauritania'Caasariensi
2085 373 2135 438 Δ

550 466 745 522 natalis
773 478 972 522 sanctae
997 466 1236 522 Martinae
1264 467 1507 538 virginis.

487 558 556 616 IV
582 560 707 615 ldus
758 556 981 615 Ianuar.
1014 560 1071 615 In
1099 560 1375 615 Thebaide
1403 559 1668 631 depositio
1702 560 1875 615 sancti
1906 558 2066 616 Pauli

555 654 713 725 primi
746 655 1008 717 erelnitae,
1038 655 1129 724 qui
1175 670 1205 708 a
1245 670 1335 709 xvr
1375 654 1551 709 aetatis
1582 670 1691 710 sua:
1725 670 1867 709 anno
1894 669 2068 725 usque

560 749 625 801 ad
652 764 779 802 CIIII
810 749 955 804 solus
980 752 1030 803 in
1051 763 1233 804 eremo
1255 751 1567 820 permansit,
1584 750 1808 820 ejusque
1827 750 2065 806 animam

564 840 706 895 inter
735 843 1271 897 sanctorumchoros
1307 844 1373 898 ad
1397 844 1590 899 omlum
1622 844 1751 898 ferri
1777 844 1844 898 ab
1865 843 2070 916 angelis

561 932 625 987 B.
658 932 925 988 Antonius
948 934 1102 989 vidit.
1138 936 1203 989 Et
1232 936 1284 989 in
1311 936 1489 1006 Cypro
1537 936 1597 991 B.
1647 935 1931 991 Nicanoris
1977 935 2069 1007 qui

563 1024 665 1079 fuit
696 1042 834 1081 unus
861 1029 924 1082 de
950 1044 1021 1083 vn
1042 1028 1375 1083 diaronibus.
1411 1010 1415 1017 ί
2062 1024 2071 1029 ’

538 1133 553 1155 κ
635 1114 763 1186 Ipsa
810 1117 893 1171 die
932 1116 1226 1174 Leotardus
1261 1120 1505 1175 sacerdos
1544 1128 1592 1176 et
1634 1121 1865 1176 decanus
1906 1120 2073 1176 Seno-

564 1225 685 1262 num
740 1208 885 1264 obiit.
934 1208 1070 1265 Item
1114 1208 1477 1275 Frotmundus
1516 1211 1663 1268 miles
1716 1210 1774 1268 S.
1823 1210 2074 1280 Stephani

568 1301 712 1356 obiit.

493 1392 558 1449 Ill
599 1393 722 1449 ldus
762 1392 982 1450 Januar.
1011 1395 1069 1451 In
1095 1394 1278 1452 Africa
1304 1398 1501 1453 natalis
1530 1397 1701 1453 sancti
1732 1396 1898 1454 Salvii
1927 1412 2075 1452 mar-

570 1489 722 1560 tyris.
755 1490 909 1560 Apud
943 1490 1328 1547 Alexandriam
1354 1493 1551 1549 natalis
1579 1492 1678 1549 SS.
1705 1491 2073 1548 confessorum

566 1578 733 1646 Petri,
763 1580 946 1638 Severi
978 1592 1035 1639 et
1062 1583 1288 1647 Leutici.
2044 1577 2075 1587 ”

496 1671 541 1729 II
583 1674 704 1731 ldus
751 1675 872 1732 Jan.
926 1678 1080 1748 Apud
1127 1679 1388 1735 Achaiam
1440 1679 1639 1735 natalis
1677 1680 1849 1736 sancti
1895 1677 2078 1734 Saturi

570 1770 848 1842 martyris.
890 1771 1089 1827 Eodem
1146 1773 1232 1827 die
1279 1773 1450 1829 saneti
1501 1773 1759 1830 Arcliadii
1799 1761 2079 1844 martyris:
2105 1752 2152 1815 Β

573 1859 722 1932 Apud
768 1862 1038 1935 Lingones
1086 1865 1257 1922 sancti
1305 1865 1549 1938 Gregorii
1579 1860 1816 1938 episcopi
1851 1875 1906 1921 et
1950 1858 2079 1921 con-

569 1951 813 2008 fossuris.
1422 1970 1429 1973 ’
1496 1956 1499 1959 ’
1736 1952 1739 1957 ’
1806 1954 1807 1957 “
1898 1951 1903 1957 ’
2020 1950 2029 1955 ’

499 2045 682 2102 Idibus
710 2047 833 2102 Jan.
864 2047 1059 2107 Romae”
1079 2049 1165 2103 via
1194 2049 1463 2106 Lavicana
1486 2066 1700 2106 coronae
1728 2049 1956 2106 militum
1988 2063 2076 2103 XL.

575 2138 810 2196 Pictavis
841 2141 1104 2211 depositio
1153 2141 1210 2196 S.
1251 2143 1437 2197 Hilarii
1492 2143 1728 2213 episcopi
1776 2152 1831 2197 et
1870 2139 2084 2197 confes-

573 2233 729 2287 soris.
760 2233 946 2288 Remis
980 2235 1175 2291 natalis
1222 2234 1279 2290 S.
1323 2236 1549 2305 Remigii
1597 2235 1834 2307 episcopi
1863 2242 1920 2290 et
1947 2248 2080 2290 00'-

576 2316 818 2381 fessoris.
851 2326 1065 2381 Octavze
1088 2327 1388 2397 epiphanize
1421 2327 1653 2382 Domini.

646 2415 770 2486 Ipsa
800 2417 882 2470 die
908 2416 1200 2471 Ruinaldus
1241 2408 1530 2472 /Eduensis
1571 2418 1841 2489 episcopus
1882 2416 1945 2472 ab
1984 2417 2082 2473 hoc

575 2508 765 2563 saeculo
790 2520 865 2563 est
894 2509 1202 2564 translatus.

511 2602 632 2659 XIX
657 2602 775 2681 Kal.
809 2592 968 2681 Febr.
1000 2602 1055 2673 Ιῃ
1086 2588 1372 2681 Aniiochia
1404 2604 1621 2679 Glicerii
1667 2604 1877 2679 diaconi
1904 2603 2087 2681 multis

580 2680 863 2750 tormentis
896 2697 1036 2765 passi
1068 2706 1122 2749 et
1146 2697 1196 2749 in
1229 2680 1374 2751 mare
1408 2698 1589 2751 mersi.
1624 2695 1753 2750 Nola
1778 2695 2088 2765 Campania!

578 2790 760 2858 passio
799 2790 972 2844 sancti
1006 2789 1200 2845 Felicis
1245 2791 1545 2862 presbyteri
1575 2790 1767 2860 sepulti
1803 2792 1853 2845 in
1887 2790 2083 2846 Pincis.

1365 253 1657 320 APPEND.
1683 253 1778 311 AD
1816 251 1991 312 StEC.
2032 250 2104 311 Χ.
2142 282 2213 296 --
2249 249 2680 313 MONUMENTA
2720 251 2998 310 LITURG.

3600 252 3721 317 iiii

2308 372 2509 428 Eodem
2535 373 2619 428 die
2650 370 2925 427 Gurardus
2950 370 3075 426 obiit
3111 369 3264 440 hujus
3302 366 3541 425 ecclesia
3579 385 3718 423 cano-

2235 465 2386 520 nicus
2434 474 2483 520 et
2542 464 2850 535 pra'positas
2901 472 3095 519 sancite
3147 460 3360 521 Mariae.
3426 458 3566 514 Item
3618 460 3722 527 obiit

2244 556 2523 614 Vauterius
2554 558 2705 614 levita
2737 568 2783 612 et
2810 557 3110 620 canonicus,
3144 555 3232 626 qui
3256 554 3405 609 dedit
3435 553 3504 606 ad
3527 553 3726 623 oﬁcitm

2236 650 2421 706 altaris
2450 649 2507 705 S.
2552 649 2805 725 Stephani
2852 649 3154 702 restituente
3201 642 3557 721 sacerdotalia
3595 652 3638 698 et
3671 644 3727 701 Ii-

2239 744 2384 799 brum
2419 744 2771 798 necessarium
2805 740 2873 796 ad
2896 742 3109 794 missam
3143 738 3537 813 celebrandam.
3570 746 3614 801 et
3637 736 3727 805 fra-

2225 838 2407 902 tribus
2436 836 2576 891 dedit
2604 836 2735 893 duos
2777 832 3100 903 molendinos
3130 830 3267 901 apud
3330 828 3724 898 I’illamnorant,

2241 932 2454 986 domum
2480 972 2495 996 ,
2529 929 2837 985 viridarium
2862 970 2878 997 ,
2906 926 3082 1001 vinum
3118 924 3185 981 ad
3220 925 3302 980 sui
3332 923 3728 979 memoriam-im

2237 1025 2493 1081 ciendam.

2171 1118 2267 1176 XV
2294 1118 2412 1173 Kal.
2446 1117 2608 1173 Febr.
2637 1115 2910 1172 Cathedra
2955 1113 3131 1170 sancti
3177 1112 3328 1171 Petri
3376 1109 3608 1181 apostoli
3646 1125 3729 1181 qus

2242 1212 2477 1284 primum
2526 1210 2710 1265 Romae
2757 1208 2915 1264 sedit.
2945 1206 3145 1262 Eodem
3187 1206 3276 1261 die
3320 1202 3528 1259 natalis
3559 1213 3730 1257 sancta

2243 1304 2442 1361 Priscae
2475 1302 2703 1375 virginis
2747 1309 2803 1356 et
2845 1299 3116 1372 martyris.
3160 1298 3227 1352 Et
3266 1296 3323 1353 in
3362 1294 3542 1352 Ponto
3569 1293 3731 1349 natalis

2247 1399 2347 1457 SS.
2395 1409 2696 1472 martyrum
2739 1396 2903 1453 Mosei
2957 1404 3014 1451 et
3058 1393 3364 1461 Ammonis.
3415 1390 3732 1446 Alexandria

2248 1492 2420 1549 sancti
2452 1489 2671 1546 Maximi
2710 1488 2944 1561 episcopi
2986 1495 3042 1542 et
3073 1485 3430 1557 cantassoris.
3459 1483 3515 1538 In
3545 1480 3732 1539 civitate

2247 1584 2526 1657 Apollonia
2572 1583 2751 1654 passio
2786 1581 2886 1637 SS.
2941 1581 3082 1647 'I‘irsi
3108 1621 3124 1646 ,
3168 1578 3334 1635 Leuci
3381 1586 3441 1633 et
3480 1575 3728 1632 Gallenici.

2249 1677 2625 1735 Antissiodero
2666 1674 2933 1732 dedicatio
2966 1673 3140 1737 beatae
3164 1680 3220 1729 et
3243 1671 3501 1745 gloriosa:
3529 1667 3733 1739 Virginis

2248 1770 2462 1829 Manut.

2325 1871 2466 1926 Obiit
2514 1868 2801 1926 Gislaudus
2846 1867 3143 1939 presbyter,
3186 1865 3279 1937 qui
3322 1881 3447 1921 cum
3479 1864 3632 1936 fratre
3654 1879 3729 1917 suo

2250 1962 2567 2019 Fredeberto
2627 1962 2848 2021 diacono
2895 1968 2944 2015 et
3002 1958 3253 2014 Vinberto
3318 1956 3461 2012 laico
3512 1948 3731 2009 dederunt

2249 2045 2783 2127 fratribus‘mansum
2821 2069 2975 2109 suum
3015 2069 3132 2108 cum
3167 2043 3415 2106 omnibus
3454 2037 3729 2118 appenditiii

2251 2138 2382 2215 suis,
2408 2150 2471 2204 de
2490 2138 2651 2204 vineis
2675 2165 2925 2219 arpennes
2948 2163 3063 2212 vm,
3084 2147 3148 2201 de
3178 2136 3334 2200 terris
3357 2134 3607 2211 ancingas
3636 2128 3729 2206 ses:

2250 2243 2338 2312 qui
2367 2253 2439 2297 est
2463 2243 2592 2295 situs
2626 2242 2681 2294 in
2722 2258 2853 2312 pago
2897 2239 3151 2295 Senonico
3182 2239 3238 2292 in
3271 2236 3405 2291 villa
3446 2231 3728 2289 Caciacoad

2252 2334 2581 2407 refectionem
2606 2333 2870 2409 canonicis
2892 2330 3274 2409 celebrandam.

2324 2428 2757 2483 Commemoratio
2791 2424 3044 2496 Gaufredi
3077 2434 3124 2479 et
3158 2424 3338 2479 uxoris
3381 2422 3499 2493 ejus
3536 2419 3729 2474 Heldro-

2254 2520 2358 2585 dw,
2388 2536 2480 2590 pro
2509 2535 2729 2591 quorum
2757 2516 3081 2571 absolutione
3110 2528 3154 2570 et
3186 2524 3389 2570 sanctte
3412 2512 3593 2568 Maria:
3610 2526 3728 2564 rene-

2257 2594 2469 2683 ratione'
2490 2609 2642 2664 Πίσαο
2674 2594 3038 2685 nuntiatum
3082 2592 3295 2686 pineam
3318 2593 3505 2683 'éledif,
3535 2592 3606 2683 'de
3641 2615 3724 2671 quo

2259 2706 2513 2777 fratribus
2555 2702 2900 2757 dedicationis
2944 2701 3109 2771 ipsius
3156 2697 3396 2768 Virginis
3432 2696 3517 2750 die
3551 2694 3727 2748 daretur

2255 2814 2350 2867 pro
2380 2806 2603 2864 tempore
2626 2794 2855 2863 refectio.

582 2878 651 2932 Et
678 2878 803 2933 alibi
835 2879 1102 2935 depositio
1135 2881 1304 2935 sancti
1336 2879 1568 2935 Eufrarii
1603 2881 1842 2953 episcopi
1873 2889 1928 2935 et
1955 2896 2087 2936 con-
2187 2887 2308 2944 XIV
2333 2887 2452 2943 Kal.
2499 2887 2657 2942 Febr.
2700 2884 3046 2954 Jerosolymae
3078 2882 3277 2938 natalis
3304 2880 3531 2937 Martha:
3559 2887 3607 2935 et
3641 2876 3727 2931 Μθο

579 2966 801 3025 fessoris

656 3062 935 3138 Qrdinatio
964 3062 1223 3121 Gerranni
1259 3066 1505 3135 episcopi,
1534 3067 1621 3137 qui
1656 3066 1797 3142 dedit
1834 3066 2089 3136 fratribus

578 3155 636 3211 in
682 3157 930 3211 comitatu
976 3156 1238 3213 Laticensi
1269 3155 1522 3212 Gaiacum
1572 3175 1687 3212 cum
1728 3161 1966 3213 omnibus
1996 3177 2091 3231 ap-

584 3249 831 3316 penditiis
855 3252 986 3304 suis.
1025 3245 1243 3305 Vineam
1272 3269 1474 3322 quoque
1506 3268 1623 3323 qua:
1653 3264 1725 3306 est
1755 3253 1808 3305 in
1846 3254 2090 3308 suburbio

584 3343 805 3398 civitatis
827 3359 944 3414 quae
973 3344 1168 3398 dicitur
1194 3342 1527 3410 Cerseredus,
1559 3363 1716 3416 quam
1742 3347 1831 3414 qui
1855 3346 2093 3400 habuerit

582 3451 674 3505 per
712 3437 947 3491 chartam
989 3439 1071 3491 det
1119 3439 1369 3508 fratribus
1415 3439 1521 3494 vini
1560 3440 1793 3494 modium
1831 3458 1991 3496 unum
2022 3441 2092 3496 ad

583 3530 836 3595 minorem
863 3549 1180 3587 mensuram.
1710 3540 1713 3545 ’
1832 3538 1839 3543 ’

642 3624 841 3681 Eodem
869 3628 953 3682 die
980 3627 1309 3697 Rotdulphus
1332 3645 1422 3683 rex
1436 3628 1722 3700 obiit.'lpsa
1740 3629 1824 3683 die
1840 3628 2094 3685 Tetardus

584 3720 732 3776 miles
769 3722 832 3797 ab
878 3722 1101 3776 inimicis
1144 3721 1445 3792 interfectus
1485 3729 1612 3789 est,~
1640 3732 1686 3777 et
1733 3721 2095 3778 Frotmundus

585 3817 848 3871 sacerdos.
887 3813 1023 3870 Item
1056 3814 1169 3886 ipsa
1213 3813 1296 3869 die
1332 3814 1457 3868 obiit
1496 3813 1780 3870 Heldricus
1830 3815 1988 3870 abbas
2032 3814 2091 3871 S.

524 3932 529 3939 -
587 3904 853 3963 Germani.

517 3997 678 4055 XVIII
711 3997 829 4053 Kal.
882 3997 1041 4054 Febr.
1091 3998 1149 4054 In
1193 3998 1427 4070 Egypto
1474 3998 1536 4053 Β.
1587 3999 1843 4061 Macharii
1886 4000 2097 4056 abbatis

586 4090 837 4162 discipuli
879 4089 936 4146 S.
962 4090 1203 4146 Antonii.
1224 4092 1299 4145 'Et
1329 4091 1455 4145 alibi
1497 4090 1555 4147 S.
1587 4090 1859 4147 Hisiodori
1886 4093 2100 4148 confes-

591 4183 749 4238 soris.
779 4182 1083 4253 Andegavis
1110 4181 1176 4237 B'.
1210 4181 1380 4237 Mauri
1412 4183 1657 4237 monachi
1684 4192 1740 4237 et
1765 4183 1998 4240 abbatis.
2032 4186 2099 4240 Et

591 4275 718 4330 alibi
747 4276 1011 4345 depositio
1033 4276 1249 4330 AbaCuc
1275 4285 1329 4330 et
1356 4276 1594 4330 Michiea:
1621 4271 2045 4348 prophetarum.’
2080 4272 2089 4285 ’

522 4363 661 4420 XVII
706 4364 819 4418 Kal.
874 4364 1063 4421 Febr.’
1096 4366 1279 4421 Romae
1327 4367 1421 4421 via‘
1467 4367 1676 4423 Salaria
1709 4365 1781 4423 'in
1833 4370 2098 4427 cimiterio

593 4455 893 4523 Priscillae,
944 4458 1207 4528 depositio
1255 4458 1489 4523 Marcelli
1534 4477 1686 4532 papae
1727 4471 1781 4517 et
1820 4458 2093 4535 martyris.

592 4552 809 4608 Arelate
856 4554 1029 4609 sancti
1074 4553 1335 4608 Honorati
1385 4556 1619 4626 episcopi
1660 4552 2095 4612 et’conlessoris.

594 4646 835 4702 Parrona
907 4649 1155 4704 εαξηοῦἰο
1235 4643 1407 4704 sancti
1482 4649 1669 4705 Fursei
1751 4649 2095 4707 confessoris.

594 4739 857 4795 Arvernis
906 4741 1101 4797 natalis
1149 4738 1327 4798 sancti
1366 4742 1541 4798 Boniti
1588 4743 1827 4815 episcopi
1874 4751 1929 4800 et
1964 4759 2095 4799 con-

525 4858 529 4863 ~
595 4830 839 4887 fessoris.

672 4920 812 4978 Obiit
868 4922 1173 4979 Heribertus
1240 4926 1397 4995 episc.
1450 4935 1496 4980 et
1556 4936 1730 4997 postea
1790 4929 2093 4983 monachus.

601 5013 742 5069 Obiit
797 5016 1062 5071 Arnaldus
1109 5017 1361 5072 diaconus
1404 5027 1451 5071 et
1493 5020 1756 5088 magister.
1796 5006 1929 5071 item
1979 5004 2102 5074 obiit

1914 5109 2103 5150 Fminm

599 5105 731 5150 null!
756 5109 900 5150 lmnm
924 5111 1187 5150 niosnnrim
1218 5108 1406 5150 faminn
1437 5109 1639 5150 Πρηηηρ
1664 5120 1868 5150 enrrnln

2126 4501 2176 4562 D

2261 2979 2356 3035 rite
2383 3019 2398 3045 ,
2427 2992 2672 3033 sororum
2704 2974 2913 3029 Lazari.
2946 2972 3267 3043 ln‘Sm'yrna
3314 2971 3510 3027 natalis
3539 2969 3591 3024 S.
3615 2966 3723 3022 Ger-

2266 3071 2463 3127 manici
2493 3070 2652 3123 mart.
2677 3074 2740 3123 ac
2764 3067 2950 3122 bestiis
2973 3065 3233 3121 damnati.
3267 3062 3551 3120 Corbionis
3578 3072 3726 3115 mona-

2264 3164 2429 3221 sterio
2460 3164 2654 3217 natalis
2680 3161 2852 3217 sancti
2884 3158 3207 3215 Launoma'ri
3240 3154 3580 3215 confessoris.
3652 3150 3659 3159 ’
3691 3146 3700 3156 ’

2337 3258 2477 3326 Obiit
2502 3256 2738 3310 Airricus
2772 3254 2945 3310 levita.
2978 3252 3176 3308 Eodem
3207 3253 3291 3307 die
3326 3250 3509 3305 Frodo
3536 3246 3666 3302 levita
3684 3252 3723 3299 et

2262 3354 2543 3409 canonicus
2594 3350 2748 3412 obiit,
2799 3349 2889 3421 qui
2928 3364 3021 3419 pro
3059 3344 3235 3401 salute
3257 3345 3452 3399 anima:
3492 3357 3595 3397 sua:
3631 3336 3722 3408 fecit

2262 3445 2385 3499 huic
2409 3440 2642 3497 ecclesice'
2660 3437 3174 3508 columbam'argenti
3212 3436 3346 3489 'aur‘o
3395 3473 3410 3488 .
3445 3473 3458 3488 .
3493 3471 3508 3487 .
3546 3432 3723 3484 deaura-

2266 3538 2374 3592 tam
2396 3553 2513 3591 cum
2541 3552 2732 3589 corona
2762 3531 2808 3588 et
2850 3528 3327 3602 catenis'arg'enteis
3353 3526 3569 3599 desuper
3591 3514 3722 3578 altare

2263 3631 2566 3703 pendentem
2594 3629 2661 3682 ad
2684 3624 2689 3629 ’
2710 3622 2895 3698 carptis
2914 3618 3157 3680 Domini"
3178 3623 3344 3679 nostri
3376 3612 3521 3679 'Jésu
3541 3618 3720 3675 Catusn

2265 3716 2695 3777 conservandum.
2816 3716 2843 3729 ”
3222 3712 3285 3728 ”
3404 3710 3413 3726 ’
3558 3718 3591 3723 ”

2338 3810 2538 3869 Eodem
2578 3806 2667 3868 die
2697 3811 2994 3868 Willelmus
3022 3812 3302 3866 canonicus
3336 3820 3383 3864 et
3426 3807 3567 3863 levita
3591 3802 3719 3866 obiit,

2265 3900 2356 3980 qui
2376 3924 2470 3978 pro
2501 3898 2726 3963 remedio
2757 3904 2948 3959 anima:
2971 3894 3080 3957 sua:
3102 3900 3169 3956 ad
3194 3900 3547 3955 bibliothecam
3564 3880 3721 3967 facien-

2268 3999 2390 4052 dam
2438 3998 2502 4051 de
2543 3996 2768 4051 nummis
2808 3996 2918 4049 suis
2968 3993 3131 4048 libras
3159 4000 3387 4064 quatuor
3427 3988 3576 4043 dedit;
3616 3983 3717 4037 Item

2268 4090 2392 4143 obiit
2424 4085 3011 4159 Rodulphus'sacerdos
3048 4078 3106 4138 ἐι
3147 4070 3449 4145 εαηοηῑόιιέ,
3489 4077 3567 4149 qui
3588 4073 3639 4128 ob
3660 4086 3719 4123 re-

2269 4174 2568 4236 inissibnem
2611 4184 2940 4249 peccatorum
2981 4175 3122 4229 dedit
3166 4170 3395 4228 ecclesia;i
3439 4168 3626 4224 calicem
3648 4177 3718 4213 ar-

2267 4288 2524 4349 genteum,
2568 4264 2778 4327 missale
2817 4266 3005 4325 librum
3053 4258 3303 4323 optimum
3355 4272 3404 4319 et
3450 4249 3716 4352 sacerdotalf

2267 4362 2654 4425 indumentum.
2840 4362 2847 4371 ’
2956 4362 2959 4369 ’
3070 4360 3075 4367 ’

2199 4454 2316 4517 XIII
2341 4458 2462 4515 Kal.
2491 4452 2649 4515 Féli'r.
2688 4458 2872 4513 Roma:
2904 4453 3098 4511 natalis
3117 4451 3342 4509 Fabiani
3374 4463 3516 4523 papae
3540 4453 3585 4501 et
3608 4453 3715 4497 marc

2277 4546 2411 4626 tyiis
2438 4595 2452 4619 ,
2496 4544 2551 4607 et
2596 4544 2781 4607 sancti
2806 4544 3104 4606 Sebastiani
3138 4539 3394 4619 martyris
3419 4586 3433 4612 ,
3469 4544 3517 4598 in
3543 4530 3712 4604 vestigia

2277 4640 2641 4719 apostolorum
2699 4635 2921 4715 sepulti:
2983 4640 3039 4698 In
3111 4630 3390 4725 cimiterio’
3436 4626 3713 4725 Callisti

2273 4706 2443 4812 Appia
2476 4741 2627 4795 Marii
2658 4750 2711 4795 et
2736 4706 2959 4793 nam
2988 4752 3108 4792 cum
3157 4721 3280 4789 mus
3310 4734 3422 4789 suis
3448 4725 3653 4785 Audita:
3673 4706 3713 4771 δι

2269 4830 2504 4887 Abacuc.
2540 4830 2798 4902 Lugdune
2812 4826 3009 4884 'Ga‘llim
3029 4818 3331 4881 Clementis
3348 4817 3633 4902 presbyteri.

2203 4926 2294 4981 XII
2318 4925 2435 4979 Kal.
2455 4925 2613 4979 Febr.
2632 4900 2815 4978 Romae
2843 4922 3022 4992 passio
3054 4929 3252 4975 sancta:
3281 4917 3495 4987 Agnetis
3517 4900 3706 5001 virgilliso

2228 5010 2237 5017 ’
2273 5008 2513 5072 Athenas
2536 5015 2595 5069 Β.
2627 5014 2799 5069 Publii
2831 5012 3101 5083 episcopi,
3134 5008 3233 5079 qu’i'
3270 5004 3298 5063 a
3334 5008 3396 5061 Β.
3439 5002 3578 5061 Paulo
3610 5002 3708 5063 apo-

2276 5110 2412 5150 clnln
2442 5112 2725 5150 miicr‘nmm
2759 5107 3040 5150 nl'tiilmllls
3067 5112 3166 5150 est-
3201 5102 3398 5150 Trecas
3419 5093 3590 5150 natalis
3610 5094 3705 5143 Sﬂn’
