3962 5386
469 294 614 355 1215
1313 290 1603 348 APPEND.
1639 287 1728 344 AD
1754 286 1928 345 SIEC.
1969 284 2037 343 Χ.
2076 315 2144 328 --
2171 285 2605 346 MONUMENTA
2623 287 2902 347 LITURG.
3572 293 3693 348 1216

540 413 599 469 8.
645 411 895 469 Sotheris
929 409 1177 482 virginis.
1233 408 1438 475 Romae,
1468 405 1572 462 SS.
1607 411 1907 478 martyrum
1943 401 2046 458 Zo—
2070 408 2124 470 Α
2147 401 2197 457 Χ
2225 402 2347 458 Kal.
2388 404 2588 460 Martii.
2617 404 2769 475 Apud
2807 405 3006 479 Tyrum
3066 403 3359 460 multorum
3389 412 3691 477 martyrum,

539 505 653 573 tici,
704 505 919 572 lrenaei,
949 503 1198 576 Hyacinti
1226 511 1284 558 et
1323 500 1581 555 Amantii.
1627 496 1785 568 Apud
1821 494 2045 552 Sancto-
2216 513 2446 569 quorum
2475 514 2762 554 numerum
2783 497 2878 553 Dei
2910 498 3135 554 scientia
3162 498 3386 569 colligit.
3414 497 3597 552 Romae
3617 498 3698 554 de—

543 610 665 662 nas,
688 595 906 665 Trojani
934 593 1170 666 episcopi
1210 602 1266 650 et
1303 591 1651 649 confessoris.
2216 590 2413 661 positio
2432 587 2566 661 Gagi
2592 590 2850 660 episcopi,
2891 598 2945 643 et
2969 576 3095 644 alibi
3124 589 3361 645 Victoris
3383 598 3440 644 et
3470 589 3695 646 Corona.

469 685 539 743 lIl
578 688 702 744 Idus
751 687 910 742 Febr.
958 687 1315 751 Alexandria,
1366 685 1631 756 depositio
1681 684 1739 737 S.
1782 681 2047 738 Eufrasias
2158 702 2161 703 '
2218 682 2278 738 In
2299 682 2616 738 Alemannia
2647 682 2787 737 beati
2813 681 2949 737 Galli
2979 681 3324 737 confessoris.

476 784 483 789 ’
543 781 789 852 virginis,
837 780 1121 852 Lugduno,
1180 781 1378 836 natalis
1419 781 1479 834 Β.
1512 778 1773 833 Desiderii
1811 774 2048 848 episcopi
2290 774 2491 830 Eodem
2528 775 2612 829 die
2662 774 2785 829 obiit
2823 774 3156 829 Erembertus
3209 775 3458 830 sacerdos
3502 784 3551 829 et
3583 793 3698 844 pns-

538 881 592 927 et
617 871 969 927 confessoris.
1006 873 1207 929 Eodem
1244 873 1331 928 die
1366 871 1424 927 S.
1468 871 1714 927 Severini
1739 870 1972 925 abbatis.
2150 878 2157 885 '
2217 871 2437 942 positus,
2496 870 2585 940 qui
2632 868 2773 922 dedit
2820 866 3072 937 fratribus
3132 867 3349 923 alodum
3396 869 3454 922 in
3481 869 3699 926 Antonno

612 961 753 1017 Obiit
796 963 1061 1020 Aldoenus
1088 965 1353 1032 sacerdos,
1386 951 1475 1036 qui
1505 964 1647 1019 dedit
1678 963 1932 1036 fratribus
1958 979 2051 1034 pa-
2219 962 2363 1027 villa,
2387 977 2536 1031 quem
2572 962 2888 1033 compararit
2923 961 2986 1015 de
3014 960 3365 1032 Regemberto.

476 1068 481 1075 ‘
538 1056 840 1113 trimonium
863 1042 1017 1114 suum
1046 1060 1101 1113 in
1130 1058 1343 1114 Valeria
1368 1059 1515 1115 villa.
2146 1053 2219 1110 IX
2242 1054 2360 1111 Kal.
2382 1053 2580 1109 Martii.
2611 1054 2669 1109 In
2722 1053 2906 1109 Sicilia
2954 1064 3251 1127 martyrum
3295 1054 3636 1125 septuaginta
3658 1063 3703 1110 et

470 1145 655 1204 Pridie
682 1147 807 1205 ldus
856 1150 1016 1206 Febr.
1054 1151 1113 1206 In
1150 1151 1357 1217 Africa,
1387 1150 1489 1206 SS.
1522 1160 1826 1224 martyrum
1855 1149 2050 1205 Satur—
2220 1162 2412 1203 novem
2469 1148 2570 1203 sub
2609 1146 2941 1203 Diocletiano
2966 1148 3196 1203 diversis
3243 1148 3535 1204 tormentis
3559 1150 3702 1219 passi.

545 1240 659 1295 nini
704 1242 1028 1315 presbyteri,
1055 1242 1272 1309 Felicis,
1314 1244 1489 1315 Apelii
1527 1253 1581 1298 et
1610 1243 1880 1299 sociorum
1912 1242 2048 1312 ejus,
2220 1240 2275 1296 In
2330 1240 2514 1298 Africa
2567 1243 2784 1298 civitate
2843 1240 3163 1296 Adrumeto
3188 1242 3371 1297 natale
3419 1252 3704 1298 sanctorum

545 1333 636 1392 aui
662 1336 806 1405 passi
837 1344 963 1391 sunt
988 1352 1086 1408 pro
1108 1336 1325 1393 Christo
1340 1340 1438 1403 sub
1459 1338 1688 1396 Anolino
1706 1337 2049 1408 proconsule.
2220 1343 2521 1406 martyrum
2549 1332 2749 1399 Veroli,
2777 1333 3037 1400 Secundi,
3063 1331 3275 1388 Servuli
3302 1343 3363 1390 et
3387 1334 3611 1389 aliorum
3630 1352 3704 1390 xx.

539 1422 698 1493 Apud
743 1425 1153 1494 Alexandriam,
1185 1428 1409 1484 Modesti
1435 1437 1490 1483 et
1531 1427 1805 1483 Ammonii
1854 1436 2053 1502 marty-
2294 1424 2559 1496 Go/fridus
2618 1427 2902 1481 canonicus
2929 1423 2987 1483 S.
3035 1423 3288 1500 Stephani
3326 1437 3379 1481 et
3406 1427 3627 1482 decanus
3657 1425 3705 1484 δ.

540 1532 687 1574 rum.
711 1518 770 1574 In
790 1519 998 1587 Africa,
1038 1522 1218 1591 passio
1242 1522 1298 1577 8.
1330 1521 1575 1577 Damiani
1600 1522 1808 1577 militis.
2221 1516 2368 1572 Petri
2393 1520 2518 1574 obiit

612 1611 812 1668 Eodem
836 1613 920 1668 die
949 1613 1073 1669 obiit
1120 1614 1375 1671 Robertus
1404 1615 1563 1686 hujus
1597 1614 1828 1670 ecclesia:
1852 1617 2052 1686 episco-
2149 1610 2262 1670 Vill
2292 1612 2411 1669 Kal.
2436 1613 2635 1671 Martii.
2681 1616 2838 1687 Apud
2865 1616 3210 1674 Antiochiam
3235 1616 3515 1673 Cathedra
3546 1614 3600 1670 S.
3620 1614 3709 1670 Pe-

539 1721 662 1776 pus,
694 1707 785 1777 qui
820 1707 1050 1763 animale
1071 1708 1372 1779 bene/icium
1400 1726 1492 1780 pro
1512 1709 1759 1779 defuncto
1793 1711 2047 1764 canonico
2223 1708 2293 1763 tri
2349 1708 2579 1779 apostoli
2632 1726 2739 1780 qua
2797 1711 3033 1781 primum
3087 1712 3226 1767 sedit
3286 1710 3602 1766 Antiochiae.
3662 1708 3707 1763 In

537 1798 786 1864 instituit,
818 1809 866 1854 et
912 1799 1268 1855 molendinum
1313 1802 1495 1856 subtus
1541 1818 1751 1855 murum
1783 1800 1846 1855 ab
1879 1790 2123 1859 AtoneB
2217 1798 2548 1855 Alexandria
2609 1800 2775 1855 Abilii
2837 1802 3078 1872 episcopi
3139 1802 3408 1872 adjutoris
3470 1799 3705 1855 Johannis

540 1892 875 1963 acquisitum,
924 1892 1177 1963 fratribus
1242 1895 1400 1965 hujus
1455 1894 1688 1950 ecclesia:
1719 1897 1970 1950 concessit
2001 1905 2052 1951 et
2228 1891 2457 1962 apostoli
2529 1899 2585 1947 et
2625 1892 2990 1964 evangelista,
3023 1902 3078 1949 et
3107 1892 3236 1948 alibi
3277 1889 3429 1948 beati
3499 1889 3705 1947 Aristio—

542 1991 935 2036 sauvamentum
962 1984 1155 2053 duplex
1184 2004 1215 2039 a
1246 1985 1535 2041 Pulvereno
1578 2025 1593 2041 .
1635 2027 1649 2041 .
1695 1967 1712 2041 ξ
1757 2026 1771 2041 .
1812 1988 2049 2043 removit.
2162 2010 2173 2067 χ
2228 1984 2405 2051 donis,
2433 1983 2525 2055 qui
2554 1998 2695 2040 unus
2724 1983 2825 2039 fuit
2849 1984 2918 2040 de
2957 1983 3295 2055 septuaginta
3339 1980 3547 2039 duobus
3568 1978 3707 2036 disci-

469 2068 650 2129 Idibus
672 2073 835 2129 Febr.
864 2074 1018 2144 Apud
1040 2078 1410 2144 Antiochiam,
1426 2078 1619 2135 natalis
1641 2077 1701 2135 S.
1732 2078 1903 2150 Agabi
1929 2094 2056 2149 pro-
2224 2074 2385 2145 pulis.

543 2164 741 2234 phetae.
771 2165 829 2220 ln
888 2165 1129 2222 Militana
1184 2168 1403 2224 civitate
1443 2169 1735 2236 Armeniae,
1768 2170 1968 2225 natalis
1993 2170 2053 2227 S.
2156 2167 2248 2227 VII
2288 2168 2407 2223 Kal.
2437 2167 2636 2225 Martii.
2680 2168 2837 2242 Apud
2868 2169 3157 2243 Smyrnam
3209 2167 3398 2225 natale
3445 2165 3503 2221 S.
3555 2162 3704 2221 Sinerl

543 2255 806 2313 Polieucti
837 2260 1113 2331 martyris,
1143 2260 1235 2331 qui
1279 2261 1472 2316 Latine
1503 2262 1895 2335 interpretatur
1918 2262 2057 2318 mul—
2227 2263 2485 2320 monachi
2504 2271 2558 2319 et
2581 2264 2861 2337 martyris,
2886 2273 2941 2320 et
2972 2262 3317 2335 septuaginta
3344 2262 3570 2318 duorum
3593 2274 3707 2313 mar-

542 2356 657 2404 tum
689 2364 875 2407 orans.
905 2352 1235 2423 Andegavis,
1268 2352 1325 2409 8.
1351 2354 1544 2410 Lisinii
1571 2356 1812 2427 episcopi
1838 2364 1896 2413 et
1920 2372 2066 2413 conc
2162 2402 2169 2409 .
2229 2363 2433 2431 tyrum.
2467 2355 2524 2410 In
2548 2354 2680 2412 Asia
2706 2355 2989 2427 Polycarpi
3016 2353 3276 2424 episcopi.
3312 2394 3319 2399 ς

543 2440 789 2508 fessoris,
818 2442 1099 2515 Lugduno,
1122 2446 1389 2517 depositio
1415 2447 1475 2504 S.
1505 2446 1787 2522 Stephani,
1816 2449 2058 2524 episcopi
2303 2446 2431 2519 Ipsa
2444 2447 2530 2502 die
2556 2444 2680 2503 Otto
2704 2445 3031 2518 Burgundio:
3045 2444 3279 2499 marcltio
3294 2441 3425 2497 obiit
3446 2452 3705 2497 DCCCCLX!!!

544 2538 600 2586 ει
633 2533 984 2591 οοηΐεεεοΐίεο
1528 2552 1533 2563 ·
2233 2541 2611 2599 incarnationis
2658 2540 2949 2597 Dominicis
3001 2554 3162 2594 anno.
3206 2536 3343 2593 Item
3373 2533 3704 2593 obiitObertus

618 2622 761 2677 Obiit
789 2623 972 2681 Aaron
1002 2627 1296 2702 episcopus.
2230 2637 2398 2692 miles.

472 2711 596 2771 XVI
623 2716 744 2773 Kal.
780 2716 980 2775 Martii.
1030 2720 1233 2790 Romae,
1289 2722 1488 2781 natalis
1535 2723 1593 2781 S.
1628 2725 1903 2784 Valentini
1931 2744 2060 2800 pre-
2158 2731 2229 2791 Vl
2257 2732 2379 2789 Kal.
2406 2732 2607 2789 Martii.
2631 2732 2823 2789 Natale
2853 2731 2913 2788 S.
2942 2729 3159 2786 Mathiae
3186 2727 3444 2801 apostoli,
3470 2733 3525 2780 et
3545 2725 3701 2779 inveuo

551 2810 752 2897 sbyteri
775 2820 830 2865 et
867 2815 1146 2885 martyris.
1184 2815 1524 2883 lnteramnis,
1556 2819 1753 2877 natalis
1777 2819 1834 2877 S.
1864 2822 2061 2880 Valen-
2231 2827 2307 2883 tio
2332 2826 2523 2897 capitis
2573 2824 2835 2882 Johannis
2858 2823 3115 2896 Baptistae
3160 2829 3215 2877 et
3247 2818 3593 2891 praecursoris
3616 2816 3702 2871 Do-

549 2896 650 2988 t_ini
691 2899 964 2988 episc0pi.
1007 2902 1162 2973 Apud
1207 2904 1589 2988 Alexandriam
1628 2908 1730 2965 SS.
1758 2921 2058 2985 martyrum
2231 2918 2385 2974 mini.
2430 2917 2585 2988 Apud
2610 2916 2912 2975 Caesaream
2936 2912 3287 2986 Cappadociae
3315 2909 3498 2967 natale
3525 2907 3577 2963 S.
3603 2907 3704 2962 Ser-

549 2985 724 3055 Bassi,
776 2990 1020 3059 Antonii,
1071 2984 1390 3065 Protbolici,
1433 3000 1526 3070 qui
1580 3001 1636 3056 in
1692 3019 1845 3061 mare
1894 2984 2061 3061 mersi
2232 3011 2303 3083 gii
2339 2984 2617 3082 martyris.

551 3090 698 3136 sunt.
750 3081 952 3139 Eodem
1008 3087 1112 3154 die,
1164 3087 1263 3144 SS.
1325 3102 1627 3166 martyrum
1679 3096 1884 3165 Vitalis,
1915 3099 2060 3155 Felio
2102 3171 2129 3174 _
2241 3081 2256 3083 ⁷
2307 3102 2450 3159 Obiit
2472 3081 2694 3158 domnus
2723 3101 2873 3158 Betto
2895 3103 3187 3174 episcopus,
3212 3098 3304 3170 qui
3320 3099 3467 3153 dedit
3489 3094 3701 3166 fratribus

554 3175 689 3231 culte
725 3185 783 3232 et
826 3177 1058 3235 Zenonis
1088 3195 1209 3236 cum
1250 3184 1371 3239 aliis
1420 3187 1690 3257 plurimis.
1725 3189 1783 3246 ln
1810 3191 2053 3260 Eraclea,
2086 3171 2132 3236 (ἶ
2239 3195 2536 3255 Vendosam
2561 3195 2832 3252 ecclesiam
2859 3171 3357 3251 et'Rontonnacum
3392 3189 3577 3252 villam,
3597 3194 3636 3239 et
3657 3184 3701 3237 in

552 3268 750 3328 natalis
779 3269 840 3327 S.
865 3271 1081 3345 Felicis,
1118 3274 1385 3333 Januarii.
1417 3278 1485 3337 Et
1506 3281 1634 3338 alibi
1664 3285 1849 3357 passio
1875 3284 1933 3344 S.
1961 3285 2058 3345 Se-
2234 3289 2522 3347 Corboiaco
2567 3304 2810 3342 mansum
2849 3286 2875 3341 1
2923 3286 2992 3340 ad
3035 3281 3382 3339 exhibendam
3413 3277 3700 3349 refectionem

556 3366 701 3423 Pellio
2166 3448 2171 3453 _
2234 3392 2283 3437 et
2309 3396 2580 3436 commune
2614 3379 2936 3451 obsequium.

483 3454 583 3512 XV
608 3455 946 3518 Kal.Martii.
975 3462 1182 3530 Romae,
1207 3467 1403 3525 natalis
1427 3467 1482 3526 8.
1511 3468 1762 3527 Cratonis
1784 3472 2059 3544 martyris.
2163 3473 2209 3532 V
2234 3472 2355 3530 Kal.
2403 3471 2602 3527 Martii.
2646 3471 2803 3541 Apud
2848 3468 3141 3543 Egyptum
3194 3466 3381 3524 natale
3435 3469 3700 3520 sanctorum

551 3549 706 3630 Apud
734 3553 1022 3614 Sebasten“
1037 3558 1339 3629 civitatem,
1371 3562 1550 3634 passio
1577 3562 1634 3619 S.
1662 3562 1831 3620 Blavii
1852 3563 1911 3638 [ι.
1943 3563 2065 3621 Bla-
2236 3575 2536 3641 martyrum
2586 3564 2851 3622 Victorini
2905 3571 2959 3618 et
2993 3562 3254 3627 Victoris,
3288 3558 3543 3622 Nicetori,
3567 3554 3700 3612 Clau-

556 3645 646 3729 sii]
683 3653 922 3725 episcopi
978 3663 1035 3709 et
1086 3663 1289 3725 septem
1344 3655 1691 3712 Feminarum
1733 3668 2060 3714 sanctarum.
2238 3662 2407 3728 dia‘ni,
2437 3659 2743 3723 Dioschori,
2769 3656 3085 3727 Serapionis
3112 3663 3168 3710 et
3195 3653 3399 3724 Papiae.
3445 3644 3698 3719 Pamphilia

550 3744 676 3814 Ipso
725 3745 834 3811 die,
878 3744 1143 3817 depositio
1191 3744 1429 3814 Quinidii
1480 3749 1716 3819 episcopi
1776 3757 1832 3803 et
1862 3748 1920 3803 8.
1963 3748 2067 3804 Sil-
2237 3752 2419 3809 natale
2443 3750 2501 3805 8.
2536 3748 2779 3804 Nestoris
2802 3756 2855 3803 et
2878 3745 3228 3802 confessoris.

551 3834 665 3890 vini
712 3835 975 3907 episcopi.
1024 3836 1353 3905 lnteranme,
1411 3839 1608 3896 natalis
1650 3840 1929 3916 S.Agapae
1958 3843 2067 3901 vir-
2167 3848 2235 3906 IV
2257 3845 2376 3901 Kal.
2421 3842 2621 3897 Martii.
2649 3841 2707 3895 ln
2738 3840 2959 3895 civitate
3003 3838 3229 3910 Pergem
3265 3824 3698 3907 Pamphilizeheati

556 3928 718 4001 Sinis.
2240 3938 2487 3997 Nestoris
2509 3933 2748 4005 episc0pi
2779 3942 2834 3987 et
2861 3933 3135 4004 martyris.
3165 3932 3220 3985 ln
3254 3924 3571 3984 Alexandria
3588 3916 3699 3974 beati

485 4018 610 4079 XIV
656 4021 774 4079 Kal.
809 4024 1007 4082 Martii.
1038 4027 1246 4086 Natalis
1297 4028 1356 4086 S.
1387 4027 1629 4087 Oncsimi
1685 4031 1938 4104 apostoli,
1976 4032 2069 4103 qui
2170 4090 2173 4095 ,
2240 4031 2525 4090 Alexandri
2559 4027 2936 4101 gloriosissimi
2960 4025 3194 4096 episcopi
3219 4031 3274 4078 et
3300 4015 3625 4078 confessoris.

492 4110 497 4113 ’
563 4116 750 4174 Romae
794 4118 1084 4191 lapidatus,
1134 4122 1201 4178 ad
1248 4122 1521 4194 Ephesum
1558 4140 1756 4194 corpus
1784 4127 1900 4194 ejus
1933 4126 2072 4182 dela-
2168 4125 2237 4185 Ill
2271 4124 2390 4181 Kal.
2415 4120 2613 4177 Martii.
2637 4118 2790 4189 Apud
2832 4116 3147 4187 Hispaniam
3173 4114 3392 4169 civitate
3424 4104 3605 4178 llispali
3628 4114 3702 4156 ηε·

562 4218 674 4265 tum
726 4220 828 4275 est,
860 4213 953 4267 ubi
1011 4213 1187 4269 fuerat
1241 4216 1521 4271 ordinatus
1569 4217 1889 4287 episcopus;
1933 4226 1986 4273 et
2017 4219 2071 4273 in
2242 4218 2352 4274 tale
2384 4215 2444 4270 S.
2493 4211 2725 4268 Leandri
2772 4209 3033 4280 episcopi,
3084 4207 3148 4261 ad
3173 4221 3331 4275 quem
3361 4203 3426 4258 Β.
3457 4194 3700 4292 ϐτθβίξςίυξ

499 4292 503 4297 ’
560 4303 770 4371 Cumis,
831 4314 1033 4359 sancta:
1073 4305 1301 4361 .Iulianae
1329 4308 1574 4378 virginis.
1610 4309 1675 4364 Et
1723 4311 1776 4365 in
1817 4311 2071 4383 ngypto,
2244 4311 2415 4368 libros
2443 4305 2734 4364 Moralium
2767 4303 3006 4360 scriosit.
3038 4301 3106 4358 Et
3133 4300 3184 4355 in
3212 4294 3526 4357 Alexandria
3544 4287 3697 4345 ιιιῐίηυί

558 4392 755 4449 Juliani
780 4396 1036 4469 martyris
1057 4412 1179 4452 cum
1203 4399 1324 4455 aliis
1354 4416 1580 4456 numero
1607 4402 1844 4473 quinque
1883 4404 2072 4460 millia.
2170 4460 2175 4465 ,
2244 4400 2524 4472 martyris.

488 4484 607 4542 XIII
634 4487 752 4543 Kal.
798 4488 997 4547 Martii.
1022 4474 1079 4546 In
1110 4491 1352 4559 Perside,
1402 4495 1601 4551 natalis
1731 4470 2072 4567 Polychronii
2105 4543 2151 4569 η
2177 4495 2219 4552 ll
2244 4494 2364 4550 Kal.
2393 4470 2595 4547 Martii.
2628 4488 2687 4544 In
2715 4486 2995 4543 territorio
3017 4481 3360 4557 Lugdunensi
3388 4470 3696 4569 locisJurett-

565 4580 802 4650 episcopi
835 4593 889 4637 et
938 4583 1212 4656 martyris.
1244 4582 1302 4637 In
1343 4584 1524 4639 Africa
1548 4587 1729 4657 passio
1767 4559 2069 4654 S.'Donati,
2100 4559 2152 4604 υ
2249 4588 2400 4643 sibus
2444 4581 2712 4653 depositio
2766 4581 2827 4635 B;
2868 4577 3103 4651 Romani
3153 4574 3383 4631 abbatis.
3428 4568 3604 4626 Eodem
3635 4559 3699 4614 die

568 4668 919 4739 Secundiani,
976 4674 1210 4741 Romuli,
1238 4690 1359 4731 cum
1408 4676 1529 4731 aliis
1558 4693 1777 4733 Lxxxvt.
1804 4677 1860 4733 In
1887 4677 2071 4735 Scotia
2176 4728 2179 4731 .
2248 4687 2558 4736 sanctorum
2584 4674 2923 4730 Machariiet
2952 4670 3151 4727 Rufini.

569 4760 626 4817 8.
661 4762 877 4819 Fintani
910 4768 1210 4842 presbyteri
1242 4778 1292 4824 et
1318 4770 1667 4826 confessoris.
2733 4761 3064 4820 MAKTIUS.

493 4853 587 4909 XII
617 4855 888 4912 Kalendas
938 4858 1134 4915 Martii.
1195 4862 1582 4935 Hierosolymis
1622 4865 1766 4920 beati
1800 4864 2073 4924 Simeonis
2175 4866 2428 4922 Kalendis
2458 4862 2658 4919 Martii.
2699 4863 2882 4918 Romae
2910 4858 3089 4914 natale
3117 4864 3426 4912 sanctorum
3451 4853 3694 4919 martyr"!n

564 4949 802 5020 episcopi
833 4960 888 5006 et
918 4954 1193 5025 martyris.
1216 4955 1399 5012 Romae
1429 4965 1740 5013 sanctorum
1768 4969 2070 5031 martyrum
2245 4974 2400 5023 ccnx,
2423 4971 2559 5027 quos
2596 4954 2759 5024 jussit
2799 4953 2974 5024 primo
3013 4950 3266 5007 Claudius
3303 4963 3402 5018 pro
3429 4938 3601 5001 Christi
3625 4946 3696 5031 nc-

566 5040 773 5082 Clmulii
824 5052 872 5082 ΩΙ
930 5043 1292 5082 Drmnnliianm
1334 5049 1520 5082 nens-ic-
1576 5048 1689 5082 nino
1749 5059 1796 5082 nl
1838 5050 2069 5082 “lin-vum
2246 5049 2392 5082 mino
2432 5048 2712 5082 [Inunnlﬂnc
2760 5060 2979 5082 nrtsan
3029 5043 3208 5082 Tndaro
3273 5038 3463 5082 cissimis!
