3992 6304
366 414 502 470 1217
1121 453 1299 500 παπ.

1491 407 1995 469 MARTYROLOG.
2025 401 2408 473 ANTISSIOD.
3468 407 3607 463 1218

433 529 686 583 universae
711 528 884 583 carnis
912 535 985 583 est
1011 492 1293 600 ingressus.
1327 527 1553 585 Guadilo
1581 526 1930 583 subdiaconus
1957 530 2012 589 Α
2104 517 2267 573 divini
2288 517 2471 572 altaris
2492 516 2718 572 ecclesia:
2736 514 2794 572 S.
2818 515 3067 588 Stephani
3091 517 3146 573 in
3171 515 3462 575 Piscasiolo
3482 521 3607 578 villa

432 621 555 674 obiit
600 622 777 675 eodem
827 622 931 688 die,
978 623 1068 693 qui
1108 623 1246 677 dedit
1292 622 1541 692 fratribus
1585 622 1694 676 suis
1720 620 1932 674 alodum

2102 628 2347 665 mansum
2376 628 2558 666 unum.

429 729 582 766 suunt
612 714 666 768 in
696 713 807 768 loco
834 715 922 784 qui
946 715 1139 768 dicitur
1175 713 1339 769 Vallis
1377 731 1492 767 cum
1519 714 1676 768 vineis
1703 723 1748 768 et
1788 710 1923 766 siluit

2081 702 2243 759 ltdus
2273 702 2470 758 Martii.
2500 703 2725 774 Apamia
2762 703 2941 759 natale
2969 712 3275 761 sanctorum
3305 713 3602 778 martyrum

429 821 518 858 seu
544 804 834 873 mancipiis.
867 803 990 875 Ipso
1031 805 1114 858 die
1140 802 1362 859 Enricus
1399 803 1745 858 subdiaconus
1774 802 1933 855 inter-

431 897 595 964 fectus
617 904 711 949 est.
737 891 869 947 Item
896 893 1193 948 Waldricus
1213 895 1519 965 pra’positus
1545 910 1730 964 corpus
1755 902 1929 959 terrai,

429 985 632 1040 beatum
664 985 869 1040 Christo
898 985 1113 1040 tradidit
1138 986 1398 1057 spiritum.
1458 1042 1473 1049 _

354 1096 425 1153 Vl
447 1097 630 1153 Nonas
652 1097 847 1154 Martii.
872 1099 1058 1155 Romai.
1079 1099 1277 1156 natalis
1299 1109 1608 1155 sanctorum
1632 1108 1928 1172 martyrum

423 1188 601 1245 Jovini
630 1199 685 1245 et
715 1189 932 1256 Basilei,
958 1201 1014 1246 et
1057 1191 1285 1247 aliorum
1327 1192 1678 1262 plurimorum
1727 1201 1930 1263 marty—

432 1297 551 1336 rum
598 1281 698 1337 sub
752 1281 1057 1337 Alexandro
1084 1283 1301 1353 capitali
1348 1284 1611 1337 sententia
1644 1283 1930 1339 damnato-

420 1388 558 1427 rum.
595 1371 729 1429 ltem
765 1372 947 1429 Roma:
973 1373 1244 1444 Simplicis
1274 1389 1423 1445 papae
1450 1383 1505 1429 et
1543 1375 1816 1447 martyris.

353 1461 401 1518 ν
428 1462 607 1519 Nonas
635 1463 830 1519 Martii.
880 1464 939 1519 ln
985 1464 1237 1536 Hispania
1269 1474 1578 1521 sanctorum
1621 1467 1927 1524 Emittenrii

420 1564 477 1610 et
503 1554 816 1611 Cheledonii
846 1558 1106 1626 martyrio
1125 1566 1530 1614 coronatorum.
1551 1560 1634 1614 An
1644 1559 1926 1617 tissiodero

422 1648 601 1703 natale
643 1658 843 1704 sanctae
890 1648 1127 1704 Camillae
1171 1650 1415 1721 virginis.
1460 1649 1719 1708 Caesareae
1750 1651 1927 1709 natale

418 1749 726 1796 sanctorum
757 1750 1052 1813 martyrum
1083 1740 1275 1798 Marini
1311 1743 1497 1800 militis
1520 1752 1576 1800 et
1597 1745 1745 1801 Aerii
1770 1760 1927 1802 sena-

420 1832 570 1886 toris.

346 1946 414 2002 IV
443 1946 622 2005 Nonas
649 1947 848 2004 Martii.
893 1947 1081 2006 Natale
1126 1952 1299 2007 sancti
1327 1951 1478 2008 Lucii
1516 1968 1666 2025 papae
1691 1962 1747 2010 et
1776 1970 1922 2011 mar-

421 2038 571 2109 tyris.
601 2037 754 2105 Item,
792 2038 977 2095 Romae
1011 2050 1321 2097 sanctorum
1350 2054 1648 2113 martyrum
1676 2060 1920 2117 nongen-

420 2136 617 2193 torum,
666 2129 757 2198 qui
808 2139 935 2184 sunt
981 2131 1138 2201 positi
1168 2132 1220 2186 in
1266 2131 1534 2188 cimiterio
1584 2133 1651 2188 ad
1677 2143 1921 2191 sanctam

417 2217 695 2273 Ceciliam.
723 2220 923 2275 Eodem
946 2221 1033 2276 die
1066 2222 1243 2279 natale
1272 2223 1443 2278 sancti
1473 2222 1592 2278 Gaii
1615 2223 1837 2294 palatini
1868 2227 1923 2281 in

417 2324 568 2366 mare
624 2312 811 2367 mersi.
866 2312 1175 2369 Nicomedia
1230 2315 1410 2385 passio
1467 2316 1642 2371 sancti
1692 2315 1922 2372 Adriani

418 2421 539 2459 cum
565 2405 686 2463 aliis
714 2422 939 2462 numero
960 2408 1149 2479 viginti
1174 2408 1365 2464 tribus.

343 2496 411 2553 lll
462 2494 642 2553 Nonas
693 2497 892 2553 Martii.
948 2498 1231 2554 Antiochia
1293 2500 1473 2571 passio
1535 2502 1707 2558 sancti
1767 2502 1923 2559 Focat

416 2587 692 2658 martyris,
729 2586 882 2656 cujus
909 2587 1151 2644 ecclesia:
1186 2588 1408 2658 ianuam
1453 2591 1498 2646 si
1531 2593 1774 2665 attigerit
1799 2608 1920 2649 cre-

419 2679 550 2735 dens
596 2679 822 2749 quilibet
865 2680 1145 2738 colubrino
1173 2674 1352 2739 morsu
1389 2699 1693 2755 percussus,
1740 2685 1920 2741 statim

416 2780 658 2828 sanatur.
697 2772 817 2845 lpso
845 2774 931 2830 die
970 2775 1143 2830 sancti
1189 2775 1409 2832 Eusebii
1449 2777 1674 2848 palatini
1703 2786 1758 2835 et
1793 2778 1924 2836 alio-

415 2880 535 2920 rum
563 2880 758 2921 novem
789 2874 1113 2938 martyrum.
1133 2920 1143 2936 ο

486 2976 626 3034 Obiit
657 2978 812 3035 Walo
842 2979 1160 3035 Trecassinaa
1189 2980 1439 3037 Ecclesia:
1486 2982 1774 3053 episcopus.
1812 2981 1922 3038 Eo-

412 3072 529 3126 dem
546 3072 630 3126 die
653 3073 911 3128 ordinatio
930 3073 1107 3129 donmi
1131 3072 1370 3146 Hugonis
1391 3076 1637 3147 episcOpi,
1664 3076 1755 3147 qui
1778 3075 1924 3130 dedit

414 3165 666 3235 fratribus
689 3166 745 3221 in
770 3167 853 3221 die
874 3167 1221 3223 ordinationis
1260 3184 1372 3225 sua:
1394 3168 1563 3225 altare
1588 3169 1918 3225 Billiaceusis

414 3258 665 3314 ecclesiaz.

344 3369 523 3426 Pridie
564 3370 745 3427 Nonas
772 3371 967 3428 Martii.
1012 3372 1318 3432 Nicomedia
1380 3377 1559 3432 natale
1606 3386 1918 3434 sanctorum

416 3461 650 3518 Victoris
675 3472 730 3519 et
756 3465 1038 3533 Victorini,
1075 3468 1167 3538 qui
1198 3470 1479 3525 tormentis
1505 3470 1688 3526 multis
1716 3470 1916 3539 amicti,

411 3563 463 3610 et
494 3557 690 3611 retrusi
738 3557 792 3612 in
835 3573 1130 3628 carcerem,
1174 3561 1369 3618 ibidem
1400 3562 1525 3618 vitae
1562 3578 1671 3618 suae
1699 3578 1917 3620 cursum

408 3647 784 3718 impleverunt.
816 3652 1044 3710 Civitale
1086 3654 1271 3710 Toleto
1315 3656 1579 3725 depositio
1619 3658 1793 3712 sancti
1826 3656 1919 3713 Ju-

411 3740 539 3797 liani
569 3745 845 3801 antistitis.

343 3828 521 3890 Nonas
567 3834 761 3891 Martii.
817 3837 1135 3895 Mauritania
1184 3842 1403 3898 civitate
1454 3843 1916 3902 Tuburbitanensi

410 3928 591 3997 passio
628 3940 938 3989 sanctorum
970 3943 1268 4008 martyrum
1320 3935 1509 4003 Satiri,
1559 3937 1842 4008 Perpetua).
1864 3949 1922 3995 et

408 4019 725 4092 Felicitatis,
753 4036 955 4081 etcum
993 4027 1072 4083 eis
1100 4027 1376 4097 llevocati,
1413 4029 1693 4085 Saturnini
1722 4039 1778 4085 et
1816 4030 1918 4086 Se-

413 4115 649 4171 cundob.

344 4202 454 4262 Vlll
476 4208 599 4264 ldus
626 4208 823 4275 Martii,
852 4209 1176 4282 Carthagine
1223 4213 1402 4269 natale
1450 4214 1622 4270 sancti
1670 4213 1918 4270 Pontiani

411 4299 622 4356 diaconi
670 4310 724 4356 et
780 4302 922 4358 beati
980 4303 1231 4375 Cypriani
1289 4307 1546 4376 episcopi.
1594 4307 1650 4362 In
1702 4308 1919 4363 civitate

411 4394 701 4450 Antinoum
726 4396 903 4452 natale
947 4407 1255 4453 sanctormn
1292 4408 1617 4473 martyrum,
1648 4399 1918 4457 Philemo-

412 4484 517 4550 nis,
547 4484 833 4555 Apollonii,
864 4488 1101 4556 Arriani,
1145 4487 1387 4546 Theotici
1418 4500 1472 4546 et
1507 4490 1732 4547 aliorum
1760 4507 1822 4547 ιιι
1859 4492 1917 4548 in

414 4573 564 4634 mare
593 4596 913 4636 mersorum.

479 4671 677 4727 Eodem
700 4673 783 4727 die
802 4674 1162 4743 defunctorum
1193 4673 1609 4730 commemoratio
1634 4675 1916 4730 monacho-
1941 4661 1995 4722 D

411 4781 527 4819 rum
556 4766 856 4820 monasterii
886 4765 950 4819 de
980 4766 1212 4820 Caritate
1237 4766 1551 4834 solemniter,
1577 4767 1715 4838 quod
1739 4776 1787 4822 et
1817 4767 1918 4838 ipsi

413 4872 505 4923 pro
535 4855 793 4925 defunctis
817 4857 1008 4910 nostris
1042 4855 1320 4911 celebrant.

345 4944 431 5001 Vll
462 4945 582 5000 ldus
612 4945 807 5000 Martii.
832 4945 1027 5001 Nisena
1065 4948 1281 5003 civitate
1307 4948 1485 5005 natale
1513 4954 1685 5006 sancti
1717 4950 1921 5022 Grego-

2031 811 2036 815 ’
2100 795 2393 852 Alexandri
2423 804 2478 853 et
2506 796 2625 852 Gaii
2652 799 2719 852 de
2750 798 3027 853 Eumenia.
3057 799 3112 853 In
3150 798 3368 854 Persida
3394 807 3608 856 sancto-

2101 905 2221 945 rum
2253 901 2552 962 martyrum
2582 906 2713 946 χιιι.
2738 891 2793 947 ln
2824 893 3106 948 Antiochia
3134 880 3335 964 ‘Agapaa
3361 892 3605 964 virginis.

2034 996 2037 999 ·
2100 980 2340 1037 Parisius
2371 981 2540 1036 sancti
2571 982 2887 1038 Drothoveri
2911 983 3139 1049 abbatis,
3182 981 3425 1052 discipuli
3465 981 3608 1038 beati

2098 1071 2352 1128 Germani
2384 1073 2637 1145 episcopi.
2664 1073 2905 1130 Luxovio
2943 1074 3271 1131 monasterio
3302 1073 3475 1130 sancti
3511 1073 3607 1128 At-

2103 1164 2198 1218 tali
2225 1163 2456 1219 abbatis.

2032 1252 2071 1309 V
2100 1255 2224 1310 ldus
2256 1256 2455 1311 Martii.
2482 1256 2638 1328 Apud
2677 1257 3059 1314 Alexandriam
3086 1258 3266 1315 natale
3295 1265 3605 1315 sanctorum

2097 1346 2307 1403 Philoni
2331 1347 2591 1419 episcopi,
2623 1347 3077 1416 Candidi,Valerii
3103 1365 3224 1406 cum
3247 1350 3367 1406 aliis
3390 1350 3604 1422 viginti.

2096 1438 2251 1510 Apud
2307 1438 2572 1496 Sehasten
2613 1441 2883 1496 Armeniae
2917 1442 3140 1499 minoris
3184 1443 3363 1499 natale
3392 1451 3608 1498 sancto-

2095 1544 2215 1584 rum
2238 1546 2304 1586 xL
2320 1542 2640 1605 martyrum,
2667 1534 2758 1604 qui
2782 1534 3101 1607 crurifragio
3122 1536 3437 1598 martyrium
3470 1549 3605 1592 con-

2094 1633 2456 1680 summarunt.
2511 1624 2836 1695 Carthagine
2890 1628 3069 1683 natale
3139 1629 3308 1684 sancti
3366 1626 3603 1685 Heracli.

2092 1714 2469 1773 Antissiodero
2494 1718 2668 1773 sancti
2696 1717 2876 1790 Vigilii
2900 1719 3139 1790 episcopi
3168 1728 3223 1775 et
3256 1720 3531 1793 martyris.

2172 1805 2298 1877 Ipso
2328 1809 2413 1863 die
2437 1810 2619 1881 Agano
2642 1810 2872 1866 decanus
2893 1812 3061 1866 sancti
3090 1810 3345 1882 Stephani
3366 1813 3510 1870 obiit.

1948 1896 2092 1971 ΒΝ
2128 1898 2249 1955 ldus
2290 1898 2490 1956 Martii.
2544 1900 2733 1958 Natale
2769 1911 3078 1959 sanctorum
3120 1904 3413 1960 lnnocentii
3453 1920 3607 1978 papae

2090 1999 2146 2046 et
2165 1991 2465 2047 beatissimi
2490 1991 2737 2065 Gregorii
2774 2009 2925 2065 papae
2967 2003 3021 2050 et
3046 1995 3300 2066 praecipui
3346 1998 3605 2054 doctoris.

2091 2083 2246 2155 Apud
2284 2083 2650 2142 Nicomediam
2700 2087 2881 2144 natale
2920 2089 3063 2145 beati
3097 2088 3244 2146 Petri
3274 2092 3610 2151 excellentis-

2092 2175 2213 2231 simi
2236 2185 2292 2232 et
2326 2177 2601 2249 martyris,
2651 2179 2744 2249 qui
2794 2179 2900 2235 ﬁde
2948 2188 3006 2236 et
3031 2184 3249 2239 nomine
3279 2184 3454 2242 haeres
3477 2186 3605 2244 almi

2091 2266 2237 2322 Petri
2278 2269 2503 2338 apostoli
2552 2269 2765 2327 exstitit
2795 2271 3023 2328 aliorum
3052 2283 3193 2331 octo.
3284 2310 3285 2313 η

2164 2357 2303 2411 Obiit
2329 2358 2649 2430 Adalgarius
2679 2361 2957 2431 diaconus,
2984 2381 3071 2437 qui
3092 2367 3232 2422 dedit
3262 2367 3517 2438 fratribus
3541 2373 3606 2427 de

2090 2451 2254 2505 vineis
2281 2468 2538 2521 arpennos
2580 2470 2632 2508 vt
2679 2455 2737 2509 in
2780 2456 3002 2512 circuitu
3032 2457 3267 2515 Gratiaci
3294 2463 3364 2517 ad
3390 2463 3474 2518 sui
3500 2480 3607 2519 nte-

2096 2542 2317 2595 moriam
2362 2541 2743 2599 celebrandam.
2787 2544 2985 2603 Eodem
3014 2549 3100 2605 die
3126 2550 3386 2607 ordinatio
3422 2552 3603 2611 domui

2092 2630 2328 2688 Bettonis
2353 2634 2597 2707 episcopi.

2020 2747 2086 2805 Ill
2108 2748 2232 2806 ldus
2258 2749 2456 2806 Martii.
2490 2751 2804 2810 Nicomedia
2850 2755 3026 2813 natale
3057 2765 3370 2817 sanctorum
3401 2712 3604 2837 marty-

2094 2854 2214 2894 rum
2245 2839 2541 2896 Macedonii
2568 2844 2872 2916 presbyteri
2896 2855 2950 2901 et
2977 2846 3228 2904 Patricia:
3258 2854 3444 2909 uxoris
3466 2855 3605 2925 ejus,

2091 2943 2146 2991 et
2176 2934 2430 2992 Modesta:
2468 2937 2591 2993 filia:
2636 2938 2771 3009 ejus.
2816 2940 2995 2998 Nicaea
3043 2944 3262 3002 civitate
3296 2958 3605 3005 sanctorum

2091 3037 2392 3101 martyrum
2446 3028 2749 3098 Theusetce,
2798 3032 2979 3101 Horis,
3028 3035 3346 3107 Theodorse,
3386 3039 3607 3111 Nimpo-

2097 3121 2261 3189 dum,
2287 3123 2494 3192 Marcii,
2523 3125 2756 3196 Arabiae,
2785 3130 2876 3200 qui
2901 3146 3091 3190 omnes
3114 3134 3223 3206 igni
3248 3136 3430 3191 traditi
3457 3144 3601 3194 sunt.

2093 3214 2152 3269 In
2181 3214 2451 3274 Thebaida
2483 3231 2684 3277 sancta:
2722 3222 3037 3293 Euphrasius
3078 3226 3325 3298 virginis.
3359 3226 3417 3283 ln
3445 3229 3606 3285 terri-

1947 3294 1995 3359 C
2098 3310 2235 3366 torio
2263 3309 2591 3371 Nevernensi
2620 3316 2794 3373 sancti
2817 3316 3049 3373 Viventii
3072 3294 3401 3392 presbyteri.

2022 3398 2201 3457 Pridie
2233 3401 2354 3459 ldus
2378 3403 2574 3461 Martii.
2605 3406 2791 3463 Roma:
2818 3409 3000 3466 natale
3025 3420 3335 3468 sanctorum
3388 3423 3600 3488 marty-

2097 3513 2216 3552 rum
2248 3513 2418 3565 van,
2462 3500 2554 3570 qui
2596 3501 2852 3571 baptizati
2884 3512 3009 3558 sunt
3043 3520 3074 3559 a
3112 3506 3271 3561 beato
3297 3504 3458 3563 Petro
3483 3525 3605 3565 cum

2093 3599 2369 3646 teneretur
2401 3592 2454 3647 in
2483 3594 2742 3658 custodia,
2802 3596 2893 3665 qui
2941 3586 3127 3652 omnes
3154 3596 3460 3657 Neroniana
3489 3601 3605 3672 gla-

2091 3683 2181 3739 dio
2210 3686 2512 3756 consumpti
2543 3696 2685 3742 sunt.
2718 3688 2873 3758 Apud
2901 3689 3221 3759 lLaodiciam
3258 3693 3436 3750 natale
3475 3710 3604 3750 san-

2089 3775 2163 3831 cti
2188 3775 2407 3847 Segaris
2433 3777 2668 3849 episcopi
2710 3790 2765 3833 et
2807 3780 3078 3852 martyris.
3114 3780 3429 3840 Nicomedia
3459 3784 3604 3842 Feli-

2089 3868 2325 3935 cissimi,
2381 3870 2561 3924 Dativi
2625 3877 2681 3925 et
2726 3868 3022 3929 Frontinae.
3075 3872 3261 3931 Romae
3305 3874 3602 3933 Innocentii

2087 3963 2345 4034 episcopi.
2372 3963 2430 4019 ln
2459 3962 2638 4021 Africa
2670 3965 2840 4020 sancti
2873 3964 3019 4022 Petri
3046 3968 3304 4039 martyris
3330 3976 3384 4025 et
3428 3969 3600 4028 sancti

2094 4054 2358 4110 Eufrosii.

2019 4169 2142 4226 ldus
2186 4168 2383 4225 Martii.
2409 4169 2466 4225 lu
2512 4169 2757 4226 Ctesarea
2796 4170 3147 4243 Cappadociae
3193 4171 3374 4244 passio
3423 4174 3599 4231 sancti

2090 4262 2342 4335 Longini,
2382 4264 2471 4334 qui
2493 4264 2632 4320 latus
2654 4264 2861 4320 Domini
2885 4264 3071 4321 lancea
3114 4263 3431 4336 perforavit,
3454 4276 3513 4320 ut
3545 4266 3601 4322 in

2090 4357 2257 4425 gestis
2284 4354 2400 4424 ejus
2439 4357 2730 4414 invenitur.
2763 4355 3142 4412 Thessalonica
3174 4357 3393 4412 civitate
3422 4356 3603 4413 natale

2089 4457 2293 4505 sanctae
2323 4448 2585 4505 Matronae
2624 4450 2897 4520 martyris,
2930 4465 3050 4519 qum
3077 4450 3306 4503 viriliter
3340 4464 3513 4519 usque
3534 4450 3598 4504 ad

2089 4550 2319 4597 mortem
2348 4540 2401 4595 in
2430 4538 2766 4595 confessione
2810 4538 3012 4595 Christi
3060 4541 3376 4611 permansit.
3412 4540 3603 4597 Romae

2089 4633 2370 4689 Zachariae
2394 4647 2563 4703 papae.

2160 4747 2300 4802 Obiit
2326 4746 2505 4802 eodem
2542 4745 2626 4799 die
2664 4744 3000 4801 Adelhelmus
3027 4747 3269 4802 sacerdos
3294 4755 3343 4802 et
3379 4764 3601 4804 concen-

2088 4851 2189 4897 tor.
2223 4840 2419 4895 Eodem
2463 4840 2547 4893 die
2587 4838 2713 4894 obiit
2753 4824 2881 4895 Odo'
2912 4840 3081 4907 miles,
3122 4843 3212 4914 qui
3246 4844 3389 4912 apud
3416 4840 3605 4899 Creve-

2088 4948 2211 4986 num
2237 4930 2416 4986 villam
2440 4929 2655 4984 alodum
2679 4946 2832 4984 suum
2857 4933 3124 4986 canonicis
3156 4932 3323 4986 dedit.

413 5037 480 5091 rii
508 5038 741 5109 episcopi
770 5038 953 5093 fratris
984 5040 1125 5093 beati
1148 5039 1349 5095 Basilii.
1386 5041 1668 5097 Barziloua
1695 5043 1915 5098 l’aciani

2081 5023 2155 5079 νη
2205 5020 2473 5076 Kalendas
2518 5021 2738 5090 Aprilis.
2778 5021 3024 5091 Aquileia
3070 5020 3214 5076 beati
3259 5020 3446 5075 Hilarii
3486 5022 3605 5090 epi-

415 5127 652 5198 episcopi
677 5137 727 5183 et
756 5129 1103 5184 confessoris.
1160 5130 1308 5200 Apud
1351 5132 1610 5188 Sehasten
1647 5132 1917 5188 Armenia:

414 5221 646 5278 minoris
669 5221 845 5275 natale
893 5232 1201 5277 sanctorum
1233 5224 1590 5293 gloriosorum
1621 5236 1918 5298 martyrum

418 5332 485 5371 x1.
507 5317 737 5373 militum
771 5324 1010 5387 tempore
1033 5318 1218 5374 Licinii
1249 5319 1409 5389 regis.
1454 5319 1589 5374 Nam
1624 5329 1675 5375 et
1703 5320 1918 5376 nomina

419 5420 473 5465 et
495 5420 644 5482 gesta
688 5426 871 5466 eorum
907 5411 1189 5466 habentur.
1231 5413 1288 5467 ln
1323 5414 1507 5468 Africa
1533 5414 1741 5484 Cyrilli,
1775 5414 1920 5470 Feli-

418 5504 518 5567 cis,
546 5504 795 5575 Philippi,
830 5504 1074 5571 Mariani,
1100 5505 1315 5577 Rogati,
1345 5505 1627 5562 Concessi.

492 5597 632 5653 Obiit
671 5591 828 5652 Wala
867 5599 1158 5670 episcopus,
1199 5616 1294 5670 pro
1340 5600 1493 5671 cujus
1540 5601 1792 5655 memoria
1829 5600 1916 5670 fa-

421 5690 601 5745 cienda
625 5691 931 5762 Ansergisus
962 5707 1235 5764 germanus
1267 5692 1380 5763 ejus
1409 5693 1914 5763 arcniepiscopus....

421 5784 551 5838 duos
574 5799 782 5838 mansos
805 5801 920 5839 cum
946 5785 1107 5857 regali
1144 5793 1192 5839 et
1232 5785 1508 5855 episcopali
1532 5801 1783 5839 consensu
1813 5784 1920 5839 fra-

424 5880 585 5935 tribus
629 5878 904 5949 dilargitus
930 5890 1024 5946 est,
1051 5889 1098 5935 et
1133 5881 1189 5935 in
1219 5879 1671 5935 administratione
1708 5878 1919 5935 luminis

2094 5114 2242 5182 scopi
2292 5120 2346 5168 et
2393 5110 2614 5167 Taciani
2658 5113 2893 5180 diaconi,
2920 5114 3011 5183 qui
3056 5128 3159 5166 una
3194 5128 3315 5167 cum
3347 5111 3456 5168 ﬁlio
3502 5128 3602 5169 suo

2094 5205 2291 5270 Felice,
2316 5203 2490 5274 Largo
2518 5212 2573 5258 et
2600 5204 2858 5276 Dionysio
2904 5203 3219 5274 martyrium
3251 5218 3600 5260 consumma-

2096 5305 2239 5351 runt.
2274 5295 2459 5350 Romae
2502 5294 2713 5365 Cyriaci
2766 5292 3038 5364 martyris,
3082 5301 3137 5347 et
3171 5307 3294 5348 cum
3335 5309 3400 5350 eo
3445 5292 3601 5349 Sina-

2088 5388 2237 5460 ragdi
2275 5397 2330 5442 et
2359 5386 2749 5451 Crescentiani,
2800 5394 2857 5439 et
2903 5385 3127 5440 aliorum
3170 5386 3357 5456 viginti
3393 5396 3597 5459 marty-

2095 5497 2233 5537 rum.
2260 5480 2517 5535 Arvernis
2538 5477 2711 5538 Sangi
2739 5476 2959 5531 Patricii
2986 5477 3221 5548 episcopi
3247 5485 3301 5532 et
3327 5477 3599 5534 confesso-

2092 5575 2189 5629 ris.
2217 5572 2528 5628 Nicomedia
2559 5568 2793 5641 Castorii
2830 5568 3103 5639 martyris.

2020 5687 2139 5743 XVI
2167 5686 2435 5744 Kalendas
2458 5682 2631 5753 April.
2658 5683 2715 5736 In
2744 5680 2924 5737 Scotia
2969 5681 3147 5737 natale
3174 5680 3344 5737 sancti
3374 5680 3595 5737 Patricii

2091 5779 2326 5851 episcopi
2358 5785 2413 5833 et
2451 5774 2798 5840 confessoris,
2826 5773 2919 5845 qui
2952 5774 3161 5846 primus
3205 5773 3407 5829 ibidem
3442 5772 3596 5829 Chri-

2093 5881 2235 5930 stum
2313 5868 2720 5940 evangelizavit.
2788 5868 3119 5927 Alexandria
3182 5867 3362 5926 natale
3422 5866 3593 5923 sancti
