3992 6304
204 514 340 585 1221

1424 500 1929 569 MARTYROLOG.
1948 502 2351 563 ’ANTISSIOD.

3286 498 3432 556 1222

274 661 403 705 num
445 626 644 716 Agapis
674 630 992 709 eLCyoniae
1035 639 1352 705 martyrum.
1407 628 1467 685 In
1516 627 1765 716 Sardinia
1793 631 1865 690 Ατ
1936 622 2003 679 lis
2031 620 2324 693 prophetae.
2370 620 2743 677 Antissiodero
2774 602 3036 692 depositio
3064 621 3240 678 sancti
3272 587 3448 680 Palla-

273 739 336 795 B.
367 712 634 792 Meritoris
662 729 899 802 episcopi
950 735 1005 784 et
1043 723 1381 782 confessoris.
1434 712 1555 793 lps'o
1592 720 1676 777 die
1713 718 1770 774 8.

274 826 525 890 Venantii
552 824 789 898 episcopi
815 832 869 880 et
890 812 1161 894 martyris.

348 910 490 981 Obiit
546 918 720 978 uuida
781 908 1058 976 canonicuis
1123 914 1171 971 et
1234 910 1442 968 Edisste
1512 907 1775 964 archidia—

273 1008 453 1077 conus.

195 1114 270 1172 IV
308 1112 487 1181 Nonas
522 1108 743 1181 Aprilis.
773 1104 1034 1177 Lugduno
1052 1100 1196 1159 beati
1229 1086 1422 1155 Nicetil
1461 1091 1695 1181 episcOpi
1720 1097 1775 1147 et

272 1174 614 1263 confessoris.
640 1192 796 1273 Apud
816 1174 1156 1255 Palaestinam
1183 1192 1447 1265 depositio
1466 1174 1641 1246 beatae
1660 1187 1773 1243 Ma-

271 1302 367 1357 riae
394 1284 747 1371 Egyptiacae,
776 1290 894 1364 qua
917 1284 1203 1346 Peccatrix
1233 1278 1555 1358 appellatur.

190 1393 262 1452 Ill
298 1378 480 1448 Nonas
506 1389 677 1462 April.
706 1375 965 1443 Cicsaraea
993 1378 1345 1453 Cappadociae
1368 1375 1551 1447 passio
1573 1378 1773 1429 Sancta:

269 1470 585 1542 Theodosia:
614 1472 857 1552 virginis.
886 1469 1199 1533 Nicomedia
1219 1462 1266 1539 ,’
1294 1471 1351 1527 8.
1378 1467 1569 1525 Donati
1601 1474 1655 1522 et
1710 1465 1749 1519 8

266 1577 576 1648 Amphiani.
600 1574 660 1629 In
684 1573 887 1630 Scithia
927 1571 1147 1627 civitate
1170 1564 1415 1632 Thomis,
1434 1558 1615 1619 natale
1647 1573 1745 1616 san

265 1680 474 1728 ctorum
505 1662 799 1740 Evagrii'e‘t
820 1662 1056 1736 benigni.

340 1762 480 1819 Obiit
516 1745 658 1816 Abba
687 1758 843 1830 hujus
870 1755 1095 1813 ecclesia:
1120 1752 1288 1810 miles.

188 1835 238 1915 ῙΪ
274 1855 454 1912 Nonas
482 1838 701 1927 Aprilis.
730 1850 1031 1907 Mediolano
1066 1836 1209 1905 beati
1231 1838 1501 1901 Ambrosii
1528 1840 1766 1913 episcopi

1939 717 2008 771 dii
2039 716 2272 787 episcopi
2301 726 2355 770 et
2380 716 2729 773 confessoris.

2014 806 2155 862 Obiit
2209 808 2525 881 Wantngus,
2556 808 2645 879 qui
2672 806 2813 861 dedit
2843 806 3094 877 fratribus
3122 826 3275 864 suum
3302 828 3451 866 man-

1939 908 2054 957 ‘sum
2078 902 2507 963 indominicatum
2535 918 2656 955 cum
2686 902 2879 971 optima
2905 903 3056 957 vinea
3097 911 3144 957 et
3199 904 3450 960 viridario

1943 988 2244 1047 adhwrehte
2293 995 2347 1049 in
2397 994 2509 1049 loco
2558 993 2650 1066 qui
2675 993 2868 1046 dicitur
2916 992 3246 1062 Mausiacus,
3275 996 3345 1050 ad
3367 998 3451 1052 sui

1942 1085 2247 1139 memoriam
2277 1084 2660 1141 celebrandam.
2689 1081 2885 1138 Eodem
2900 1084 2986 1141 die
3010 1084 3333 1143 Hludovicas
3358 1105 3448 1143 rex

1934 1170 2077 1229 obiit.

1869 1264 1934 1324 ill
1970 1266 2094 1324 ldus
2113 1264 2334 1340 Aprilis.
2364 1268 2552 1328 Romae
2583 1274 2763 1331 natale
2792 1275 2852 1331 8.
2883 1271 3080 1332 Leonis
3101 1287 3276 1348 papa),
3299 1271 3452 1348 Cujus

1942 1361 2274 1431 temporibus
2299 1363 2508 1418 exstitit
2530 1362 2720 1421 sancta
2749 1370 2985 1438 synodus
3012 1368 3447 1425 Calcedonensis.

1936 1446 2089 1521 Apud
2115 1446 2330 1507 Cretam
2367 1456 2500 1509 urbe
2544 1451 2769 1512 Gortina
2805 1460 2986 1515 natale
3017 1462 3191 1517 sancti
3214 1460 3451 1532 Philippi

1938 1547 2175 1618 episcopi
2213 1559 2268 1603 et
2295 1548 2640 1607 confessoris.
2692 1553 2748 1607 In
2792 1554 3059 1611 Dalmatia
3083 1557 3301 1612 civitate
3346 1556 3449 1611 Sa-

1944 1632 2068 1695 lona
2110 1642 2287 1697 natale
2340 1646 2511 1699 sancti
2573 1636 2905 1702 Dominionis
2947 1649 3185 1719 episcopi
3222 1658 3278 1704 et
3319 1664 3449 1704 con-

1937 1732 2158 1790 fessoris
2214 1750 2338 1793 cum
2384 1737 2646 1794 militibus
2698 1753 2815 1794 vm.
2874 1738 3186 1797 Nicomedia
3218 1740 3277 1797 S.
3336 1741 3446 1796 Eu—

1937 1827 2150 1898 stergii.

254 1948 319 2005 'ct
341 1913 664 2004 confessoris
690 1942 929 2000 doctoris
948 1938 1225 2013 praecipui.
1252 1934 1405 2008 Apud
1427 1935 1644 2008 lspalim
1668 1934 1763 1989 de-

1948 1919 2069 1976 ldus
2120 1921 2342 1993 Aprilis.
2393 1922 2581 1981 Romae
2606 1924 2692 1980 via
2721 1924 2938 1981 Aurelia
2992 1926 3255 1997 depositio
3304 1925 3448 1983 beati

260 2030 460 2113 positio
498 2037 555 2095 S.
580 2032 770 2094 lsidori
800 2036 1038 2109 episcopi
1075 2043 1129 2090 et
1159 2030 1505 2089 confessoris.

335 2133 461 2211 Ipsa
477 2132 560 2188 die
586 2133 709 2189 obiit
735 2130 1028 2187 Leotericus
1050 2128 1346 2195 vicecomes,
1361 2119 1520 2194 Ituj'u's
1539 2120 1767 2179 ecclesiae

179 2282 213 2303 ,ρ
235 2300 239 2305 Ι
260 2225 580 2305 vexillarius.

191 2300 373 2378 Nonas
410 2300 629 2393 Aprilis.
672 2317 1073 2377 Thessalonicze
1095 2314 1277 2373 natale
1306 2304 1507 2372 sanctae
1535 2312 1767 2402 Hyrena‘.

260 2408 485 2486 virginis
513 2412 566 2469 et
601 2404 878 2488 martyris.
909 2408 1066 2484 Apud
1094 2406 1403 2491 Egyptum,
1434 2408 1613 2463 natale
1638 2423 1765 2463 san-

261 2513 473 2561 ctorum
511 2503 850 2569 Nicltanoris,
904 2511 958 2558 ct
1004 2501 1292 2573 Apollonii,
1349 2506 1403 2555 et
1465 2497 1764 2566 Martiantc,

261 2608 489 2665 quorum
516 2592 670 2666 gesta
692 2592 984 2649 habentur.

333 2685 531 2742 Eodem
562 2688 646 2742 die
677 2682 941 2741 ordinatio
972 2678 1149 2741 domm
1191 2672 1467 2741 neariboldi
1516 2680 1762 2755 episcopi.

260 2772 397 2833 Item
416 2780 528 2851 ipsa
558 2778 642 2834 die
675 2770 983 2851 Ingeluinus
1009 2776 1158 2833 miles
1182 2777 1329 2832 obiit.

191 2869 282 2926 ΥΠ
320 2869 441 2925 ldus
490 2869 709 2942 Aprilis.
758 2870 941 2925 Roma:
984 2868 1172 2924 natale
1226 2867 1285 2923 8.
1336 2864 1476 2924 Siittt
1510 2882 1662 2938 papae
1710 2875 1767 2923 et

260 2963 514 3036 martyris
558 2954 887 3034 temporibus
910 2954 1135 3018 Adriani
1162 2956 1328 3033 passi.
1363 2958 1418 3015 ln
1453 2956 1764 3016 Macedonia

260 3044 570 3114 sanctorum
614 3048 880 3112 Tim'dthei
905 3065 959 3113 et
1014 3052 1283 3126 Diogenis.
1317 3044 1482 3108 Libizc
1514 3053 1760 3123 superio-

258 3146 336 3205 ris
378 3136 643 3205 Theodori
681 3140 940 3219 episcopi,
981 3146 1206 3202 Herenei
1246 3146 1478 3211 diaconi,
1508 3142 1761 3216 Serapio-

250 3232 348 3298 nis
365 3250 420 3297 et
455 3228 723 3297 Ammonii
769 3232 1049 3297 lectorum.
1081 3232 1150 3295 Et
1168 3236 1301 3296 alibi
1336 3237 1516 3294 natale
1556 3232 1765 3295 'Sanctae

257 3320 476 3413 Biar-ina:
500 3322 556 3389 et
584 3332 840 3413 Egolinie.

252 3512 371 3574 dein
395 3504 477 3574 die
500 3514 622 3575 obiit
642 3504 933 3592 Caufridus
957 3518 1357 3578 archidiaconus
1379 3529 1429 3575 et
1456 3520 1617 3576 abbas
1639 3537 1767 3576 san-

252 3612 322 3666 cti
343 3597 575 3669 Eusebii.
618 3685 623 3691 .
918 3686 923 3693 ,
1148 3688 1149 3693 η

180 3698 302 3783 Vill
342 3705 461 3760 ldus
510 3704 731 3787 Aprilis.
787 3690 942 3789 Apud
965 3704 1411 3789 Africam‘natale
1456 3712 1764 3762 sanctorum

246 3780 815 3875 Epiphaniiepiscopi.
867 3780 1457 3857 eftdona’ti'etalioru'm
1486 3816 1606 3855 xm.
1658 3801 1735 3857 Eo

258 3888 379 3943 dem
434 3888 520 3945 die
576 3874 847 3962 Heiesippi
897 3888 1383 3949 xxvs’ancti'ssimi.
1436 3880 1765 3949 Alexandria

254 3968 690 4056 ‘san‘ctiPcleusii
724 3970 1045 4056 presbyteri,

331 4050 470 4106 Obiit
517 4050 781 4109 Johann'es
830 4050 983 4110 lenita
1027 4050 1077 4111 et
1118 4072 1277 4113 aooas
1341 4059 1510 4112 sancti
1550 4054 1764 4113 Eusebii

246 4144 426 4199 adhuc
442 4136 964 4218 juvenis‘prude‘ntia
983 4146 1286 4204 litterarum
1339 4136 1571 4203 imbutus
1600 4160 1646 4204 et
1673 4150 1764 4204 bo-

254 4238 418 4292 nitate
466 4230 702 4294 decorus.
760 4238 889 4311 Ipsa
942 4239 1027 4295 die
1068 4240 1190 4296 obiit
1219 4241 1375 4296 Attila
1408 4243 1649 4313 religiosa
1688 4244 1765 4314 fe-

250 4345 418 4386 mina.

183 4420 256 4479 Vl
306 4420 429 4477 ldus
447 4418 666 4494 Aprilis.
703 4410 857 4494 Apud
884 4422 1135 4480 Tolosam
1187 4428 1369 4481 natale
1398 4428 1573 4483 sancti
1620 4427 1765 4483 Exu-

246 4502 389 4583 perii
428 4512 664 4585 episcopi
692 4508 770 4570 et
802 4504 1164 4597 confessoris,
1211 4516 1365 4585 cujus
1392 4504 1545 4574 ac'tu‘s
1572 4520 1764 4576 beatus

241 4594 610 4682 Hieronymus
628 4594 1052 4670 memorabiliter
1072 4612 1350 4672 describit.
1375 4613 1765 4673 Romaz'Calisti

253 4718 426 4776 papae.

322 4796 471 4854 'Obiit
492 4796 749 4856 Beraldus
770 4782 1016 4858 sacerdos
1041 4813 1089 4858 et
1118 4817 1409 4861 concentor.

172 4887 227 4946 Υ
264 4888 390 4944 ldus
440 4886 655 4961 Aprilis.
713 4891 869 4963 Apud
904 4880 1247 4950 Antiochiam
1303 4896 1484 4951 natale
1534 4892 1760 4955 Procori

251 4976 528 5065 martyris,
571 4988 662 5059 qui
710 5004 847 5055 unus
886 4987 987 5044 fuit
1017 4990 1082 5045 de
1113 4980 1188 5044 vn
1241 4990 1576 5047 diaconibus.
1603 4992 1760 5061 Apud

253 5070 527 5144 Syrmium
572 5070 756 5133 natale
810 5095 884 5134 vn
935 5079 1246 5151 virginum,
1312 5097 1431 5151 qua:
1491 5082 1544 5136 in
1592 5097 1759 5136 unum

250 5164 569 5224 meruerunt
641 5178 927 5239 coronari,
1002 5187 1234 5243 quarum
1310 5176 1528 5229 nomina
1616 5176 1759 5230 Deus

249 5260 421 5317 novit.
986 5330 991 5333 _

327 5352 464 5410 Obiit
519 5345 705 5411 Suavis
775 5356 1123 5413 subdiaconus
1168 5359 1225 5413 in
1279 5359 1464 5414 litteris
1539 5359 1763 5414 multum

244 5444 472 5502 deditus.
528 5446 724 5503 Eodem
776 5448 860 5503 die
898 5450 1074 5519 regina
1114 5442 1257 5505 ἀξιοι-
1299 5448 1536 5505 Guiberti
1586 5451 1713 5505 "obiit
1742 5490 1758 5518 ,

245 5539 401 5610 cujus
453 5558 667 5596 assensu
717 5528 763 5595 et
816 5541 1050 5610 precibus
1100 5540 1238 5596 idem
1287 5540 1564 5597 Gutbertus
1591 5542 1755 5597 eccle-

230 5622 379 5693 siam
425 5628 593 5694 sancii
644 5628 894 5700 Stephani
945 5626 1209 5695 canonicis
1237 5642 1291 5696 in
1352 5642 1576 5696 Acolaco
1630 5639 1755 5695 uilla

248 5728 412 5787 dedit.

172 5822 247 5882 IV
284 5824 408 5880 ldus
453 5824 674 5897 Aprilis.
722 5825 907 5883 Romae
936 5825 1118 5883 natale
1145 5812 1501 5898 plurimorum
1547 5836 1753 5901 marty-

250 5904 371 5972 r'um
398 5902 534 5987 quos
558 5926 777 6000 sanctus
825 5906 1131 6001 Alexander
1156 5920 1298 6001 papa
1342 5918 1658 6001 baptizavit,
1701 5930 1758 5978 et

247 6008 570 6073 Aurelianus
595 5998 651 6089 in
684 6011 822 6073 mari
868 5998 1065 6074 necare
1084 6000 1238 6087 fecit,
1263 6000 1317 6072 et
1340 5998 1755 6090 "alibiEzechie-

1789 4760 1843 4837 ὑ

1786 2019 1839 2081 Β
1936 2009 2061 2066 Julii
2092 2015 2328 2084 episcopi
2353 2025 2408 2070 et
2443 2017 2796 2073 confessoris.
2825 2018 2946 2087 Ipso
2973 2018 3059 2073 die
3086 2019 3315 2075 Zenonis
3335 2019 3453 2090 epi-

1942 2108 2109 2177 scopi.
2169 2106 2441 2181 Wapingo
2490 2113 2749 2181 depositio
2806 2113 3142 2169 Constantini
3194 2114 3449 2187 episcopi.

1921 2196 2310 2255 zAntissiodero
2340 2201 2481 2256 beati
2510 2203 2707 2258 Tctrici
2738 2204 2974 2275 episcopi

2010 2290 2212 2346 Eodem
2262 2292 2346 2348 die
2403 2292 2714 2350 Gitillelmus
2764 2297 3113 2352 subdiaconus
3172 2300 3452 2355 canonicus

1939 2381 2159 2453 feliciter
2186 2384 2354 2440 emisit
2400 2387 2661 2457 spiritum,
2693 2396 2739 2442 et
2760 2392 2855 2459 pro
2879 2388 3185 2443 delictorum
3235 2406 3452 2445 suorum

1936 2477 2240 2534 remissione
2291 2480 2507 2535 domum
2576 2496 2728 2536 suam
2795 2491 2845 2536 et
2919 2482 3120 2538 vineam
3185 2484 3451 2540 canonicis

1932 2571 2104 2626 dedit.

1858 2658 1988 2720 Idus
2018 2665 2236 2736 Aprilis.
2290 2664 2349 2721 In
2390 2666 2710 2724 Calcedonia
2740 2656 2921 2726 natale
2951 2678 3152 2726 sanctae
3193 2669 3453 2726 Eufemia:

1934 2758 2159 2830 virginis
2185 2768 2238 2815 et
2262 2762 2534 2833 martyris.
2572 2758 2726 2830 Apud
2754 2756 3076 2835 P‘crgamum
3098 2764 3242 2821 Asia:
3263 2767 3453 2821 urbem

1937 2852 2117 2907 natale
2154 2852 2252 2908 SS.
2287 2869 2585 2927 martyrum
2636 2856 2793 2927 Carpi
2847 2859 3106 2930 episcopi,
3154 2869 3208 2916 et
3259 2859 3453 2930 Papilii

1936 2946 2168 3014 diaconi,
2200 2956 2253 3003 et
2279 2948 2451 3005 beatae
2480 2950 2854 3022 Agathonicze,
2913 2963 2968 3007 et
2993 2952 3220 3008 aliarum
3253 2952 3451 3008 multa-

1934 3054 2075 3093 rum.
2124 3039 2177 3094 In
2207 3039 2463 3110 Hispania
2501 3041 2679 3098 natale
2708 3040 2766 3098 S.
2792 3042 3208 3115 Herminegildis
3229 3043 3374 3114 regis
3395 3051 3452 3100 et

1937 3134 2214 3204 martyris.

1864 3228 2028 3286 XVlIl
2068 3230 2338 3289 Kalendas
2363 3232 2508 3289 Maii.
2550 3232 2737 3290 Romae
2762 3237 2946 3292 natale
2983 3236 3084 3293 SS.
3125 3236 3367 3294 Tiburcii
3397 3247 3452 3295 et

1939 3324 2212 3382 Valeriani
2238 3337 2291 3382 et
2327 3327 2565 3384 Maximi.
2626 3328 2947 3385 lnteramnis
2970 3330 3026 3385 S.
3059 3331 3273 3388 Proculi
3306 3348 3452 3387 mar-

501 3374 556 3389 ...
584 3374 840 3405 μνηηη...
936 3396 941 3399 _
1002 3400 1007 3405 ι

332 3412 581 3483 Οὑὶεηιηι
612 3408 876 3500 Remigius
908 3439 954 3484 et
973 3406 1358 3483 Warimbertus
1385 3426 1630 3498 episcOpi.
1656 3425 1763 3482 Eo-

1931 3418 2085 3489 tyris.
2117 3418 2273 3489 Apud
2299 3419 2679 3475 Alexandriam
2708 3422 2847 3476 beati
2877 3421 3138 3478 Hontdnis
3165 3432 3220 3479 et
3254 3433 3455 3479 sanctae

1936 3508 2159 3565 Domnas
2224 3510 2452 3582 virginis
2517 3512 2643 3568 cum
2713 3513 2874 3569 sociis
2930 3513 3231 3586 virginibus
3291 3531 3449 3572 coro-

1936 3611 2096 3658 natm.

2004 3695 2207 3751 Eodem
2239 3697 2323 3752 die
2352 3697 2614 3753 ordinatio
2660 3699 2838 3754 damni
2882 3698 3138 3755 Hic/tardi
3181 3706 3448 3772 prtesults.

1862 3844 1873 3851 ,
1926 3787 2057 3860 Ipsa
2087 3788 2171 3845 die
2199 3791 2324 3846 obiit
2350 3775 2593 3847 Otbertus
2624 3790 2771 3848 utiles
2798 3792 2856 3847 S.
2891 3784 3163 3865 Stephani.

1867 3880 2024 3938 XVII.
2065 3878 2184 3938 Kal.
2216 3882 2362 3939 Maii.
2400 3885 2457 3940 In
2486 3885 2708 3942 civitate
2736 3885 2969 3941 Cordula
3022 3887 3204 3944 natale
3231 3898 3449 3946 sancto-

1935 3993 2052 4033 rum
2089 3987 2390 4051 martyrum
2421 3978 2752 4051 Olympiadis
2793 3990 2849 4037 et
2888 3981 3135 4038 Maximtc
3162 3985 3445 4042 nobilium.

1933 4072 1990 4127 In
2014 4073 2162 4128 Italia
2201 4083 2508 4130 sanctorum
2532 4074 2827 4147 martyrum
2854 4074 3110 4146 Maronis,
3140 4080 3446 4141 Euthicctis

1933 4173 1989 4219 et
2046 4162 2333 4222 Victorini.
2401 4165 2469 4221 Et
2523 4167 2575 4222 in
2646 4167 2921 4240 Reomago
2981 4171 3230 4228 coenobio
3306 4172 3449 4229 beati

1934 4256 2198 4330 Sylvestri
2288 4258 2538 4330 discipuli
2620 4260 2791 4316 sancti
2881 4257 3143 4320 Johannis
3237 4261 3449 4321 confes—

1925 4346 2093 4407 'soris.

1863 4432 1983 4501 XVI
2018 4445 2139 4500 Kal.
2168 4444 2312 4501 Maii.
2345 4446 2806 4520 aesar-Augustae
2851 4458 3157 4506 sanctorum
3182 4450 3370 4507 decem
3395 4460 3449 4508 et

1934 4546 2062 4593 octo
2093 4548 2413 4609 martyrum,
2451 4554 2681 4609 quorum
2713 4544 2929 4597 nomina
2954 4544 3214 4612 ct,passio
3252 4544 3450 4599 haben-

1935 4637 2044 4684 tur.
2096 4629 2251 4700 Apud
2296 4624 2612 4686 Chorintum
2656 4633 2836 4689 natale
2864 4635 2921 4688 8.
2951 4635 3142 4689 Calixti
3173 4644 3229 4691 et
3256 4635 3448 4691 Carisii

1935 4735 2057 4777 cum
2133 4721 2254 4777 aliis
2320 4736 2415 4777 vn.
2484 4723 2669 4779 Romae
2736 4722 2792 4778 S.
2864 4724 3115 4781 Anicheti
3175 4742 3325 4799 papae
3395 4736 3449 4784 et

1933 4819 2231 4890 martyris,
2320 4827 2376 4874 et
2456 4820 2513 4876 in
2591 4819 2911 4877 Mauritania
2984 4823 3164 4880 natale
3252 4833 3448 4881 sanctae

1934 4910 2144 4966 Basilite

2007 5007 2207 5061 Eodem
2251 5009 2334 5062 dte
2375 5010 2612 5064 obierunt
2651 5008 3005 5080 Godolgarius
3061 5013 3325 5082 presbyter
3396 5019 3446 5064 et

1933 5097 2200 5169 Augustus
2252 5102 2530 5167 sacerdos,
2603 5102 2695 5171 qui
2730 5101 2870 5156 dedit
2929 5102 3182 5171 fratribus
3231 5100 3445 5153 alodum

1935 5205 2089 5242 suum
2158 5188 2444 5247 Maisilinte
2498 5207 2615 5245 cum
2664 5192 2811 5249 vinea
2863 5193 3133 5262 adjacente
3202 5190 3253 5243 in
3321 5187 3444 5242 uilla

1929 5297 2045 5353 qua:
2096 5283 2286 5336 dicitur
2345 5282 2669 5345 Laconiacus
2714 5285 2783 5339 ad
2828 5283 2912 5339 sui
2958 5270 3260 5338 memoriam
3302 5297 3444 5337 reco-

1935 5370 2165 5427 lendam.

1862 5464 1957 5520 XV
1983 5464 2101 5520 Kal.
2128 5466 2278 5521 Maii.
2302 5467 2454 5540 Apud
2476 5468 2713 5524 Africam
2731 5454 2915 5523 natale
2940 5456 3116 5522 isancti
3139 5464 3438 5537 Mappalici,

1932 5559 2021 5631 qui
2080 5576 2201 5614 cum
2258 5561 2379 5616 aliis
2431 5561 2674 5632 pluribus
2724 5569 3023 5616 cononatus
3087 5568 3189 5615 est.
3257 5546 3442 5614 Antio;

1928 5651 2049 5729 cinia
2092 5652 2270 5707 natale
2317 5664 2625 5707 sanctorum
2680 5651 2827 5707 Petri
2882 5644 3096 5707 diaconi
3140 5648 3441 5706 etHermo-

1932 5744 2102 5814 genis.
3092 5808 3095 5813 ,

2005 5833 2144 5889 Obiit
2171 5834 2359 5890 Petrus
2385 5835 2636 5890 diaconus
2661 5835 2751 5907 qui
2776 5834 2913 5890 dedit
2939 5818 3193 5906 fratribus
3221 5830 3275 5890 in
3300 5850 3435 5906 pago

1932 5923 2211 6009 Senonico,
2235 5925 2290 5979 in
2311 5912 2434 5981 villa
2460 5943 2575 5998 qua:
2601 5926 2799 5982 dicitur
2819 5922 3135 6009 Bittisiacus,
3159 5937 3207 5982 et
3231 5926 3438 5997 in’pago

1929 6000 2381 6076 Antissiodercnse
2428 6019 2485 6077 in
2507 6018 2629 6078 villa
2658 6035 2775 6094 qua:
2804 6020 2997 6098 dicitur
3018 6000 3297 6095 Padaeus,
3329 6032 3438 6077 om-

1719 6157 1732 6179 ‘
1758 6148 1948 6183 1"“..7"..A
1970 6150 1989 6159 ’ν
2045 6157 2048 6160 ’
2076 6151 2103 6183 ’ἶ
