3992 5350
550 397 691 456 4225

1342 394 1632 451 APPEND.
1669 392 1763 449 AD
1800 392 1975 451 SZEC.
2012 393 2082 450 Χ.
2114 422 2183 435 -
2211 393 2643 454 MONUMENTA
2674 395 2952 455 LITURG.

3677 401 3806 457 1221

624 517 712 572 nia
764 513 977 586 propria
1018 528 1117 568 sua
1142 527 1462 584 quaecunque
1497 511 1635 567 visus
1665 520 1739 565 est
1762 511 1971 577 habere,
2002 525 2119 564 cum
2145 523 2199 579 Α
2293 513 2377 569 dri
2394 514 2645 584 martyris
2672 527 2794 569 cum
2820 514 2942 569 aliis
2969 527 3196 571 numero
3222 528 3411 597 xxstv.
3436 512 3500 569 In
3528 512 3807 572 Britannia

618 608 875 664 masilinis
903 616 952 662 et
982 606 1136 661 terris
1161 616 1208 661 et
1232 606 1391 661 vineis
1421 606 1489 658 ad
1515 605 1598 658 sui
1620 604 1927 657 memoriam
1983 619 2127 657 reco-

620 702 846 757 lendam.
861 699 987 771 Ipso
1009 701 1094 754 die
1122 698 1292 754 David
1308 698 1462 753 levita
1489 706 1537 751 et
1559 697 1869 767 praepositus
1887 694 2128 766 migravit

616 796 680 850 ab
713 797 812 851 hac
842 795 967 851 vita.
995 792 1154 858 Item,
1176 791 1444 847 Iohannes
1473 789 1627 845 levita
1654 798 1701 843 et
1727 786 1887 841 abbas
1911 785 2127 840 humilis

613 889 679 944 ab
702 890 798 944 hoc
819 886 1013 943 steculo
1040 885 1277 957 migravit
1305 882 1373 937 ad
1391 880 1719 937 clementiam
1739 878 1954 935 Christi.
1983 875 2127 934 Obiit

614 979 911 1035 Richardus
939 994 1128 1033 comes.
1168 973 1393 1030 Victoria
1418 972 1701 1029 comitissa.

542 1071 661 1130 XIV
696 1070 921 1127 Kalend.
957 1070 1103 1125 Maii.
1149 1069 1307 1139 Apud
1337 1067 1640 1123 Messanam
1660 1062 1907 1136 Apuleize
1934 1063 2125 1119 civita-

524 1230 527 1231 ν
617 1172 721 1219 tem
751 1161 927 1218 natale
952 1160 1051 1218 SS.
1086 1167 1386 1231 martyrum
1411 1157 1712 1213 Eleutherii
1745 1154 2121 1226 gloriosissimi

600 1254 856 1325 episcopi,
907 1260 963 1308 et
988 1250 1202 1307 Anthiae
1251 1249 1441 1305 matris
1485 1249 1619 1317 ejus.
1646 1249 1829 1303 Romae
1857 1248 2033 1319 passio
2060 1245 2118 1302 S.

612 1342 881 1414 Apollonii
914 1341 1205 1413 senatoris.
1245 1339 1305 1395 In
1357 1338 1542 1394 Africa
1592 1335 2120 1408 Victoris-Pamphili

609 1450 731 1491 cum
754 1435 876 1490 aliis
900 1448 1129 1489 numero
1155 1447 1250 1488 vn;

538 1524 655 1585 Xlll
690 1524 912 1580 Kalend.
941 1516 1085 1578 Maii.
1117 1523 1274 1593 Apud
1305 1520 1621 1578 Chorintum
1644 1518 1825 1575 natale
1848 1518 1905 1575 S.
1935 1516 2117 1574 Timo-

605 1619 691 1675 nis
711 1616 976 1683 crucilixi,
1004 1616 1096 1687 qui
1131 1614 1235 1671 fuit
1266 1615 1333 1671 de
1360 1630 1454 1670 vn.
1477 1613 1814 1670 diaconibus.
1840 1611 1898 1667 ln
1925 1611 2119 1666 Arme-

603 1712 696 1768 nia
725 1711 948 1767 civitate
993 1708 1226 1765 Militina
1256 1707 1437 1764 natale
1476 1706 1575 1763 SS.
1607 1706 1754 1772 Rufi,
1800 1703 2113 1769 Aristonici,

606 1802 961 1873 Hermogenis
1013 1795 1135 1858 cum
1180 1800 1301 1856 aliis
1356 1814 1583 1856 numero
1633 1814 1750 1856 sex.
1777 1794 2115 1854 Caucoliberi

2299 603 2359 661 S.
2389 606 2576 662 Molliti
2602 608 2839 679 episcopi
2862 616 2920 663 et
2946 606 3293 664 confessoris.

2366 699 2510 755 Obiit
2539 700 2780 757 Ansellus
2801 700 2953 756 levita
2981 711 3029 757 et
3052 703 3332 757 canonicus
3360 703 3614 774 insignis,
3654 707 3711 758 in
3732 706 3806 759 di-

2294 793 2426 848 vinis
2472 794 2745 864 scripturis
2793 795 3043 864 magister
3088 797 3343 866 egregius,
3391 799 3485 868 qui
3515 814 3615 867 pro
3645 798 3810 854 salute

2298 890 2489 944 anima:
2511 906 2622 944 sua:
2647 891 2851 945 vineam
2872 907 3029 963 quam
3052 890 3269 947 habebat
3294 894 3352 948 in
3372 902 3551 950 monte
3586 894 3806 965 Defessa

2293 982 2558 1037 canonicis
2585 982 2735 1037 dedit.
2884 1012 2887 1015 η
3402 1024 3407 1031 .

2223 1068 2333 1126 Vll.
2386 1070 2611 1128 Kalend.
2669 1072 2815 1129 Maii.
2871 1073 2930 1129 In
2959 1074 3280 1131 Alexandria
3340 1075 3526 1131 natale
3554 1076 3617 1132 8.
3646 1077 3802 1136 Marci

2292 1165 2652 1236 evangelista.
2698 1165 2957 1236 Lugduno
2984 1168 3247 1238 depositio
3275 1168 3420 1225 beati
3448 1168 3672 1226 Rustici
3696 1173 3800 1243 cpio

2295 1258 2463 1328 scopi.
2517 1257 2703 1314 Romae
2759 1257 2963 1315 letania
3009 1262 3186 1333 major
3228 1262 3296 1317 ad
3340 1262 3400 1319 8.
3453 1263 3704 1319 Petrum.
3748 1267 3801 1321 In

2291 1348 2561 1436 Syracusa
2583 1352 2800 1410 civitate
2814 1352 3009 1411 Siciliae
3034 1355 3214 1413 natale
3242 1356 3343 1413 SS.
3367 1356 3591 1426 Evodii,
3615 1359 3800 1415 Enno-

2290 1442 2441 1514 genis
2467 1449 2523 1498 et
2545 1442 2777 1499 Calistae.
2974 1478 2977 1483 ‹
3096 1480 3101 1485 -
3328 1486 3336 1494 .
3398 1486 3401 1489 λ

2362 1532 2504 1590 Obiit
2552 1536 2775 1592 domnus
2828 1537 3113 1595 Eribaldus
3150 1540 3421 1610 episcopus
3443 1540 3539 1612 qui
3566 1540 3715 1595 dedit
3739 1543 3798 1594 ad

2281 1626 2581 1682 vestimenta
2605 1626 2833 1697 fratrum
2882 1630 3120 1696 emenda,
3150 1627 3443 1684 Candidam
3473 1630 3662 1685 uillam
3690 1646 3798 1682 cum

2290 1719 2400 1774 suis
2452 1720 2764 1791 appenditiis
2788 1728 2834 1775 et
2856 1720 3174 1776 abbatiolam
3203 1722 3373 1776 sancti
3419 1720 3654 1792 Remigii
3691 1737 3801 1776 cur

2289 1812 2469 1880 vineis,
2493 1814 2758 1868 corticano
2787 1812 3024 1869 videlicet
3047 1823 3097 1869 et
3126 1812 3320 1884 plantis
3342 1830 3363 1879 ;
3393 1822 3441 1868 et
3462 1816 3535 1868 ad
3552 1814 3801 1885 stipendia

604 1895 874 1966 Hispania:
896 1894 1072 1949 natale
1095 1894 1151 1950 S.
1182 1892 1448 1949 Vincenlii
1470 1890 1744 1963 martyris.
1776 1889 1837 1944 In
1866 1885 2113 1945 ctenobio

2282 1905 2516 1977 ipsorum
2554 1906 2825 1962 dimidium
2900 1905 3317 1974 Maximiacum,
3388 1906 3489 1960 hoc
3535 1916 3614 1960 est
3661 1923 3802 1960 mn-

608 1990 753 2060 quod
798 1988 995 2044 dicitur
1042 1986 1109 2041 ad
1136 1985 1371 2041 Laubias
1401 1984 1668 2056 depositio
1684 1982 1829 2038 beati
1871 1978 2114 2037 Ursmari

604 2080 839 2152 episcopi
872 2088 926 2136 et
953 2077 1299 2136 confessoris.

678 2173 817 2231 Obiit
856 2171 1107 2229 Ersendis
1135 2173 1292 2227 vidua
1318 2169 1428 2227 Deo
1455 2179 1691 2236 sacrata,
1714 2182 1831 2240 qute
1851 2165 1986 2222 dedit
2009 2165 2116 2236 fra-

604 2268 768 2325 tribus
792 2283 886 2337 pro
915 2266 1069 2338 Agini
1115 2264 1375 2336 quondam
1413 2265 1498 2319 sui
1526 2263 1703 2319 mariti
1729 2271 1881 2333 atque
1926 2259 2115 2314 anima:

604 2376 714 2416 suae
742 2356 1071 2414 absolutione
1096 2358 1150 2412 in
1180 2373 1315 2429 pago
1357 2355 1621 2412 Senonico
1650 2354 1705 2408 in
1734 2352 1860 2409 villa
1890 2350 2113 2406 Caciaco

601 2455 842 2512 clausum
877 2454 1039 2510 vinea:
1080 2453 1353 2508 habentem
1396 2452 1667 2523 Arpennos
1711 2464 1787 2516 tv,
1818 2456 1867 2504 et
1894 2448 1965 2502 ad
1991 2463 2117 2502 san~

599 2556 741 2602 ctum
793 2544 1037 2600 Priscum
1079 2545 1215 2599 inter
1252 2543 1534 2599 monachos
1572 2552 1622 2598 et
1671 2541 1863 2612 fratres
1888 2536 2115 2595 uineolas

487 2670 496 2685 ο
607 2655 738 2710 quas
758 2638 830 2693 ibi
852 2636 1093 2692 habebat.
1124 2634 1424 2695 Stephanus
1444 2633 1591 2690 miles
1619 2633 1764 2689 obiit.

531 2745 622 2818 XII
666 2751 899 2819 Kalendi
924 2746 1073 2813 Milli.
1105 2754 1294 2811 Natale
1331 2754 1391 2811 8.
1423 2744 1659 2811 Victoris
1702 2767 1858 2824 papa:
1892 2760 1948 2807 et
1971 2765 2118 2806 mar-

604 2852 759 2924 tyris.
815 2850 973 2917 Item,
1037 2848 1223 2904 Romae
1276 2846 1377 2904 SS.
1434 2856 1733 2919 martyrum
1796 2844 2010 2914 Sulpitii
2062 2850 2117 2899 et

604 2942 910 3000 Serviliani.
984 2940 1360 2997 Antissiodero
1417 2939 1638 2995 civitate
1689 2936 1953 3009 depositio
2012 2934 2113 2992 SS.

602 3034 975 3092 confessorum
1013 3032 1317 3088 Mamertini
1345 3040 1399 3087 et
1424 3030 1672 3086 Mariani.

534 3129 603 3187 XI
649 3129 875 3185 Kalend.
910 3126 1056 3183 Maii.
1089 3126 1247 3196 Apud
1273 3124 1551 3182 Persidem
1614 3124 1795 3180 natale
1825 3122 1883 3179 S.
1910 3122 2118 3179 Simeo-

2282 2015 2367 2054 808
2396 2015 2511 2055 ιιι.

2216 2088 2302 2145 Vl.
2331 2089 2557 2146 Kalend.
2587 2089 2734 2146 Maii.
2765 2088 2949 2146 Romae
2985 2091 3167 2148 natale
3196 2089 3299 2148 SS.
3324 2098 3638 2163 martyrum
3665 2089 3797 2148 Cleti

2286 2192 2341 2239 et
2403 2182 2703 2239 Marcellini
2767 2200 2938 2256 papae.
2991 2184 3049 2239 In
3068 2200 3205 2256 pago
3251 2184 3504 2251 Pontivo,
3557 2183 3800 2242 coenobio

2284 2275 2543 2344 Centulae,
2575 2277 2838 2348 depositio
2866 2278 3039 2334 sancti
3062 2278 3302 2335 Richarii
3324 2279 3684 2335 confessoris.
3699 2280 3800 2335 An-

2285 2367 2571 2424 tissiodero
2596 2366 2865 2424 dedicatio
2890 2366 3112 2438 majoris
3136 2368 3381 2425 ecclesiae
3407 2368 3468 2424 8.
3496 2369 3702 2424 Mariae.

2217 2460 2261 2516 ν
2298 2462 2525 2519 Kalend.
2573 2462 2720 2519 Maii.
2750 2463 2937 2520 Romae
2985 2463 3167 2519 natale
3206 2464 3265 2521 S.
3304 2465 3590 2521 Anastasii
3634 2483 3793 2538 papa.

2284 2556 2595 2614 Nicomedia
2646 2557 2707 2614 8.
2747 2559 2955 2614 Antimi
2985 2560 3222 2630 episcopi
3264 2570 3321 2616 et
3368 2563 3640 2632 martyris
3681 2579 3793 2617 cum

2285 2652 2568 2708 innumera
2591 2651 2940 2707 multitudine
2962 2661 3282 2725 martyrum.
3304 2652 3366 2708 In
3380 2653 3616 2710 civitate
3634 2654 3796 2710 Tarso

2284 2741 2489 2799 Ciliciae
2518 2743 2696 2799 natale
2724 2742 2782 2799 8.
2815 2742 3047 2799 Castori.

2357 2834 2497 2891 Obiit
2540 2835 2849 2892 Lambertus
2911 2837 3071 2908 hujus
3116 2837 3349 2893 ecclesia:
3406 2840 3704 2894 canonica
3758 2849 3801 2893 et

2282 2930 2533 2994 sacrista,
2566 2929 2656 3000 qui
2685 2930 2755 2983 ad
2797 2929 2881 2983 sui
2930 2931 3237 2984 memoriam
3280 2931 3624 2985 recolendam
3673 2931 3803 2985 dedit

2287 3019 2408 3075 huic
2437 3020 2668 3076 ecclesiis
2709 3020 2920 3077 bacinos
2966 3022 3099 3078 duos
3125 3034 3422 3095 argenteos,
3479 3024 3802 3078 thuribuluu

2287 3121 2607 3183 argenteum,
2635 3128 2854 3184 cappam
2881 3114 2945 3168 de
2968 3114 3152 3185 pallio,
3184 3124 3230 3169 et
3262 3114 3369 3169 duo
3389 3114 3738 3180 candelabra,
3758 3124 3801 3169 et

602 3220 689 3275 nis
714 3217 951 3290 episcopi
1003 3225 1059 3273 et
1107 3215 1363 3287 martyris
1416 3230 1539 3270 cum
1593 3214 1713 3270 aliis
1749 3214 2014 3285 plurimis.
2054 3214 2111 3269 In
2142 3248 2189 3314 ο
2288 3204 2394 3259 duo
2423 3205 2653 3275 tapetia;
2684 3206 3161 3314 canonicisnautem
3204 3204 3345 3259 dedit
3376 3216 3596 3260 centum
3620 3206 3801 3260 solidos

604 3310 793 3367 Galliis
844 3309 1063 3365 civitate
1086 3306 1456 3364 Ebredunensi
1498 3305 1677 3361 natale
1728 3305 1784 3361 S.
1817 3305 2115 3362 Marcellini

603 3405 838 3478 episcopi
868 3413 924 3461 et
952 3401 1295 3459 confessoris.
1325 3400 1480 3471 Apud
1522 3399 1908 3454 Alexandriam
1937 3397 2117 3454 natale

607 3499 707 3557 SS.
736 3498 1039 3565 Fortunati,
1069 3497 1318 3554 Aratoris
1344 3494 1670 3567 presbyteri,
1694 3493 1911 3561 Felicis,
1939 3492 2114 3559 Silvii,

603 3590 818 3659 Vitalis,
844 3591 935 3664 qui
956 3591 1011 3647 in
1041 3604 1263 3646 carcere
1280 3589 1623 3660 quieverunt.

677 3686 820 3742 Obiit
863 3685 1083 3740 domnus
1123 3680 1400 3738 Galdricus
1446 3682 1733 3753 episcopus.
1777 3679 1917 3737 Obiit
1959 3679 2116 3752 Hugo

600 3766 953 3835 nobilissimus
1009 3775 1157 3831 miles
1198 3775 1367 3831 sancti
1402 3773 1677 3844 Stephani,
1712 3774 1802 3845 qui
1828 3773 1964 3828 dedit
2006 3775 2117 3844 fra-

601 3872 770 3928 tribus
828 3870 1116 3926 Acolacum
1162 3868 1339 3924 villam
1384 3884 1501 3923 cum
1524 3868 1841 3945 appendiciis
1871 3868 1999 3933 suis,
2030 3884 2120 3922 an-

604 3973 792 4022 nuente
813 3963 1051 4034 Goﬁ'rido
1076 3962 1312 4034 episcopo
1336 3978 1431 4018 suo
1453 3962 1646 4017 seniori
1700 3962 1768 4017 ad
1796 3962 1879 4016 sui
1926 3978 2117 4018 memo-

604 4059 741 4113 riam
758 4054 1103 4112 recolendam.

537 4149 587 4207 Χ
608 4148 834 4206 Kalend.
858 4146 1006 4203 Maii.
1028 4147 1211 4204 Romae
1229 4145 1285 4201 8.
1311 4144 1409 4202 Gai
1426 4160 1576 4216 papae
1595 4153 1652 4201 et
1673 4143 1947 4216 martyris.
1961 4144 2117 4216 Apud

604 4239 881 4297 Persidem
909 4236 1009 4293 SS.
1042 4246 1338 4308 martyrum
1369 4236 1808 4306 quingentorum.
1856 4234 2119 4307 Lugduno

606 4332 794 4391 Galliae
838 4330 1019 4387 natale
1068 4330 1242 4385 sancti
1290 4326 1534 4399 Epipodii
1582 4327 1857 4400 martyris.
1899 4327 1965 4381 Et
1992 4325 2117 4382 alibi

609 4426 670 4483 S.
726 4422 996 4479 Parmenii
1043 4438 1165 4478 eum
1226 4420 1388 4477 sociis
1439 4419 1570 4475 suis.
1609 4417 1850 4475 Senones
1900 4418 2118 4475 civitate

608 4521 665 4581 S.
690 4521 889 4579 Leonis
909 4519 1145 4591 episcopi
1176 4526 1230 4575 et
1263 4514 1606 4573 confessoris.

681 4634 877 4690 Eodem
897 4635 978 4689 die
1002 4632 1137 4704 Elya
1164 4647 1299 4687 uxor
1319 4629 1534 4685 Roberti
1555 4629 1724 4696 ducis,
1751 4628 1942 4683 mundo
1968 4627 2123 4699 plan-
2142 4626 2196 4687 D

608 4736 776 4799 gente,
808 4726 932 4781 ctelo
959 4725 1254 4797 plaudente,
1290 4723 1531 4778 ultimum
1568 4721 1829 4776 exhalavit
1850 4720 2109 4792 spiritum.

612 4819 740 4890 Ipsa
767 4818 847 4872 die
878 4816 1143 4870 Elisabeth
1172 4831 1306 4870 uxor
1333 4813 1562 4868 Josberti
1589 4810 1789 4878 militis,
1853 4810 2003 4880 cujus
2031 4826 2119 4865 as-

607 4929 760 4970 sensu
790 4920 839 4967 et
866 4910 1103 4981 precibus
1136 4910 1297 4963 isdem
1322 4907 1593 4962 Josbertus
1642 4921 1821 4960 nemus
1858 4904 2117 4975 quoddam

565 5008 571 5014 ’
611 5017 656 5063 et
688 5004 897 5074 olquam
923 5018 1083 5057 unum
1107 5017 1209 5054 non
1239 5000 1388 5066 longe
1418 4998 1484 5052 ab
1507 4997 1731 5051 Acolaco
1753 4995 1873 5051 villa
1903 4994 2119 5049 canoni-

618 5102 691 5153 ris
721 5098 889 5153 sancti
939 5093 1193 5165 Stephani
1247 5090 1380 5144 dedit
1410 5090 1477 5143 ad
1515 5089 1601 5143 sui
1653 5088 1957 5143 memoriam
2030 5084 2115 5154 fa-

613 5192 862 5240 ciendam.

2287 3306 2337 3352 et
2360 3296 2574 3367 furnum
2599 3314 2751 3369 quem
2792 3297 2932 3368 apud
2956 3295 3239 3353 Crevenum
3283 3297 3433 3368 fecit,
3481 3307 3533 3352 et
3558 3297 3801 3370 quidquid

2290 3385 2565 3441 domorum
2601 3387 2680 3442 vel
2709 3386 2933 3443 aliorum
2980 3388 3324 3458 ardi/iciorum
3364 3398 3478 3442 tam
3509 3391 3659 3459 apud
3682 3386 3801 3444 Cre-

2289 3496 2495 3546 venum,
2525 3496 2678 3551 quem
2720 3478 2861 3551 apud
2890 3479 3173 3534 Acolacum
3204 3479 3407 3533 habuit.

2216 3567 2284 3626 IV
2312 3569 2536 3625 Kalend.
2572 3570 2716 3625 Maii.
2758 3570 2914 3640 Apud
2955 3570 3265 3625 Ravennam
3301 3564 3489 3627 natale
3514 3569 3579 3626 S.
3626 3568 3803 3625 Vitalis

2285 3662 2542 3735 martyris
2571 3663 2743 3733 patris
2772 3661 2872 3718 SS.
2905 3660 3150 3717 Gervasii
3173 3671 3228 3718 et
3251 3662 3553 3718 Prothasii.
3577 3662 3802 3718 Alexan-

2290 3755 2407 3812 dria
2446 3756 2620 3811 beata:
2662 3754 2958 3811 Theodorae
2997 3755 3222 3828 virginis
3252 3765 3308 3811 et
3335 3756 3633 3828 martyris,
3674 3754 3800 3811 etS.

2286 3846 2485 3903 Didimi
2516 3847 2791 3918 martyris.
2814 3846 2872 3903 In
2895 3847 3171 3904 Pannonia
3214 3846 3272 3903 S.
3304 3847 3534 3917 Eusebii
3557 3847 3801 3918 fepiscopi

2291 3948 2346 3996 et
2366 3938 2424 3995 S.
2459 3939 2719 3997 Pollionis
2751 3942 3012 4013 martyris

2361 4031 2502 4089 Obiit
2528 4032 2824 4105 Stephanus
2844 4032 3032 4102 laicus,
3058 4036 3150 4107 qui
3169 4035 3312 4090 dedit
3344 4035 3614 4106 prtedium
3632 4050 3799 4099 suam,

2288 4125 2428 4199 quod
2456 4127 2511 4181 in
2538 4124 2829 4182 Loconiaco
2857 4127 2985 4184 villa
3012 4128 3290 4199 adquisioit
3320 4129 3386 4184 de
3412 4127 3647 4202 Georgio
3668 4150 3800 4201 pres-

2290 4220 2488 4291 bytero,
2513 4219 2765 4289 fratribus
2795 4220 2963 4275 sancti
2991 4221 3263 4292 Stephani,
3294 4224 3362 4276 ad
3394 4223 3479 4277 sui
3503 4225 3800 4278 memoriast

2290 4312 2544 4383 agendam
2568 4324 2680 4381 post
2708 4310 2905 4365 obitum
2937 4312 3117 4366 uxoris
3144 4310 3463 4369 Gelesindis.

2216 4402 2284 4459 lll
2318 4393 2586 4458 Kalendas
2614 4401 2763 4456 Maii.
2807 4389 3234 4472 ApudPaphum
3279 4404 3461 4459 natale
3497 4404 3558 4460 S.
3610 4405 3799 4461 Titicbi

2289 4492 2654 4565 apostolorum
2685 4491 2952 4571 discipuli.
2998 4492 3057 4546 In
3085 4491 3280 4548 Tuscia
3307 4493 3564 4565 Torpetis
3604 4505 3800 4567 marty-

2293 4587 2389 4642 ris.
2419 4585 2477 4641 ln
2525 4585 2776 4640 Numidia
2806 4587 2947 4657 apud
2970 4583 3273 4642 Cirtensem
3316 4587 3588 4662 coloniam
3632 4590 3803 4645 natale

2292 4685 2602 4733 sanctorum
2632 4686 2949 4751 martyrum.
2970 4677 3159 4748 Agapii
3184 4687 3240 4732 et
3266 4677 3568 4735 Secundini
3599 4681 3800 4751 episeo-

2289 4784 2501 4841 porum.
2528 4768 2683 4824 Passi
2709 4778 2978 4825 suntcum
3004 4770 3084 4825 eis
3111 4770 3201 4824 alii
3232 4785 3349 4826 sex.

2359 4859 2560 4914 Eodem
2612 4858 2697 4913 die
2736 4858 3017 4932 Ayglullus
3062 4859 3309 4914 sacerdos
3351 4871 3507 4931 atque
3548 4862 3797 4927 decenas,

2291 4952 2686 5024 divinorumque
2723 4962 2967 5023 erogator
3013 4951 3283 5007 verborum
3328 4952 3393 5006 ab
3420 4953 3521 5007 hac
3551 4953 3667 5008 luce
3708 4953 3801 5008 mi-

2289 5043 2476 5113 gravit,
2500 5043 2765 5097 canonicis
2792 5041 2852 5097 S.
2887 5041 3136 5113 Stephani
3160 5043 3393 5099 tribuens
3418 5054 3522 5098 tres
3543 5061 3798 5115 arpennos

2297 5136 2460 5188 vineta
2483 5134 2565 5188 sui
2594 5134 2779 5205 ρι’(εάἱὶ
2810 5136 2866 5188 in
2895 5133 3127 5189 Garricis
3154 5134 3298 5189 villa.

2225 5223 2370 5240 “uno
