3992 6304
147 471 288 530 I225

807 542 1033 600 ldAlUS.

126 634 402 693 Kalendas
429 632 573 690 Maii.
605 632 802 690 .Natale
847 635 946 690 SS.
981 633 1345 704 apostolorum
1389 634 1616 705 Philippi
1653 642 1708 688 et

198 727 411 783 Jacobi.
435 725 783 798 Jerosolymis
804 727 980 782 natale
1003 727 1176 780 sancti
1207 725 1444 793 Quiriaci
1470 725 1706 794 episcopi

194 829 255 874 et
277 818 551 889 martyris,
581 820 670 888 qui
693 827 748 873 et
781 818 949 872 ludas
987 826 1214 872 vocatus
1233 825 1336 872 est.
1365 817 1431 871 Et
1453 817 1577 870 alibi
1613 815 1704 870 Je-

199 909 388 964 remiae
431 909 727 978 prophetze.
769 907 1141 962 Autissiodero
1183 907 1402 961 civitate
1445 905 1707 974 depositio

197 999 528 1054 sanctissimi
564 999 837 1053 Amatoris
863 997 1100 1066 episcopi
1128 1006 1183 1051 et
1204 995 1457 1066 praecipui
1493 993 1705 1050 confes-

197 1091 344 1144 soris
371 1089 592 1144 Christi.
624 1089 679 1142 In
708 1089 896 1144 Galliis
931 1089 1208 1144 territorio
1255 1086 1552 1141 Vivariensi
1589 1101 1711 1155 pas-

197 1180 283 1234 sio
335 1179 394 1234 S.
449 1179 665 1234 Andioli
709 1181 1050 1236 subdiaconi.
1116 1181 1346 1236 Civitate
1411 1179 1706 1234 Sedunensi

201 1268 324 1323 Ioco
369 1269 592 1338 Agauno
639 1270 816 1336 passio
845 1269 904 1323 8.
952 1269 1284 1340 Sigismundi
1323 1269 1484 1339 regis.
1517 1268 1707 1322 Tolosa

200 1359 425 1414 civitate
455 1358 722 1428 deposuio
749 1359 808 1414 8.
850 1359 1090 1415 Orientis
1119 1360 1353 1430 episcopi
1397 1367 1454 1413 et
1498 1357 1712 1414 confes-

197 1449 360 1501 soris.

123 1533 198 1589 Vl
230 1535 410 1590 Nonas
436 1534 579 1590 Maii.
599 1535 925 1592 Alexandria
953 1537 1132 1591 natale
1150 1536 1319 1590 sancti
1340 1537 1514 1606 patris
1539 1537 1707 1590 nostri

195 1625 480 1680 Athanasii
494 1625 730 1695 episcopi
746 1637 800 1680 et
812 1625 1154 1680 confessoris.
1175 1625 1304 1681 Item
1323 1626 1374 1678 in
1391 1625 1708 1680 Alexandria

199 1716 384 1770 natale
427 1715 527 1770 SS.
559 1715 839 1770 Saturnini
875 1725 930 1770 et
969 1715 1220 1784 Neapolis
1272 1717 1364 1785 qui
1395 1716 1447 1770 in
1491 1730 1711 1771 carcere

197 1805 601 1874 requieverunt.
633 1807 1018 1878 Ilierosolymis
1046 1807 1224 1862 natale
1257 1807 1398 1862 beati
1439 1805 1710 1860 Simeonis

1337 452 1826 509 MARTYROLOC.
1865 452 2242 508 ANTISSIOD.

1728 550 1779 607 A

3242 457 3378 509 {2'26

1874 558 1996 598 cum
2023 544 2142 597 aliis
2168 559 2334 597 uxu.
2355 544 2731 608 Autissiodcro
2761 543 3020 611 depositio
3050 542 3152 600 SS.
3183 544 3374 600 Valerii

1875 641 1928 686 et
1960 631 2226 688 Valeriani
2254 634 2629 704 episcoporum
2659 643 2715 688 et
2749 634 3137 689 confessorum.

1944 719 2144 776 Eodem
2187 724 2271 778 die
2317 723 2618 779 Mediolano
2669 726 2929 779 ordinatio
2976 726 3156 778 domni
3207 724 3378 779 Ilum-

1873 810 2014 863 baldi
2035 813 2278 882 episcopi,
2312 825 2358 868 et
2384 816 2554 868 obitus
2584 817 2819 886 magistri
2853 815 3108 870 Guidonis
3143 817 3382 869 canonici

1875 903 2043 954 sancti
2099 901 2348 972 Stephani
2393 914 2440 958 et
2479 906 2778 970 archiclavi,
2827 905 2916 974 qui
2961 905 3101 957 dedit
3155 904 3382 958 ecclesia:

1879 1002 2069 1046 nostra:
2100 1009 2164 1046 ea:
2205 994 2351 1048 libris
2381 997 2486 1048 suis
2513 995 2836 1064 passionales
2869 996 3020 1059 duos,
3067 994 3384 1062 antiphona-

1885 1083 2046 1144 rium,
2077 1082 2312 1151 gradale,
2338 1085 2669 1152 hymnarium
2699 1095 2744 1138 et
2781 1084 3086 1154 psalterium
3112 1083 3382 1151 Optimum.

1808 1170 1990 1226 Nonas
2037 1172 2181 1226 Maii.
2243 1173 2398 1242 Apud
2445 1175 2788 1228 Terracinam
2845 1174 3149 1244 Campania:
3197 1172 3387 1226 urbem

1873 1261 2054 1316 natale
2089 1262 2261 1317 beata:
2307 1263 2589 1318 Domitillae
2619 1264 2843 1333 virginis
2887 1273 2940 1316 et
2971 1263 3220 1333 martyris
3263 1277 3385 1316 cum

1879 1354 2000 1408 aliis
2054 1354 2353 1425 virginibus
2398 1356 2662 1426 martyrio
2712 1357 3005 1410 coronatis.
3050 1355 3250 1409 Eodem
3301 1354 3388 1407 die

1883 1445 2060 1498 natale
2090 1454 2395 1499 sanctorum
2428 1444 2583 1498 Nerei
2627 1453 2681 1498 et
2721 1445 2945 1499 Achillei
2990 1444 3385 1498 cunuchorum.

1882 1532 2082 1588 Treeas
2123 1546 2323 1590 sancta:
2362 1535 2622 1590 Mastidiae
2671 1536 2913 1605 virginis.
2959 1536 3080 1603 Ipso
3119 1535 3206 1589 die
3248 1535 3389 1604 apud

1878 1621 2245 1677 Nicomediam
2275 1625 2458 1694 passio
2503 1632 2816 1679 sanctorum
2859 1625 3049 1687 Flavii,
3082 1625 3308 1696 Augusti
3335 1632 3391 1678 et

1880 1712 2162 1784 Augustini
2209 1714 2458 1770 fratrum.

1953 1800 2078 1868 Ipso
2108 1801 2192 1855 die
2217 1800 2443 1871 Ilgerius
2485 1803 2644 1872 hujus
2667 1803 2897 1856 ecclesia:
2922 1803 3223 1856 venerabilis
3255 1817 3391 1871 prte-

197 1894 440 1964 episcopi
486 1904 543 1950 et
581 1897 837 1966 martyris
861 1937 875 1958 ,
900 1896 990 1966 qui
1035 1897 1372 1966 propinquus
1415 1895 1709 1950 Salvatoris
1746 1894 1786 1949 Β
1877 1892 2099 1958 positus,
2126 1892 2390 1960 speculum
2421 1903 2467 1945 et
2495 1892 2668 1961 forma
2690 1893 3020 1958 clericorum,
3043 1895 3254 1947 tandem
3280 1909 3392 1946 mo-

200 1985 302 2039 fuit
332 1986 627 2042 secundum
670 2001 910 2043 carnem.
955 1988 1326 2043 Autissiodero
1369 1987 1549 2058 Optati
1597 1987 1710 2054 epi-

198 2079 370 2146 scopi,
394 2077 635 2134 Memorii
662 2080 963 2151 presbyteri
994 2089 1049 2134 et
1072 2078 1316 2134 Sanctiui
1350 2076 1674 2148 presbyteri.

275 2167 416 2222 Obiit
465 2167 730 2238 Remigius
782 2171 1066 2222 monachus
1120 2180 1169 2222 et
1232 2170 1466 2238 egregius
1506 2167 1706 2220 doctor.

204 2257 403 2313 Eodem
447 2259 533 2313 die
570 2259 696 2316 obiit
740 2258 1064 2328 Norgaudus
1112 2259 1372 2312 Eduensis
1421 2258 1706 2327 episcopus,

201 2348 363 2417 hujus
403 2347 635 2402 eeclesiw
661 2349 966 2412 canonicus,
1012 2348 1100 2419 qui
1133 2364 1226 2417 per
1269 2363 1482 2401 manum
1537 2343 1708 2398 Ilum-

202 2437 346 2491 baldi
369 2438 592 2507 episcopi
615 2438 844 2492 ecclesia:
865 2448 1053 2492 nostra:
1077 2438 1216 2490 dedit
1241 2439 1390 2506 pretii
1407 2436 1658 2489 librarum
1679 2451 1710 2487 χ

201 2544 271 2583 ea:
307 2528 468 2598 pallio
506 2545 726 2598 cappam
755 2530 1004 2597 optimam
1041 2537 1088 2582 et
1133 2529 1359 2598 quinque
1387 2543 1590 2580 marcus
1629 2543 1714 2578 ar-

201 2618 341 2687 genti
363 2619 630 2687 purissimi
657 2619 725 2672 ad
755 2635 987 2673 mensam
1021 2619 1206 2672 altaris
1231 2618 1612 2680 exornandmn,
1663 2626 1710 2669 et

201 2707 309 2763 duo
338 2723 493 2776 super
521 2707 687 2761 altare
728 2709 1044 2778 operimenta
1088 2707 1396 2761 mirabiliter
1422 2717 1468 2761 et
1503 2721 1712 2775 operose

205 2808 436 2863 operata.

126 2885 180 2940 ιτ
206 2884 384 2940 Nonas
411 2885 556 2940 Maii.
589 2885 975 2957 Hierosolymis
1021 2887 1256 2942 inventio
1300 2895 1499 2941 sancta:
1525 2885 1712 2941 Crucis

201 2975 274 3030 ab
311 2974 510 3029 Helena
565 2977 746 3046 regina
799 2977 852 3031 in
907 2985 1088 3032 monte
1137 2977 1360 3046 Golgota
1411 2993 1551 3030 anno
1595 2989 1715 3045 post

200 3062 508 3118 Passionem
536 3065 744 3118 Domini
769 3076 1337 3134 cccxxxutﬁcguante
1361 3067 1713 3132 Constantino

205 3155 551 3223 imperatore.
572 3156 756 3213 Roma:
779 3158 862 3212 via
890 3157 1218 3213 Nomentana
1243 3159 1419 3213 natale
1441 3159 1540 3214 SS.
1572 3174 1710 3212 mar-

208 3255 385 3315 tyrum
419 3247 715 3302 Alexandri
744 3264 891 3318 papae
918 3289 932 3315 ,
969 3249 1179 3305 Eventii
1223 3259 1278 3304 et
1303 3251 1558 3304 Tlieodoli
1590 3266 1709 3320 pre-
1739 3224 1784 3295 δ

207 3334 430 3404 sbyteri.
460 3336 579 3406 Ipsa
603 3338 688 3391 die
711 3336 985 3392 Juvenalis
1024 3340 1260 3409 episcopi
1287 3351 1339 3394 ct
1364 3340 1707 3395 confessoris.

206 3423 576 3481 Autissiodero
607 3428 819 3482 Eusebii
846 3429 1149 3500 presbyteri
1179 3443 1232 3484 et
1254 3431 1393 3484 Aviti
1423 3431 1653 3485 diaconi.

131 3514 202 3574 IV
244 3513 418 3570 Nonas
448 3516 589 3570 Maii.
622 3517 678 3570 In
724 3517 1007 3572 Palatstina
1055 3519 1276 3572 civitate
1311 3517 1493 3573 Gazan
1536 3519 1712 3571 natale

209 3608 380 3660 sancti
427 3607 628 3662 Silvani
659 3610 894 3679 episcopi
925 3625 1047 3663 eum
1100 3610 1345 3680 plurimis
1392 3609 1710 3664 clericorum

208 3711 429 3751 suorum
477 3699 742 3753 coronati.
786 3699 852 3754 Et
884 3700 1010 3755 alibi
1051 3709 1363 3754 sanctorum
1412 3709 1712 3769 martyrum

209 3803 298 3843 IL.
330 3787 654 3843 Nicomedia:
683 3791 861 3844 natale
893 3789 950 3844 8.
995 3790 1244 3843 Antonia:
1290 3790 1563 3859 martyris.
1597 3789 1710 3842 Au~

207 3877 491 3935 tissiodero
537 3881 798 3950 depositio
848 3890 899 3935 et
952 3881 1232 3936 translatio
1284 3881 1341 3936 S.
1392 3881 1711 3936 Corcodomi

205 3967 419 4023 diaconi
446 3979 498 4024 et
518 3970 864 4025 confessoris.
887 3970 1152 4027 Lauriaco
1183 3971 1360 4027 natale
1385 3973 1560 4028 sancti
1592 3971 1713 4027 Flo-

207 4058 345 4114 riani
374 4063 647 4131 martyris.

281 4149 423 4204 Obiit
464 4151 748 4205 Walter-ius
775 4152 926 4205 levita
956 4163 1004 4206 et
1035 4156 1316 4208 canonicus
1343 4171 1390 4208 et
1430 4154 1487 4209 S.
1528 4156 1713 4210 Maria:

211 4242 538 4309 pra'positus.
570 4241 766 4296 Eodem
793 4243 876 4296 die
897 4242 1164 4298 Girbertus
1185 4245 1334 4298 levita
1356 4258 1402 4299 et
1430 4259 1714 4316 praeceptor

209 4340 258 4382 et
290 4331 448 4386 abbas
496 4331 557 4386 S.
602 4329 815 4385 Eusebii
868 4349 1055 4403 corpus
1099 4335 1332 4401 tumulo,
1381 4337 1714 4406 animamque

211 4420 436 4473 reddidit
463 4419 690 4475 Christo.

136 4511 206 4571 III
245 4509 434 4566 Nonas
465 4511 612 4567 Maii.
654 4512 914 4569 Ascensio
956 4515 1165 4570 Domini
1210 4515 1277 4570 ad
1324 4515 1510 4588 caelos.
1554 4514 1711 4583 Apud

211 4601 594 4656 Alexandriam
635 4603 814 4657 natale
857 4603 915 4658 S.
949 4604 1185 4658 Euthimi
1216 4603 1446 4657 diaconi.
1482 4602 1712 4658 Thessa-

205 4691 395 4746 lonicae
423 4691 600 4747 natale
629 4690 728 4746 SS.
763 4692 989 4749 I‘Ierenei
1024 4702 1078 4748 et
1105 4693 1379 4763 Peregrini
1408 4701 1462 4747 et
1486 4691 1709 4748 Hirenes

213 4781 425 4851 ignibus
454 4783 879 4838 combustorum.
906 4783 1122 4838 Arelato
1144 4783 1408 4853 depositio
1435 4783 1489 4837 8.
1525 4783 1709 4838 Hilarii

209 4873 447 4946 episcopi
475 4883 530 4927 et
553 4873 898 4929 confessoris.
928 4874 1300 4930 Autissiodero
1334 4875 1512 4943 passio
1539 4873 1595 4928 8.
1619 4873 1714 4930 Ju-

211 4965 413 5021 viniani
445 4965 681 5021 lectoris.
714 4964 915 5020 Vienna
954 4965 1016 5019 Β.
1066 4964 1257 5020 Nieetii
1286 4966 1521 5037 episcopi
1551 4980 1713 5020 vencv

211 5058 400 5115 rabilis
419 5059 723 5113 sanctitatis
747 5059 870 5113 viri.

278 5149 424 5208 Obiit
447 5147 496 5202 F
502 5150 627 5205 rodo
671 5150 1082 5220 archipresbyter
1115 5159 1162 5204 et
1200 5149 1481 5205 canonicus
1527 5149 1712 5205 litteris

214 5242 340 5295 bene
368 5242 622 5298 eruditus.

135 5332 326 5392 Pridie
373 5331 551 5387 Nonas
589 5331 734 5388 Maii.
786 5331 970 5388 Romae
1012 5333 1069 5386 S.
1117 5333 1380 5394 Johannis
1407 5332 1634 5403 apostoli
1660 5341 1714 5388 et

213 5421 578 5490 evangelista,
608 5422 822 5493 quando
854 5430 980 5480 ante
1008 5429 1216 5491 portam
1248 5422 1494 5480 Latinam
1519 5424 1572 5478 in
1611 5422 1716 5478 fer.

213 5513 394 5569 ventis
427 5514 529 5568 olei
580 5513 721 5569 dolio
764 5514 959 5569 missus
988 5523 1090 5569 est.
1130 5514 1415 5571 Antiochia
1446 5516 1623 5570 natale
1653 5515 1709 5571 S.

208 5602 398 5661 Evodii
427 5603 667 5673 episcopi
708 5614 763 5659 et
791 5604 1060 5674 martyris.
1105 5603 1304 5658 Eodem
1334 5603 1422 5659 die
1463 5605 1522 5658 Β.
1562 5605 1713 5659 Lucii

213 5693 545 5762 Cyrenensis
569 5693 826 5762 episcopi,
853 5701 908 5748 et
935 5691 1059 5746 alibi
1086 5703 1394 5747 sanctorum
1419 5703 1714 5763 martyrum

213 5783 540 5854 Helyodori,
586 5782 837 5850 Venusti,
889 5784 1183 5848 Postumii,
1219 5782 1460 5852 Maximi,
1517 5784 1712 5852 Niceti,

312 5861 354 5874 ”
622 5871 892 5936 Parant.
930 5869 1350 5954 CXXXVIII.

1883 1980 2156 2033 nachalem
2187 1982 2472 2050 suscipiens
2517 1983 2774 2046 habitum,
2814 1994 3030 2037 mortem
3077 1984 3301 2052 perdidit
3343 1994 3392 2034 ct

1883 2068 2042 2122 vitam
2072 2070 2285 2124 invenit.
2318 2070 2419 2124 Hic
2449 2081 2624 2126 autem
2653 2083 2707 2126 ut
2755 2074 2807 2126 in
2834 2074 3189 2127 anniversario
3221 2073 3394 2127 Hum-

1884 2159 2042 2212 baudi
2069 2161 2294 2230 episcopi
2318 2162 2565 2216 avunculi
2610 2164 2692 2217 sui
2723 2164 2974 2233 fratribus
3019 2165 3226 2232 refectio
3254 2167 3394 2219 exhi-

1882 2254 2108 2320 beretur,
2133 2256 2488 2311 molendinum
2509 2259 2645 2328 quod
2673 2259 2812 2326 apud
2831 2257 3192 2328 Agligniacum
3213 2256 3276 2309 de
3297 2271 3392 2308 suo

1881 2347 2096 2415 proprio
2121 2346 2265 2415 fecit,
2303 2347 2424 2400 huic
2469 2347 2698 2402 ecclesiae
2738 2348 2968 2402 donavit.
3022 2347 3204 2402 Multis
3232 2349 3391 2408 etiam

1883 2439 2203 2494 ornamentis
2251 2439 2522 2494 ecclesiam
2576 2441 2730 2494 istam
2789 2440 3048 2493 decoravit
3094 2441 3395 2494 sacerdota-

1884 2527 2044 2592 libus,
2072 2528 2266 2583 scilicet
2291 2533 2645 2585 veslimentum
2677 2533 3016 2586 diaconorum
3045 2542 3090 2586 et
3114 2534 3393 2587 subdiaco-

1882 2633 2090 2672 norum.
2129 2618 2286 2673 Dedit
2328 2621 2486 2674 etiam
2537 2622 2750 2676 calicem
2790 2633 3091 2691 argenteum
3117 2662 3131 2686 ,
3176 2623 3394 2678 canulas

1881 2715 2156 2774 argenteas
2187 2719 2234 2761 et
2265 2724 2485 2778 cappam
2518 2709 2582 2762 de
2603 2709 2765 2778 pallio
2797 2711 3081 2778 optimam,
3113 2711 3321 2765 missale
3346 2721 3392 2764 et

1881 2795 2239 2873 breviarium,
2291 2807 2338 2850 et
2386 2798 2578 2852 multos
2633 2799 2766 2852 alios
2820 2799 2998 2852 libros.
3049 2799 3196 2853 Inter
3236 2802 3395 2853 etiam

1882 2882 2048 2936 multa
2075 2884 2322 2951 beneﬁcia
2348 2903 2462 2955 qute
2490 2887 2611 2938 huic
2650 2885 2878 2940 ecclesia:
2906 2887 3044 2958 fecit,
3073 2888 3214 2940 dedit
3237 2904 3394 2956 super

1883 2972 2051 3026 altare
2076 2975 2302 3044 quinque
2335 2976 2653 3044 operimenta
2697 2976 2832 3028 linea
2872 2978 3233 3030 venerabiliter
3274 2994 3394 3047 ope-

1850 3105 1854 3108 .
1884 3072 2019 3115 rata.
2053 3061 2242 3117 Portas
2269 3074 2441 3118 autem
2481 3066 2791 3134 principales
2816 3067 2964 3118 istius
2987 3061 3216 3121 ecclesia:
3245 3069 3392 3137 fecit,

1882 3152 1937 3207 in
1965 3169 2189 3222 quarum
2236 3155 2533 3223 operatione
2564 3169 2658 3208 ccc
2693 3152 2888 3208 solidos
2929 3155 3164 3219 donavit,
3195 3155 3392 3208 medie-

1884 3253 2042 3298 tatem
2082 3262 2284 3316 quoque
2323 3256 2476 3298 terra:
2522 3246 2586 3298 de
2626 3245 2827 3310 Albex,
2875 3263 3029 3316 quam
3075 3264 3106 3299 a
3134 3245 3395 3315 Gaufrido

1885 3335 2026 3404 Rufo
2053 3338 2200 3401 emit,
2226 3347 2275 3390 et
2319 3336 2671 3390 molendinum
2704 3338 2844 3408 quod
2870 3338 3143 3405 cedi/icavit
3170 3337 3223 3392 in
3270 3340 3395 3393 villa

1883 3442 1998 3496 qua’
2031 3426 2225 3478 dicitur
2249 3425 2459 3490 Molins,
2487 3427 2553 3478 ad
2595 3427 2921 3494 refectionem
2952 3429 3002 3480 in
3027 3429 3109 3481 die
3149 3431 3392 3484 anniver-

1884 3510 2014 3570 sarii
2044 3519 2125 3570 sui
2152 3517 2370 3584 singulis
2403 3517 2555 3568 annis
2583 3517 2835 3584 fratribus
2861 3517 3201 3569 exhibendam
3227 3519 3394 3571 dona-

1884 3608 1974 3660 vit.
2011 3606 2207 3658 Eodem
2252 3607 2333 3658 die
2371 3605 2495 3658 obiit
2542 3604 2698 3675 Hugo
2747 3605 3082 3660 Niverncnsis
3102 3609 3390 3676 episcopus,

1883 3695 2040 3764 hujus
2066 3695 2294 3749 ecclesiis
2323 3696 2626 3749 canonicus.

1815 3786 1928 3841 VIII
1966 3787 2088 3841 Idus
2151 3786 2295 3840 Maii.
2339 3786 2642 3840 Mediolano
2686 3788 2866 3840 natale
2918 3789 3091 3842 sancti
3160 3789 3393 3845 Victoris

1885 3879 2159 3947 martyris.
2224 3877 2600 3932 Autissiodero
2663 3879 2927 3947 depositio
2992 3880 3164 3934 sancti
3221 3881 3395 3935 Eladii

1883 3972 2118 4042 episcopi
2155 3982 2208 4026 et
2249 3972 2590 4026 confessoris.
2636 3971 2691 4026 lti
2737 3971 3030 4026 Santonico
3077 3972 3139 4043 [f.
3174 3973 3388 4027 Nanne-

1888 4064 2016 4136 tieo]
2059 4065 2386 4118 Vertavense
2411 4064 2740 4118 monasterio
2765 4065 3029 4132 depositio
3058 4065 3226 4140 sancti
3253 4065 3394 4117 Mar-

1888 4155 1980 4208 tini
2028 4153 2330 4225 presbyteri
2378 4162 2432 4207 et
2481 4151 2825 4208 confessoris.
2881 4154 3066 4208 Romae
3122 4154 3396 4208 Benedicti

1886 4261 2055 4316 papae.
2089 4247 2141 4299 In
2173 4245 2452 4299 territurio
2497 4243 2749 4299 Bituricae
2795 4246 3028 4298 civitatis
3067 4246 3396 4300 monasterio

1887 4336 2180 4388 Silviniaco
2206 4337 2468 4404 depositio
2493 4334 2549 4388 S.
2580 4335 2877 4389 Desiderati
2904 4335 3248 4390 confessoris.

1815 4423 1902 4477 VII
1941 4423 2062 4477 Idus
2083 4423 2225 4475 Maii.
2252 4425 2306 4476 In
2335 4424 2554 4478 Persida
2578 4433 2889 4478 sanctorum
2917 4435 3213 4493 martyrum
3240 4441 3387 4478 cccx.

1884 4512 2076 4568 Castro
2125 4513 2420 4567 Vindocino
2454 4513 2632 4567 natale
2678 4514 3208 4577 Beati.confessoris,
3239 4513 3391 4581 cujus

1886 4620 2034 4680 gesta
2070 4610 2355 4662 liabcniur.
2386 4607 2849 4676 Constantinopoli
2879 4607 3057 4662 natale
3086 4607 3258 4662 sancti
3299 4606 3392 4661 Ti-

1887 4700 2106 4754 mothei.

1819 4789 1884 4844 VI
1923 4789 2045 4844 Idus
2074 4787 2216 4841 Maii.
2260 4785 2450 4841 Obitus
2483 4785 2583 4839 Job
2616 4784 2904 4853 prOphetae.
2942 4783 3126 4838 Romae
3168 4784 3262 4838 Via
3291 4782 3392 4838 La-

1891 4881 2001 4934 tina
2038 4880 2090 4934 in
2119 4877 2388 4933 cimiterio
2427 4875 2665 4942 ejusdem
2711 4873 2887 4928 natale
2915 4882 3222 4928 sanctorum
3251 4889 3397 4926 mar-

1892 4980 2066 5041 tyrum
2089 4968 2340 5022 Gordiani
2362 4975 2415 5020 et
2438 4965 2716 5034 Epimachi
2746 4980 2864 5018 cum
2890 4964 3008 5019 aliis
3035 4964 3234 5018 multis.
3261 4963 3394 5015 Item

1892 5061 2078 5116 Romae
2099 5057 2375 5129 Calepodii
2406 5057 2645 5127 episcopi
2667 5065 2721 5110 et
2755 5056 3027 5127 martyris.
3053 5055 3181 5108 Item
3210 5053 3395 5106 Romae

1889 5153 1955 5207 ad
2005 5151 2234 5207 Centum
2289 5148 2438 5204 aulas
2485 5147 2566 5224 [f.
2630 5143 3060 5204 Centunicellasl
3110 5141 3297 5213 Quarti
3341 5151 3396 5197 et

1889 5241 2095 5308 Quinti.
2805 5239 2819 5241 ⁴

1826 5331 1862 5386 V
1900 5331 2023 5386 Idus
2048 5329 2196 5386 Maii.
2225 5329 2408 5384 Romae
2435 5329 2532 5385 Via
2571 5327 2776 5382 Salaria
2809 5323 2983 5379 natale
3020 5320 3163 5376 beati
3191 5319 3394 5374 Antimi

1890 5420 2193 5492 presbyteri
2220 5429 2275 5474 et
2303 5421 2556 5489 martyris
2581 5429 2635 5474 et
2661 5418 2717 5472 S.
2755 5415 2950 5470 Pontii.
2978 5411 3185 5467 Vienna
3217 5410 3394 5463 natale

1892 5513 2061 5567 sancti
2085 5509 2347 5566 Mamerti.
2371 5510 2660 5564 Silviniaco
2683 5505 2856 5560 natale
2878 5503 2935 5558 S.
2961 5501 3138 5556 Maibli
3162 5499 3393 5559 abbatis.

1891 5602 2091 5657 Eodem
2119 5601 2205 5655 die
2236 5599 2412 5670 passio
2442 5598 2498 5653 S.
2529 5595 2770 5666 Gengulli
2799 5593 3072 5663 martyris.

1965 5694 2102 5748 Obiit
2137 5691 2396 5747 Wibertus
2425 5691 2592 5743 laicus
2637 5697 2683 5740 et
2721 5685 2947 5738 Dutinus
2978 5699 3125 5753 puer,
3168 5681 3257 5752 qui
3297 5681 3390 5733 de-

1893 5786 2079 5840 derunt
2123 5783 2267 5838 nobis
2316 5780 2590 5838 mansinile
2633 5794 2749 5835 cum
2796 5779 2940 5830 vinea
2976 5777 3035 5829 in
3073 5774 3205 5829 valle
3235 5773 3393 5854 justi;

2885 5866 2962 5932 39
