3992 5350
633 361 768 416 1227
1477 363 1764 421 APPEND.
1795 364 1886 417 AD
1926 360 2099 420 δια.
2136 362 2188 417 Χ.

2329 361 2472 418 MON
2485 362 2762 418 UMENTA
2802 362 2910 418 ιη
2920 361 3081 420 URG.
3707 369 3803 423 1223

702 474 1035 529 Hatriacuns.
1113 475 1234 545 Ipso
1307 475 1389 528 die
1465 477 1590 528 obiit
1655 477 1949 530 Landrieus
2020 490 2211 528 conm.
2241 481 2291 538 Α
2320 473 2436 529 XIV
2480 473 2747 529 Kalendas
2792 474 2958 530 Junii.
3003 475 3187 529 Romae
3232 474 3405 530 natale
3451 477 3504 531 8.
3545 477 3801 540 Potentiam

625 565 693 622 ιν
736 567 856 622 ldus
880 566 1024 621 Maii.
1059 566 1242 620 Romae
1285 567 1335 619 in
1373 567 1644 621 cimiterio
1684 567 1996 621 Praetextati
2029 565 2207 622 natale
2379 566 2602 635 virginis
2647 573 2700 620 et
2743 563 2996 636 martyris
3043 575 3096 621 et
3139 567 3197 620 8.
3227 566 3480 622 Pudentis
3519 572 3672 638 patris
3707 574 3800 643 ejus.

703 667 1016 711 Sanctarum
1059 669 1358 728 martyrum
1405 657 1563 711 Nerei
1605 667 1658 711 et
1699 658 1921 712 Achillei
1953 656 2203 711 fratrum.
2374 654 2504 708 Item
2532 654 2715 709 Romae
2738 656 2913 710 natale
2942 663 3250 710 sanctorum
3283 663 3580 728 martyrum
3605 660 3802 719 Calocerii

695 748 826 802 ltcm
849 790 862 811 ,
897 749 1082 802 Roma:
1108 749 1191 802 via
1214 747 1435 802 Aurelia
1463 748 1641 802 natale
1668 748 1723 802 S.
1767 747 2037 802 Pancratii
2060 764 2204 802 mar-
2375 751 2428 802 et
2452 749 2708 803 Partheni
2734 749 3101 803 cunuchorum
3129 749 3312 802 uxoris
3338 748 3483 804 Decii
3511 751 3799 820 imperatoris.

692 840 846 909 tyris.
894 840 1097 893 Eodem
1147 839 1232 893 die
1275 839 1418 893 beati
1466 839 1706 909 Dionysii
1748 840 1922 907 patrui
1964 839 2203 907 ejusdem
2369 836 2426 890 In
2477 837 2656 891 Africa
2711 837 2891 891 natale
2940 836 3041 892 SS.
3087 838 3307 904 Quinti,
3357 838 3595 907 Primuli,
3641 844 3800 913 Salusti,

691 928 835 983 beati
877 929 1172 984 Pancratii.
1221 929 1376 997 Apud
1421 929 1655 1000 Cyprum
1699 931 1874 984 sancti
1921 929 2203 1000 Epiphanii
2372 924 2675 990 Fortunati,
2704 927 3035 981 Domnionis.

690 1021 927 1090 episcopi
954 1028 1006 1073 ct
1031 1019 1374 1075 confessoris.
2305 1014 2421 1069 Xlll
2451 1016 2719 1071 Kalendas
2744 1017 2870 1072 Jun.
2902 1018 3087 1072 Romae
3112 1017 3197 1072 via
3243 1018 3455 1073 Salaria
3484 1023 3647 1078 natale
3668 1025 3713 1079 S.
3732 1026 3799 1081 Bi-

767 1110 1020 1166 Obierunt
1067 1109 1225 1180 [Iugo
1258 1111 1419 1164 abbas
1463 1121 1510 1164 et
1551 1110 1858 1180 Wigbaldus
1899 1111 2199 1180 episcopus,
2369 1107 2502 1161 silltn
2544 1109 2765 1176 virginis
2798 1118 2854 1162 et
2899 1109 3172 1178 martyris.
3225 1109 3280 1162 In
3313 1110 3503 1165 Galliis
3531 1114 3716 1168 civitate
3734 1115 3802 1169 Ne-

687 1201 778 1271 qui
801 1201 939 1253 dedit
982 1201 1234 1269 fratribus
1260 1215 1335 1254 xu
1379 1217 1592 1253 mansos
1636 1201 1689 1252 in
1741 1199 2066 1253 Chicltiriaco
2109 1217 2201 1268 per
2375 1210 2563 1248 manso
2593 1197 2770 1250 natale
2801 1196 2859 1250 8.
2898 1197 3134 1251 Baudelii
3167 1199 3444 1268 martyris.
3478 1200 3715 1256 Bituricas
3740 1219 3803 1257 na-

686 1300 1000 1360 prwceptum
1052 1292 1205 1360 regis.
1277 1289 1412 1343 Item
1469 1289 1877 1360 Hermengardis
1934 1291 2199 1344 contitissa
2373 1285 2478 1339 tale
2509 1285 2563 1340 S.
2616 1286 2968 1357 Austregesili
3020 1287 3257 1356 episcopi
3283 1298 3335 1341 et
3369 1288 3694 1345 confessoris.
3732 1294 3802 1346 Διιο

686 1382 832 1434 abin.
2366 1376 2650 1430 tissiodero
2683 1378 2734 1430 in
2775 1377 2999 1430 basilica
3029 1376 3087 1431 S.
3119 1376 3373 1432 Germani
3405 1379 3658 1435 dedicatio
3679 1382 3804 1437 subte-

615 1472 679 1526 Ilt
721 1473 842 1527 ldtts
868 1473 1013 1528 Maii.
1051 1473 1234 1529 Romae
1263 1483 1464 1528 sanctte
1504 1473 1685 1528 Mariae
1714 1473 1796 1528 ad'
1817 1472 2080 1542 Martyres
2106 1472 2198 1527 de-
2367 1465 2568 1518 riarum
2600 1475 2932 1537 cryptarum.
2965 1477 3019 1520 et
3042 1467 3094 1520 in
3117 1467 3441 1521 occidentali
3467 1478 3613 1538 parte
3631 1470 3802 1539 ejusdem

687 1565 974 1618 dicationis
1003 1565 1117 1619 dies
1144 1565 1322 1634 agitur
1352 1580 1380 1616 a
1409 1563 1686 1618 Bonifacio
1726 1578 1863 1633 papa
1895 1562 2191 1616 institutus.

685 1655 1018 1729 Tungrcnsis
1045 1656 1287 1712 ecclesiae
1318 1656 1578 1726 depositio
1615 1655 1672 1709 S.
1702 1653 1930 1709 Servatii
1958 1654 2193 1722 episcopi

682 1759 736 1801 et
767 1749 1091 1803 confessoris
1115 1791 1129 1814 ,
1174 1758 1226 1804 et
1268 1750 1393 1803 alibi
1427 1749 1565 1803 beati
1596 1747 1759 1801 Mitrii
1789 1746 2094 1817 presbyteri
2140 1755 2192 1799 et

2363 1555 2606 1610 ecclesim
2635 1558 2976 1612 consecratio
3005 1558 3227 1611 oratorii
3265 1556 3324 1611 8.
3356 1555 3582 1614 Joannis
3601 1559 3800 1630 Baptista.

2298 1644 2392 1698 XII
2437 1644 2661 1700 Kalend.
2717 1646 2841 1701 Jun.
2885 1645 2943 1700 lu
2979 1646 3299 1702 Mauritania
3346 1647 3532 1703 natale
3567 1660 3803 1703 sanctorum

2363 1745 2661 1808 martyrum
2687 1736 2977 1801 Timothei,
3006 1736 3119 1791 Poli
3151 1746 3206 1791 et
3239 1737 3479 1792 Eutichii
3506 1738 3711 1795 diaconi.
3732 1745 3806 1793 Aa-

685 1837 1030 1892 confessoris.
1082 1839 1453 1893 Antissiodero
1516 1837 1783 1908 depositio
1842 1837 1899 1892 S.
1969 1836 2194 1891 Marcel-
2227 1825 2270 1884 Β
2365 1825 2634 1878 tissioderi
2664 1824 2843 1880 natale
2873 1824 3216 1880 sanctiValis
3241 1826 3595 1882 confessoris.

681 1927 808 1982 liani
833 1928 1065 1997 episcopi
1091 1938 1144 1982 et
1170 1927 1510 1982 confessoris.

610 2017 791 2072 Pridie
809 2018 933 2072 ldus
961 2017 1104 2072 Maii.
1137 2018 1191 2071 ln
1222 2018 1441 2073 civitate
1470 2016 1686 2087 Cymcla
1714 2016 1893 2070 natale
1918 2015 1973 2069 S.
2013 2015 2189 2069 Pontii

683 2109 964 2180 ‘martyris.
992 2107 1047 2161 ln
1073 2107 1228 2179 Syria
1262 2107 1439 2162 natale
1463 2108 1637 2161 sancti
1661 2107 1897 2162 Victoris
1923 2115 1977 2160 et
1999 2105 2056 2159 8.
2086 2105 2190 2160 Co-

680 2214 846 2265 ronae,
889 2200 979 2269 qui
1017 2199 1176 2252 simul
1201 2198 1344 2268 passi
1377 2207 1520 2252 sunt.
1549 2198 1669 2266 Ipso
1696 2198 1781 2252 die
1803 2197 1983 2251 natale
2011 2197 2068 2250 S.
2093 2197 2190 2251 Pa-

663 2291 877 2346 “chomii
899 2290 1068 2360 patris
1095 2289 1284 2345 nostri.
1317 2289 1517 2344 Eodem
1542 2289 1627 2342 die
1648 2289 1828 2358 passio
1851 2287 1908 2341 8.
1930 2287 2190 2342 Bonifacii

681 2386 936 2456 martyris
963 2426 978 2450 ,
1014 2385 1102 2453 qui
1135 2381 1315 2438 Nonas
1345 2381 1532 2436 Junias
1581 2382 1764 2438 Roma:
1809 2381 2047 2452 sepultus
2076 2391 2190 2446 est,

680 2478 896 2545 quando
926 2488 982 2529 et
1012 2476 1276 2530 celebrior
1303 2474 1420 2545 ejus
1451 2475 1567 2529 dies
1596 2475 1792 2541 agitur.

754 2565 891 2621 Obiit
917 2565 1174 2620 Letardus
1194 2567 1477 2636 presbyter,
1502 2567 1591 2634 qui
1614 2566 1751 2619 dedit
1780 2565 2029 2634 fratribus
2050 2579 2192 2635 qure-

679 2675 897 2729 cumque
923 2659 1111 2712 habere
1134 2661 1271 2712 visus
1312 2667 1384 2711 est
1416 2658 1467 2709 in
1500 2672 1632 2725 pago
1669 2654 1950 2721 Senonico,
1979 2656 2032 2709 in
2070 2656 2190 2709 villa

676 2768 794 2822 qua:
822 2752 1017 2803 dicitur
1041 2748 1368 2817 Bagnentiis,
1410 2756 1457 2799 et
1501 2747 1557 2799 in
1585 2761 1718 2815 pago
1747 2745 2190 2798 Autissiodurensi

678 2845 731 2894 in
763 2840 884 2895 villa
911 2859 1027 2911 qua;
1067 2841 1260 2893 dicitur
1290 2837 1628 2904 Molcndinis,
1660 2843 1726 2891 ad
1773 2839 1855 2891 sui
1885 2839 2189 2891 memoriam

679 2930 1025 2984 recolendam.

609 3024 730 3077 Idus
759 3022 902 3078 Maii.
933 3022 1121 3078 Natale
1152 3033 1462 3077 sanctorum
1495 3021 1867 3077 confessorum
1905 3019 2187 3090 Torquati,

680 3112 993 3176 Tisefontis,
1025 3112 1282 3176 Secundi,
1324 3111 1590 3176 lndalctii,
1619 3109 1826 3176 Cecilii,
1861 3109 2047 3172 Esicii,
2078 3108 2186 3162 Eu-

679 3205 855 3268 frasii,
891 3207 981 3273 qui
1006 3204 1191 3259 Romae
1217 3220 1249 3257 a
1287 3206 1491 3259 sanctis
1513 3205 1767 3273 apostolis
1799 3205 2032 3274 episcopi
2067 3214 2190 3260 sunt

681 3295 937 3349 ordinati.
966 3295 1120 3364 Apud
1152 3295 1383 3349 insulam
1411 3295 1603 3349 Chium
1633 3297 1810 3348 natale
1851 3295 1908 3350 8.
1939 3295 2190 3366 Hysidori

679 3385 956 3456 martyris.
983 3386 1276 3442 Lomosaco
1291 3385 1468 3440 natale
1489 3397 1798 3440 sanctorum
1824 3385 1990 3451 Petri,
2016 3384 2187 3451 Pauli,

677 3475 906 3531 Andreae
936 3485 990 3531 et
1029 3476 1314 3547 Dionysiae,
1343 3492 1570 3548 quorum
1625 3477 1776 3530 mira:
1804 3477 2087 3546 passiones
2119 3475 2190 3530 le-

679 3577 896 3636 guntur.
926 3566 1300 3636 Augustiduno
1331 3567 1509 3621 natale
1534 3566 1589 3621 S.
1617 3566 1817 3620 Tetrici
1841 3566 2099 3635 episcopi.

609 3655 748 3709 XVII
810 3657 1078 3712 Kalendas
1115 3655 1284 3711 Junii.
1337 3657 1711 3711 Autissiodero
1761 3657 1876 3710 vico
1924 3656 2191 3724 Baugiaco

676 3748 855 3814 paSsio
891 3745 947 3800 8.
981 3745 1252 3817 Peregrini
1277 3735 1701 3816 episc0pi‘primi
1737 3747 1971 3801 civitatis
2001 3747 2187 3816 ipsius.

673 3837 730 3891 1n
770 3853 905 3907 pago
947 3836 1255 3893 Tricassino
1285 3839 1457 3892 sancti
1490 3837 1660 3892 Fidoli
1703 3839 1941 3908 episcopi
1981 3847 2035 3892 et
2065 3851 2191 3892 con-

676 3925 922 3981 fessoris.
974 3927 1039 3979 Et
1086 3927 1211 3981 alibi
1263 3926 1442 3980 natale
1492 3935 1802 3980 sanctorum
1854 3928 2091 3996 Aquiliui
2136 3935 2192 3982 et

678 4016 996 4082 Victoriani,
1026 4033 1254 4088 quorum
1284 4029 1431 4085 gesta
1457 4019 1742 4071 habentur.
1777 4018 1831 4070 In
1855 4033 1992 4086 pago
2020 4018 2188 4071 Forn-

675 4107 879 4162 Juleusi
910 4105 1030 4162 vico
1056 4109 1146 4176 qui
1177 4117 1398 4160 vocatur
1423 4107 1760 4170 Calidianus,
1792 4107 1968 4160 natale
1999 4107 2055 4162 S.
2088 4108 2192 4162 Ma-

678 4199 840 4252 ximae
878 4199 1121 4267 virginis.
1151 4198 1208 4250 in
1237 4197 1519 4251 Prnvincia
1551 4197 1770 4252 civitate
1815 4198 1984 4267 Aquis
2013 4200 2188 4254 sancti

682 4287 906 4342 Mitrasii
935 4289 1210 4358 martyris.

753 4375 952 4430 Eodem
1000 4377 1083 4430 die
1129 4377 1353 4430 domnus
1415 4375 1678 4430 Ili/tardus
1735 4379 2005 4449 episcopus
2054 4381 2189 4433 ciam

678 4469 932 4520 universa:
953 4466 1126 4519 carnis
1145 4475 1217 4519 est
1241 4466 1522 4535 ingressus.
1546 4463 1746 4519 Eodem
1769 4467 1852 4520 die
1870 4467 1992 4520 obiit
2017 4465 2186 4521 Fulco

676 4556 843 4611 sancti
873 4554 1139 4608 Amatoris
1167 4554 1449 4607 canonicus
1477 4563 1523 4607 et
1555 4554 1797 4608 sacerdos
1817 4596 1831 4619 ,
1863 4555 1952 4624 qui
1979 4572 2070 4625 pro
2098 4573 2184 4609 sa-

677 4645 782 4698 lute
815 4645 1003 4699 anima:
1042 4660 1151 4698 sure
1177 4645 1388 4698 domum
1421 4660 1570 4697 suam
1617 4641 1888 4698 Petrinum
1931 4643 2183 4712 fratribus

679 4726 843 4787 dedit.

608 4823 727 4879 XVI
765 4823 881 4878 Kal.
913 4824 1078 4879 Junii.
1112 4825 1264 4894 Apud
1295 4823 1624 4893 Hierapolim
1655 4824 1794 4879 beati
1843 4823 2022 4894 Papia:
2052 4825 2185 4880 anti-

676 4918 838 4973 stitis.
875 4918 931 4972 In
961 4917 1153 4971 Tuscia
1195 4916 1456 4985 depositio
1479 4916 1722 4986 corporis
1750 4915 1998 4986 Torpetis
2033 4932 2181 4971 mar-

680 5012 832 5083 tyris,
865 5010 956 5080 qui
986 5024 1018 5062 v
1049 5007 1314 5062 Kalendas
1342 5007 1465 5062 Maii
1511 5009 1829 5078 martyrium
1873 5007 2180 5078 complevit,

679 5102 773 5156 sed
822 5101 1090 5156 festivitas
1136 5099 1253 5168 ejus
1304 5098 1409 5152 hoc
1453 5097 1537 5152 die
1585 5098 1849 5153 celebrior
1896 5099 2095 5169 agitur.
2126 5099 2183 5151 In

685 5193 714 5228 Δ
729 5192 1000 5228 Inv-uului!)
1029 5189 1264 5228 Vinios-ie

2431 1936 2570 1990 Obiit
2614 1936 2774 1991 Ricca‘
2813 1937 3087 2004 sacerdos,
3132 1938 3222 2008 qui
3253 1954 3408 1992 omne
3438 1937 3641 1991 alodunt
3677 1955 3803 2002 sum,

2361 2027 2499 2095 quod
2543 2028 2596 2080 in
2647 2026 2974 2080 Mantiniam
3009 2027 3344 2096 possederat,
3385 2043 3509 2079 cum
3551 2027 3674 2080 arcis
3709 2027 3806 2095 infra

2361 2119 2617 2172 civitatem
2643 2119 2779 2184 sitis,
2804 2119 2946 2172 dedit
2969 2119 3233 2172 canonicis
3260 2116 3317 2172 S.
3344 2117 3597 2186 Stephani
3616 2135 3693 2186 pro
3715 2119 3806 2170 obti-
3900 2139 3901 2186 η

2366 2207 2535 2259 nenda
2573 2218 2903 2276 peccatorum
2940 2223 3154 2260 suorum
3201 2207 3530 2272 remissione,
3556 2217 3600 2260 et
3622 2216 3671 2259 ut
3688 2207 3732 2259 in
3749 2208 3806 2258 ob.
3900 2207 3901 2256 l

2318 2364 2328 2374 θ
2361 2299 2464 2351 itus
2495 2297 2578 2351 sui
2607 2298 2691 2353 die
2719 2298 2916 2368 optima
2963 2297 3269 2352 cxltibeatur
3297 2297 3519 2365 refectio
3549 2298 3714 2350 eisdem
3735 2297 3807 2363 frs-

2357 2389 2541 2444 tribus.

2292 2479 2363 2535 Xl
2403 2479 2669 2535 Kalendas
2695 2479 2862 2535 Junii.
2889 2480 2946 2534 In
2975 2480 3156 2535 Africa
3183 2478 3362 2534 natale
3394 2489 3688 2535 sanctorum
3707 2492 3807 2532 mar-

2362 2583 2539 2643 tyrqu
2566 2571 2711 2627 Casti
2737 2581 2793 2626 et
2819 2571 2993 2626 Emili.
3025 2571 3400 2626 Autissiodcro
3433 2572 3493 2626 S.
3521 2571 3707 2625 Helena:
3728 2570 3806 2622 vir-

2355 2663 2516 2732 ginis,
2555 2663 2706 2733 cujus
2735 2672 2888 2717 actus
2923 2661 3168 2732 prteclari
3213 2661 3266 2715 in
3311 2662 3485 2730 gestis
3515 2658 3571 2714 8.
3599 2657 3806 2712 Amatoris

2354 2754 2719 2808 continentur.
2753 2752 2909 2822 Apud
2937 2752 3214 2807 Corsicam
3247 2751 3433 2821 passio
3468 2749 3526 2805 S.
3553 2748 3705 2812 Julias,
3726 2762 3808 2815 qua

2355 2846 2534 2900 crucis
2565 2845 2826 2914 supplicio
2861 2853 3114 2899 coronata
3152 2853 3254 2898 est.
3290 2841 3463 2910 ltem,
3511 2840 3808 2896 Autissiodero

2360 2935 2622 3005 depositio
2643 2934 2698 2988 S.
2720 2935 2943 2990 Romani
2961 2934 3209 2989 monachi
3225 2942 3277 2987 et
3295 2933 3634 2998 confessoris,
3659 2927 3806 2985 sancti-

2355 3041 2460 3095 que
2489 3025 2766 3081 Benedicti
2791 3024 3059 3094 discipuli.

2433 3134 2632 3189 Eodem
2666 3135 2750 3188 die
2775 3133 3099 3188 Hlndot-icus
3121 3133 3332 3202 juvenis
3371 3148 3472 3186 rea;
3491 3131 3626 3195 obiit,
3662 3123 3806 3182 stlid-

2355 3224 2553 3277 dradns
2587 3223 2730 3277 miles
2763 3223 2824 3278 S.
2862 3223 3134 3292 Stephani.

2292 3316 2339 3372 Χ
2371 3317 2594 3373 Kalend.
2626 3316 2750 3372 Jun.
2789 3315 2947 3386 Apud
2996 3317 3262 3383 Lingones
3292 3316 3479 3385 passio
3506 3313 3663 3369 sancti
3697 3309 3805 3363 Desi-

2361 3409 2494 3463 derii
2543 3409 2802 3478 episc0pi.
2851 3405 3092 3476 Vigenna
3149 3407 3329 3476 passio
3379 3406 3558 3460 sancti
3603 3398 3804 3458 Desiderii

2354 3501 2613 3569 episcopi,
2646 3499 2736 3568 qui
2763 3512 2954 3567 passus
2990 3509 3072 3552 est
3101 3498 3152 3550 in
3189 3496 3471 3550 territorio
3509 3489 3803 3564 Lugdunensi.

2427 3607 2568 3661 Obiit
2592 3599 2821 3662 Abl-enus
2861 3612 3034 3672 levita,
3058 3610 3149 3676 qui
3188 3607 3329 3659 dedit
3363 3608 3424 3660 in
3451 3621 3580 3675 pago
3610 3599 3804 3656 Scantini

2355 3701 2408 3752 in
2438 3698 2560 3752 villa
2583 3698 2796 3752 Juliaco
2824 3697 3086 3751 canonicis
3128 3695 3188 3751 S.
3217 3696 3477 3764 Stephani
3502 3689 3806 3764 patrimonium

2357 3808 2510 3845 suum
2529 3807 2623 3860 pro
2651 3789 2930 3844 obtinenda
2959 3798 3284 3858 peccatorum
3309 3803 3529 3840 suorum
3552 3781 3804 3840 remissione.

2357 3892 2404 3936 et
2429 3893 2480 3934 ut
2505 3883 2557 3934 in
2590 3880 2678 3934 die
2700 3879 2868 3933 obitus
2887 3879 2969 3931 sui
2997 3877 3188 3931 eisdem
3219 3875 3478 3944 fratribus
3509 3875 3684 3944 optima
3701 3867 3806 3922 abi-

2355 3975 2538 4028 beatur
2569 3972 2801 4040 refectio.
2831 3969 2955 4040 Ipso
2985 3971 3067 4023 die
3099 3969 3225 4022 obiit
3253 3967 3412 4022 Walo
3439 3968 3666 4022 sacerdos
3693 3969 3805 4029 atqu

2356 4064 2586 4118 decanus
2618 4061 2675 4117 S.
2715 4062 2880 4116 Petri.

2288 4155 2361 4211 ιχ
2386 4155 2654 4209 Kalendas
2683 4152 2849 4208 Junii.
2891 4153 2946 4206 In
2979 4152 3141 4206 Portu
3171 4151 3415 4206 Romano
3440 4149 3612 4205 natale
3636 4145 3684 4200 S.
3707 4141 3803 4195 Vin-

2359 4247 2518 4302 centii
2566 4245 2844 4316 martyris.
2898 4245 2964 4298 Et
3014 4243 3138 4297 alibi
3191 4242 3372 4297 natale
3423 4242 3483 4297 8.
3523 4239 3802 4294 Manahcnct

2360 4337 2682 4392 beatissima:
2719 4334 2997 4390 Johannte.
3029 4335 3085 4388 lu
3112 4334 3298 4388 Galliis
3345 4334 3566 4388 civitate
3603 4323 3804 4382 Nannctis

2357 4428 2536 4483 natale
2582 4436 2892 4482 sanctorum
2942 4435 3236 4497 martyrum
3285 4425 3569 4479 Donatiani
3603 4417 3801 4483 etlloga-

2212 4504 2265 4563 D
2363 4517 2493 4572 tiani
2526 4516 2773 4570 fratrum.

2435 4629 2576 4684 Obiit
2597 4628 2842 4698 Legerius
2871 4626 3024 4680 levita
3057 4636 3102 4681 et
3132 4627 3436 4692 canonicus,
3467 4626 3553 4696 qni
3589 4640 3618 4676 α
3641 4620 3804 4676 Jeroso-

2361 4720 2512 4790 lymis
2543 4719 2843 4773 revertendo
2871 4718 2926 4771 in
2953 4719 3087 4772 mari
3120 4717 3441 4787 sepulturam
3471 4715 3660 4781 habuit.

2291 4813 2403 4867 Vlll
2435 4811 2703 4866 Kalendas
2727 4811 2851 4866 Jun.
2881 4809 3066 4864 Romae
3093 4808 3272 4862 natale
3314 4807 3370 4862 S.
3403 4806 3599 4861 Urbani
3626 4816 3747 4873 papa
3766 4806 3804 4850 et

2361 4905 2633 4974 martyris.
2677 4901 2975 4958 Mediolano
3014 4901 3191 4955 natale
3248 4899 3305 4955 S.
3354 4898 3587 4969 Dionysii
3619 4891 3803 4964 episcopi

2354 5009 2407 5052 et
2433 4995 2780 5051 confessoris.
2827 4994 2883 5048 In
2915 4993 3189 5047 territorio
3220 4991 3527 5046 Tricassino
3567 4989 3622 5043 S.
3657 4981 3805 5039 Leonis

2364 5087 2612 5144 monachi
2633 5096 2680 5141 et
2700 5083 3042 5142 confessoris.
3064 5085 3131 5139 Et
3151 5083 3280 5139 alibi
3300 5092 3606 5138 sanctorum
3625 5083 3805 5148 quatuor

2357 5189 2673 5228 martvrum.
