3992 6304
106 481 252 538 1229

1308 471 1808 528 ΜΑιιτγιὶοιοο.
1847 466 2227 524 ANTISSIOD.

3225 460 3243 509 l
3253 458 3360 511 2'50

32 657 34 662 _
101 595 173 649 Vl
211 590 478 648 Kalendas
507 587 630 643 Jtttt.
684 586 851 641 Mesia
881 583 1102 640 civitate
1131 585 1475 639 Dorostrensi
1517 583 1695 638 natale
1723 587 1773 643 Α
1866 573 2330 638 Autissioderensi,
2375 573 2430 626 in
2465 570 2586 626 uilla
2615 586 2730 662 qua:
2759 567 2950 662 dicitur
2995 563 3274 628 Poziacus.
3305 569 3368 620 de

177 684 237 737 8.
266 679 389 737 Julii
422 678 696 745 martyris.
728 676 961 731 Civitate
983 675 1250 729 'Arausica
1291 674 1466 728 natale
1496 673 1552 727 8.
1583 671 1688 726 Eu-

167 773 328 841 tropii
358 769 593 841 episcopi
639 777 697 824 et
735 767 1078 822 confessoris.
1126 765 1182 819 ln
1214 764 1488 819 territurio
1519 763 1689 817 Adar—

182 865 319 917 tensi
359 862 416 916 8.
453 860 698 930 Ragnulli
730 857 1001 929 martyris.

93 949 145 1006 V
181 949 452 1005 Kalendas
483 947 647 1003 Junii.
683 947 867 1001 Romae
895 945 1071 1000 natale
1093 945 1148 1001 8⁸
1176 943 1435 1000 Johannis
1463 958 1610 1011 papae
1637 953 1693 996 et

177 1043 458 1114 martyris.
489 1040 643 1110 Apud
670 1038 932 1092 Parisium
959 1039 1212 1090 transitus
1242 1035 1413 1089 sancti
1437 1032 1690 1088 Germani

174 1131 417 1204 episc0pi
445 1140 500 1182 et
524 1126 870 1183 confessoris.
909 1125 1062 1194 Apud
1093 1125 1389 1178 Carnntum
1415 1122 1690 1175 civitatem

124 1276 128 1280 ,
181 1223 368 1294 passio
421 1219 479 1274 S.
526 1217 779 1272 Carauni.
831 1214 887 1268 In
921 1213 1170 1268 Sardinia
1199 1213 1301 1270 SS.
1335 1210 1516 1275 Emili,
1546 1208 1690 1264 Feli-

180 1315 283 1377 cis,
316 1311 541 1373 Priami,
569 1307 814 1362 Luciani.

253 1403 402 1456 Obiit
450 1399 605 1455 Walo
637 1398 786 1454 levita
821 1407 867 1452 et
907 1397 1191 1452 canonicus
1229 1406 1275 1448 et
1302 1404 1480 1466 postea
1511 1411 1693 1447 mana-

180 1498 309 1550 chus
337 1495 572 1562 effectus.

103 1585 183 1642 IV
214 1585 332 1640 Kal.
363 1583 486 1638 Jun.
518 1581 702 1637 Romae
734 1582 820 1636 via
858 1580 1074 1635 Aurelia
1108 1580 1286 1635 natale
1317 1579 1376 1634 S.
1414 1579 1690 1633 Restituti.

183 1677 286 1732 Via
313 1675 610 1746 Tyburtina
657 1673 836 1726 natale
885 1679 1088 1740 septem
1118 1686 1518 1742 germanorum.
1566 1669 1696 1722 Tre-

175 1769 316 1825 viris
364 1767 424 1820 Β.
459 1766 731 1820 Maximini
765 1764 1001 1834 episcopi
1037 1772 1092 1818 et
1122 1763 1468 1818 confessoris.
1518 1763 1696 1816 Iconio

187 1860 405 1913 civitate
451 1855 630 1911 natale
680 1853 736 1908 S.
772 1853 999 1908 Coronis
1052 1853 1324 1923 martyris.
1370 1852 1570 1905 Eodem
1611 1853 1696 1906 die

1861 670 2011 724 vinea
2041 669 2095 720 in
2125 683 2286 718 unum
2317 662 2635 717 continentes
2663 660 2779 730 plus
2813 660 2984 712 minus
3027 674 3282 727 arpennos
3320 674 3370 710 γ.

1861 757 2061 812 Eodem
2096 758 2179 810 die
2209 755 2506 824 Stephanus
2532 754 2594 806 de
2625 749 2842 806 Casellis
2871 751 2995 804 obiit
3021 790 3034 814 ,
3081 766 3174 819 pro
3218 749 3373 818 cujus

1859 849 2034 901 anima
2061 845 2328 898 Johannes
2358 843 2469 911 ejus
2492 842 2634 910 ﬁlius
2675 839 2818 892 illaut
2860 850 3060 907 partem
3082 878 3096 903 ,
3133 853 3288 908 quam
3318 837 3372 889 in

1863 936 2080 992 Casellis
2120 935 2307 988 habere
2352 933 2644 995 ridebatur,
2682 948 2773 998 per
2813 947 3027 982 manum
3075 928 3372 982 Innocentii

1861 1045 2012 1098 papa:
2045 1037 2091 1080 et
2121 1026 2369 1080 Willelmi
2399 1025 2620 1088 comitis,
2661 1023 2926 1075 canonicis
2960 1021 3118 1089 hujus
3141 1019 3372 1073 ecclesia:

1866 1118 2088 1171 Domino
2118 1116 2225 1170 Deo
2247 1115 2583 1169 servientibus
2609 1114 2804 1166 dimisit
2836 1130 2853 1166 :
2883 1123 2928 1166 et
2959 1113 3010 1165 in
3045 1111 3222 1164 Nanto
3252 1110 3376 1165 uilla

1862 1218 1966 1260 tres
2003 1223 2257 1276 arpennos
2297 1206 2360 1258 de
2393 1215 2530 1260 terra
2571 1203 2761 1258 arabili
2791 1213 3004 1274 octoque
3041 1203 3286 1255 denarios
3312 1202 3376 1255 de

1860 1314 2018 1351 censu
2059 1314 2152 1366 pro
2175 1297 2349 1350 aninta
2373 1298 2503 1349 atris
2527 1312 2656 1360 sum,
2707 1311 2864 1364 prope
2898 1310 3103 1346 murum
3132 1294 3378 1346 civitatis.

1797 1388 1977 1442 Nonas
2003 1387 2167 1442 Junii.
2199 1388 2352 1456 Apud
2385 1387 2674 1457 [Egyptum
2714 1387 2893 1440 natale
2943 1383 3044 1439 SS.
3075 1394 3378 1454 martyrum

1868 1479 2168 1541 Marciani,
2216 1477 2470 1531 Nicandri
2518 1489 2573 1531 et
2621 1475 2908 1546 Apollonii,
2948 1489 3178 1544 quorum
3229 1485 3379 1543 gesta

1865 1572 2150 1624 habentur.
2196 1569 2349 1638 Apud
2384 1569 2948 1622 Tltarsum'civitatem
2983 1565 3159 1619 natale
3189 1565 3248 1618 8.
3277 1565 3380 1620 Bo-

1871 1658 2053 1712 nifacii
2085 1658 2356 1728 martyris.
2386 1658 2516 1711 Item
2547 1656 2806 1711 Bunifacii
2826 1655 3070 1735 episcopi
3100 1664 3154 1708 et
3182 1641 3377 1723 marty-

1864 1752 1960 1811 ris.
1989 1751 2077 1820 qui
2104 1750 2169 1804 de
2195 1748 2468 1803 Britannis
2496 1750 2738 1813 veniens,
2773 1750 2824 1801 in
2855 1747 3027 1801 Frisia
3055 1761 3247 1816 passus
3275 1753 3378 1799 est.

1943 1841 2067 1910 Ipsa
2101 1841 2184 1894 die
2213 1841 2336 1894 obiit
2371 1839 2698 1893 Theobaldus
2734 1839 2902 1894 miles.
3362 1829 3370 1836 ⁷

185 1950 366 2005 mule
416 1948 515 2004 ss,
561 1956 859 2018 martyrum
911 1945 1132 2000 δίείηηίί
1157 1982 1172 2009 ,
1225 1943 1470 2015 martyrii
1533 1951 1694 2012 atque
1733 1933 1770 1989 8
1803 1929 1910 1984 V'lll
1942 1930 2064 1982 ldus
2108 1928 2279 2018 Junii.
2335 1929 2498 2018 Apud
2535 1927 2836 1982 Cresaream
2866 1929 3129 1996 depositio
3169 1927 3226 1982 8.
3260 1927 3390 1982 Phi-

187 2041 502 2098 Alexandri.

195 2156 200 2164 ’
263 2129 404 2184 Obiit
439 2125 798 2182 Frotmundus
836 2126 980 2180 miles
1027 2126 1087 2182 S.
1115 2125 1400 2193 Stephani,
1441 2136 1488 2178 et
1520 2135 1698 2195 postea

188 2217 475 2276 monachus
518 2219 578 2276 S.
625 2220 908 2274 Benedicti.
978 2218 1099 2290 Ipso
1144 2218 1227 2271 die
1272 2229 1347 2271 est
1397 2217 1700 2286 interfectus

192 2330 362 2368 comes
393 2312 717 2382 Raynaldus.

112 2403 190 2459 Ill
240 2402 356 2456 Kal.
405 2401 528 2456 Jun.
583 2403 762 2456 Roma:
800 2401 882 2470 via
922 2401 1136 2454 Aurelia
1192 2399 1369 2453 natale
1413 2397 1471 2452 8.
1513 2397 1702 2451 Felicis

193 2511 346 2564 papa:
409 2503 464 2546 et
537 2493 810 2562 martyris.
891 2491 1152 2544 Turribus
1208 2488 1471 2544 Sardinia:
1525 2486 1704 2540 natale

197 2583 298 2638 SS.
339 2592 634 2654 martyrum
662 2581 854 2638 Gabini
901 2589 956 2634 et
987 2579 1244 2650 Crispnli.
1291 2576 1576 2632 Antiochia
1607 2591 1707 2630 na-

194 2675 302 2730 tale
355 2675 454 2728 SS.
501 2674 634 2728 lsitii
685 2682 740 2728 et
782 2671 1035 2736 Palatini,
1086 2672 1177 2740 qui
1222 2670 1389 2724 multa
1438 2677 1704 2723 tormenta

189 2767 339 2837 passi
367 2775 510 2820 sunt.
545 2765 662 2836 Ipso
684 2765 770 2821 die
793 2763 974 2819 natale
1000 2761 1057 2817 8.
1088 2761 1346 2818 Hucberti
1377 2760 1709 2831 Tungrensis

200 2857 461 2927 episcopi.

117 2947 312 3003 Pridie
353 2945 576 3000 Kalend.
602 2943 749 3000 'Jun.
784 2944 968 2998 Romae
999 2942 1263 3012 depositio
1301 2940 1360 2996 S.
1406 2939 1712 2997 Petronillae

199 3037 446 3107 virginis,
478 3051 596 3106 qua:
626 3034 728 3089 fuit
755 3035 860 3088 lilia
890 3035 1029 3089 beati
1060 3033 1203 3088 Petri
1231 3031 1482 3102 apostoli.
1514 3031 1710 3087 Eodem

203 3128 294 3181 die
327 3125 466 3195 apud
499 3123 778 3194 Aquileam
812 3121 1270 3186 Cantii,Cantiani
1298 3129 1352 3175 et
1382 3119 1713 3176 Cantianilla:

205 3215 456 3270 fratrum.
476 3213 741 3268 Turribus
754 3212 1018 3266 Sardiniae
1033 3211 1211 3266 natale
1233 3211 1293 3265 8.
1321 3210 1710 3266 Crescentiani.

280 3304 479 3358 Eodem
529 3303 611 3357 die
654 3303 778 3356 obiit
831 3301 1103 3359 Elizabetlt
1150 3301 1379 3370 femina,
1422 3316 1517 3370 pro
1564 3299 1715 3367 cujus
1745 3293 1790 3356 C

200 3396 379 3448 anima
403 3393 626 3448 Obertus
655 3393 799 3446 miles
829 3392 906 3445 uir
943 3391 1054 3459 ejus
1091 3389 1320 3443 ecclesia:
1352 3387 1412 3442 S.
1439 3387 1715 3456 Stephani,

203 3485 339 3538 duas
361 3485 537 3538 alcltas
560 3485 613 3537 in
635 3483 896 3537 Crevenno
921 3481 1040 3535 villa
1065 3481 1216 3545 sitas,
1239 3479 1378 3533 dedit
1408 3479 1476 3532 ad
1505 3479 1587 3532 sui
1607 3495 1710 3531 me-

209 3575 432 3632 moriam
459 3574 808 3628 recolendam.

794 3661 1056 3718 JUNIUS.

135 3755 410 3815 Kalendas
430 3753 594 3808 Junii.
621 3755 802 3809 Roma:
822 3753 1092 3808 dedicatio
1120 3751 1177 3807 8.
1206 3752 1552 3809 Nichomedis
1576 3769 1720 3807 mar-

208 3847 348 3918 tyris
378 3888 392 3910 ,
442 3846 593 3916 cujus
634 3845 952 3915 martyrium
1002 3859 1111 3897 xvn
1159 3842 1426 3897 Kalendas
1471 3841 1722 3897 Octobris

213 3939 413 3995 ibidem
435 3938 756 3993 celebratur.
786 3936 1158 4006 Augustiduno
1181 3934 1281 3990 SS.
1309 3933 1573 3989 Riviriaui
1604 3935 1720 4003 epi-

212 4028 362 4097 scopi
390 4037 443 4080 et
473 4027 617 4080 Pauli
649 4027 979 4097 presbyteri,
1027 4042 1148 4080 cum
1180 4025 1298 4080 aliis
1330 4043 1365 4080 χ
1395 4038 1717 4096 martyrum.

209 4118 366 4186 Apud
411 4117 709 4170 Caesaream
759 4115 1060 4169 Palaestinae.
1106 4115 1284 4168 natale
1349 4115 1406 4168 8.
1459 4114 1723 4184 Pamphili

211 4208 510 4279 presbyteri
538 4216 592 4262 et
636 4208 906 4278 martyris.
943 4207 1059 4276 Ipso
1086 4205 1171 4259 die
1203 4205 1259 4259 S.
1290 4206 1532 4276 Caprasii
1562 4207 1724 4260 abba-

214 4297 283 4352 tis
315 4297 645 4352 monasterio
669 4295 990 4353 Lirinensis.
1021 4295 1261 4367 Vigenna
1290 4295 1462 4350 Eladii
1488 4296 1723 4365 episcopi

214 4396 272 4440 et
299 4388 646 4443 confessoris.

138 4477 211 4534 ιν
242 4477 418 4533 Nonas
447 4478 570 4532 Jun.
614 4479 796 4533 Roma:
843 4478 895 4532 in
924 4477 1190 4532 cimiterio
1217 4475 1359 4531 inter
1384 4477 1516 4531 duas
1545 4476 1726 4531 lauros

215 4571 300 4625 via
327 4571 595 4625 Lavicana
639 4570 932 4626 Marcellini
969 4561 1269 4640 presbyteri
1303 4578 1358 4624 et
1393 4570 1536 4624 Petri
1568 4585 1726 4624 exor-

1866 2019 1993 2086 lippi
2043 2017 2298 2082 diaconi,
2347 2018 2437 2085 qui
2480 2016 2579 2070 fuit
2630 2032 2768 2071 unus
2814 2018 2879 2070 de
2921 2033 2994 2071 vn
3048 2017 3387 2071 diaconibus.

1877 2109 2062 2162 Romae
2092 2117 2406 2161 sanctorum
2441 2117 2739 2177 martyrum
2791 2107 3001 2160 Artenii
3053 2123 3174 2161 cum
3222 2122 3394 2161 uxore

1871 2191 2253 2254 sua'Candida
2305 2207 2360 2251 et
2415 2197 2522 2250 ﬁlia
2566 2185 2811 2250 Paulina.
2857 2198 3011 2266 Apud
3052 2197 3393 2256 Antiochiam

1873 2292 1931 2346 8.
1965 2290 2298 2360 Asclepiadis
2335 2290 2572 2360 episcopi
2601 2299 2656 2344 et
2686 2289 3036 2344 confessoris.

1806 2381 1898 2436 Vll
1943 2382 2068 2436 ldus
2114 2379 2278 2436 Junii.
2345 2378 2869 2448 Constantinopolim
2920 2377 3100 2431 natale
3146 2375 3202 2430 S.
3241 2376 3394 2430 Pauli

1875 2469 2110 2538 episcopi
2174 2477 2229 2522 et
2275 2467 2551 2538 martyris.
2620 2465 2870 2520 Corduba
2940 2465 3038 2520 SS.
3092 2475 3395 2537 martyrum

1880 2560 2026 2622 Petri
2076 2561 2423 2632 presbyteri,
2468 2560 2708 2626 Aventii,
2760 2560 3041 2618 Hieremiae
3086 2569 3140 2616 et
3165 2559 3396 2614 aliorum

1877 2659 2042 2714 trium
2075 2671 2305 2725 quorum
2349 2665 2498 2725 gesta
2531 2656 2820 2710 habentur.

1955 2747 2094 2802 Obiit
2127 2747 2389 2801 Letericus
2437 2747 2802 2811 subdiaconus,
2848 2749 2936 2820 qui
2970 2748 3110 2801 dedit
3140 2745 3396 2817 fratribus

1883 2838 2095 2892 alodum
2124 2854 2275 2891 suum
2301 2838 2352 2890 in
2380 2836 2656 2890 Adrebleto
2686 2837 2830 2890 villa.

1813 2930 1881 2986 Vl
1910 2930 2033 2983 ldus
2057 2929 2221 2983 Junii.
2277 2930 2332 2982 In
2382 2928 2570 2984 Galliis
2621 2929 2910 2984 Suessione
2949 2930 3166 2984 civitate
3214 2928 3398 2984 natale

1887 3019 1945 3074 S.
1981 3019 2222 3073 Medardi
2274 3020 2511 3089 episcopi
2558 3029 2612 3075 et
2661 3021 3015 3076 confessoris.
3063 3021 3266 3074 Eodem
3313 3022 3401 3075 die

1888 3112 2150 3181 depositio
2181 3110 2239 3166 8.
2269 3110 2505 3166 Godardi
2554 3111 2969 3183 Rotomagensis
2999 3111 3262 3181 episcopi,
3289 3112 3402 3166 fra-

1889 3201 1988 3255 tris
2019 3199 2258 3268 ejusdem
2299 3201 2470 3254 sancti
2521 3201 2781 3265 Medardi,
2814 3217 2949 3272 quos
2979 3203 3156 3255 ferunt
3184 3217 3288 3256 una
3319 3203 3406 3258 die

1892 3300 2068 3355 natos,
2109 3307 2212 3344 una
2242 3291 2539 3360 eademque
2574 3292 2660 3346 die
2690 3292 2971 3362 episcopos
2999 3293 3300 3358 ordinatos,
3330 3294 3406 3348 si-

1895 3383 2095 3437 militer
2123 3399 2338 3453 quoque
2371 3399 2474 3435 una
2504 3382 2591 3436 die
2635 3382 2701 3435 ab
2735 3384 2836 3436 hac
2863 3383 2949 3437 die
2988 3384 3316 3440 subtractos.
3349 3385 3409 3439 ltt

1891 3472 2185 3526 Dorostoro
2216 3473 2433 3526 civitate
2460 3473 2631 3526 sancti
2665 3473 2838 3528 Marci
2871 3474 3132 3543 episcopi.

1827 3561 1864 3614 V
1888 3562 2010 3616 ldus
2036 3562 2198 3616 Junii.
2233 3562 2415 3615 Romae
2447 3562 2498 3614 in
2525 3573 2709 3616 monte
2735 3561 2905 3616 C(elio
2935 3565 3110 3617 natale
3137 3564 3236 3618 SS.
3267 3581 3410 3618 mar-

1896 3667 2074 3726 tyrum
2106 3654 2272 3708 Primi
2303 3663 2358 3709 et
2404 3655 2684 3708 Feliciani.
2731 3655 2788 3709 ln
2833 3653 3016 3710 Scotia
3047 3655 3104 3708 8.
3136 3655 3410 3711 Columba:

1894 3746 2194 3817 presbyteri
2259 3755 2315 3800 et
2379 3744 2730 3801 confessoris.
2800 3746 2856 3802 In
2947 3747 3135 3802 Galliis
3186 3748 3411 3804 civitate

1894 3839 2118 3907 Agennu
2165 3839 2284 3894 loco
2332 3837 2654 3910 Pompeiaco
2704 3841 2886 3910 passio
2936 3838 2994 3895 S.
3050 3841 3279 3895 Vincetii
3331 3841 3412 3897 le-

1896 3931 2019 3985 vitze
2048 3939 2098 3984 et
2143 3929 2418 4000 martyris.

1826 4024 1893 4078 1V
1921 4023 2041 4077 ldus
2071 4022 2234 4078 Junii.
2280 4022 2466 4077 Romae
2497 4024 2580 4078 via
2611 4024 2827 4078 Aurelia
2863 4024 3042 4080 natale.
3071 4024 3131 4078 8.
3163 4023 3414 4080 Basilidis

1899 4115 2154 4186 martyris
2182 4123 2235 4169 et
2275 4103 2503 4168 aliorum
2537 4130 2649 4169 χιιι
2682 4125 3001 4186 martyrum.
3030 4115 3412 4171 Autissiodero

1901 4205 2163 4274 depositio
2195 4205 2252 4259 8.
2289 4205 2535 4260 Censurii
2566 4206 2802 4275 episcopi
2841 4215 2898 4260 et
2926 4206 3276 4263 confessoris.
3307 4207 3415 4262 Eo-

1897 4295 2019 4350 dem
2049 4297 2134 4351 die
2163 4297 2305 4350 beati
2334 4295 2561 4352 Gestulii
2592 4298 2868 4370 martyris.

1828 4387 1890 4442 Ill
1924 4389 2046 4442 ldus
2069 4389 2236 4442 Junii.
2277 4389 2331 4443 In
2359 4389 2506 4443 India
2555 4390 2736 4445 natale
2782 4389 2839 4445 8.
2871 4391 3134 4447 Barnabte
3165 4393 3416 4463 apostoli.

1899 4478 2053 4546 Apud
2123 4478 2442 4533 Corinthum
2507 4480 2685 4532 natale
2745 4481 2804 4534 8.
2859 4481 3115 4537 Sostenes
3167 4483 3415 4552 discipuli

1903 4569 1961 4620 S.
2009 4567 2180 4621 Pauli.
2233 4568 2289 4620 ln
2341 4569 2588 4638 Aquileia
2640 4569 2741 4624 88.
2782 4578 3079 4640 martyrum
3122 4572 3319 4626 Felicis
3366 4581 3421 4625 et

218 4662 388 4716 cistre.
422 4662 540 4732 lpso
565 4662 649 4715 die
674 4661 935 4731 Lugdune
963 4659 1142 4730 passio
1170 4659 1227 4713 S.
1258 4658 1532 4714 Blanditiae
1562 4659 1725 4728 virgi~
1755 4642 1806 4702 θ
1901 4661 2205 4714 Fortunati.
2240 4661 2422 4714 [lunae
2453 4661 2725 4715 Salutaria
2758 4671 2943 4718 vetere
2993 4663 3170 4719 natale
3215 4675 3419 4721 sancta:

215 4751 302 4806 nis
331 4767 451 4806 cum
482 4767 645 4807 sunt
676 4750 1001 4820 martyribus
1032 4789 1046 4814 ,
1085 4750 1176 4818 qui
1211 4759 1337 4804 sunt
1368 4750 1421 4803 in
1451 4749 1729 4804 territurio

138 4835 146 4842 ’
211 4840 667 4896 Autissioderensi
717 4840 879 4894 delati
943 4840 1062 4894 vico
1119 4838 1444 4893 Bacernensi
1494 4855 1524 4892 a
1571 4838 1729 4892 beata

146 4928 152 4931 ”
216 4932 463 4989 Balbina.
533 4951 540 4958 ’

142 4994 213 5079 lll
256 5023 436 5078 Nonas
487 5023 612 5078 Jun.
657 5025 810 5094 Apud
854 5022 1136 5078 Aurelium
1187 5023 1465 5078 civitatem
1520 5023 1728 5078 Tuscize

219 5115 400 5170 natale
451 5115 548 5170 SS.
604 5126 900 5186 martyrum
948 5114 1257 5184 Pergentini
1313 5122 1364 5168 et
1412 5112 1726 5168 Laurentini

219 5205 470 5260 fratrum.
502 5204 637 5260 item
667 5204 720 5258 in
751 5204 1041 5274 Campania
1073 5204 1133 5256 Β.
1168 5203 1380 5257 Erasmi
1409 5204 1646 5273 episcopi
1676 5214 1730 5258 ct

219 5295 493 5366 martyris.
524 5295 580 5353 ιιι
610 5295 886 5349 territat-io
916 5293 1286 5348 Aurelianensi
1320 5294 1436 5348 vico
1481 5293 1729 5349 Maiduno

145 5377 154 5383 ’
226 5385 493 5453 depositio
520 5383 576 5438 8.
611 5383 815 5438 Lifardi
842 5383 1140 5453 presbyteri
1171 5392 1225 5437 et
1255 5382 1602 5437 confessoris.
1692 5385 1695 5388 ’

150 5475 338 5532 Pridie
369 5473 545 5529 Nonas
573 5473 738 5528 Junii.
783 5471 968 5526 Romze
999 5473 1050 5524 in
1083 5472 1348 5528 cimiterio
1387 5473 1732 5529 Catacnmbis

226 5565 313 5618 via
342 5566 510 5643 Appia
539 5564 716 5619 natale
740 5562 840 5618 SS.
869 5562 1061 5625 Arelii,
1094 5562 1324 5616 Datiani.
1355 5563 1506 5630 Apud
1537 5562 1735 5617 l-lilliri-

231 5675 355 5715 cum
383 5660 660 5715 civitatem
681 5659 943 5714 Scisciam
971 5656 1148 5712 natale
1175 5656 1230 5711 S.
1257 5656 1467 5724 Quirini
1499 5655 1735 5726 episcopi

155 5751 164 5755 ’
189 5753 200 5758 “
229 5759 285 5804 et
313 5751 588 5821 martyris.
901 5748 904 5749 ⁷
1007 5743 1010 5746 ’

305 5843 445 5904 Obiit
473 5845 592 5902 Alto
621 5845 925 5910 canonicus,
962 5843 1050 5916 qui
1079 5841 1221 5896 dedit
1248 5841 1498 5912 fratribus
1527 5841 1578 5892 in
1601 5855 1734 5916 pago

1903 4750 2133 4804 anillzc.

1832 4841 2012 4896 Pridie
2043 4842 2165 4897 ldus
2191 4842 2356 4897 Junii.
2407 4843 2706 4898 Mediolano
2757 4843 2996 4898 inventio
3047 4851 3100 4900 et
3141 4845 3421 4901 translatio

1901 4948 2186 5002 corporum
2216 4945 2525 4988 sanctorum
2570 4944 2869 5004 martyrum
2906 4934 3120 4990 Nazarii
3156 4947 3212 4990 et
3243 4936 3417 5000 Celsi,

1902 5042 2131 5095 quorum
2185 5027 2422 5080 inventio
2471 5025 2647 5094 pridie
2693 5027 2817 5081 ldus
2861 5026 3046 5093 Junii,
3101 5027 3420 5096 martyrium

1903 5131 1933 5168 v
1970 5115 2237 5170 Kalendas
2271 5118 2542 5183 Augustas
2579 5115 2884 5172 celebratur
2927 5133 2942 5172 :
2973 5116 3419 5172 commemoratio

1904 5215 2084 5260 tamen
2114 5221 2300 5262 eorum
2331 5206 2541 5276 publica
2570 5214 2626 5261 et
2653 5208 2885 5264 celebris
2915 5210 2965 5263 in
2994 5208 3080 5260 die
3105 5214 3418 5260 sanctorum

1904 5305 2202 5368 martyrum
2249 5294 2517 5350 Prothasii
2555 5305 2611 5350 et
2659 5297 2905 5352 Gervasii
2946 5295 3214 5350 celebrius
3252 5310 3419 5350 exro‘

1905 5385 2051 5440 litur.
2105 5385 2170 5439 Et
2213 5385 2340 5441 alibi
2388 5384 2488 5440 SS.
2536 5397 2834 5456 martyrum
2882 5385 3168 5446 Basilidis,
3211 5385 3418 5456 Cyrini,

1907 5475 2138 5530 Naboris
2173 5493 2184 5528 :
2214 5475 2304 5529 sed
2342 5486 2398 5533 et
2439 5468 2654 5530 Nazarii
2691 5485 2746 5529 et
2775 5475 3097 5552 Celsi,yquos
3130 5476 3263 5529 duos
3290 5490 3418 5543 pas-

1910 5584 1999 5624 sos
2027 5568 2195 5622 fuisse
2221 5569 2363 5640 apud
2412 5567 2848 5626 Ebredunensem
2891 5567 3079 5621 urbem
3127 5565 3420 5634 antiquitas

1911 5659 2261 5712 memorando
2284 5658 2536 5712 celebrat.
2573 5657 2759 5710 Romae
2785 5657 2870 5712 via
2912 5657 3127 5720 Aurelia
3168 5656 3267 5710 88.
3299 5655 3420 5708 Τι·ἰ-

1911 5747 2044 5815 puli,
2080 5747 2410 5816 Magdaletis,
2440 5745 2646 5807 Zabini,
2692 5745 2982 5799 Donatcllte
3017 5755 3070 5799 et
3100 5745 3378 5799 Secundae.

1839 5838 1963 5902 ldus
1997 5835 2162 5893 Junii.
2209 5837 2393 5895 Romae
2436 5833 2615 5893 natale
2666 5844 2866 5893 sanctae
2915 5835 3160 5892 Feliculae
3197 5833 3421 5906 virginis
