3992 6304
119 331 260 390 {233

1354 333 1846 392 MARTYROLOG.
1875 334 2258 396 ANTISSIOD.

3223 345 3365 402 ηδι

191 443 337 502 conf.
362 444 419 501 In
449 447 725 502 territorio
745 418 1006 503 Remensi'
1028 447 1085 502 8.
1117 447 1433 503 Theoderici
1472 449 1684 520 presby-
1719 461 1769 516 Α
1863 448 2060 506 Eodem
2086 452 2174 506 die
2211 448 2561 521 depositio'S.
2586 447 2764 507 Patris
2804 448 2975 510 nostri
3027 453 3221 510 Eﬂrem
3253 457 3366 512 dia-

187 538 290 596 teri
321 545 376 591 et
402 538 746 592 confessoris.
770 537 826 592 In
856 538 1535 594 territurioCameracensi
1567 537 1696 592 Por-

193 635 275 692 tu,
320 627 413 696 qui
458 627 808 682 Valentianas
832 627 1198 699 nuncupatur,
1244 628 1421 684 natale
1438 627 1502 682 ’8.
1531 627 1694 684 Salvii

185 717 470 788 martyris.
500 717 874 788 Augustiduno
926 719 1192 789 depositio
1243 719 1431 774 Leonti
1460 720 1695 789 episcopi

189 816 249 861 et
267 804 611 860 confessoris.

267 897 407 952 Obiit
435 897 736 954 Rainardus
760 900 926 956 miles.
952 900 1087 955 Item
1117 902 1244 954 obiit
1277 901 1446 957 Jonas
1474 903 1624 957 levita
1649 912 1696 956 et

189 990 497 1053 canonicus,
527 992 616 1060 qui
656 991 798 1044 dedit
845 992 913 1044 ad
963 993 1395 1046 restaurationem
1443 991 1695 1045 librorum

188 1082 350 1150 hujus
378 1080 604 1134 ecclesia:
635 1098 700 1136 χι.
724 1081 937 1136 solidos.

113 1169 185 1222 Ἦ
216 1169 395 1222 Nonas
419 1167 566 1222 Julii.
593 1170 778 1225 Romae
801 1171 979 1226 natale
1003 1168 1103 1225 SS.
1130 1178 1427 1240 martyrum
1454 1169 1698 1224 Processi

191 1267 248 1312 et
291 1256 620 1322 Martiniani,
654 1261 744 1327 qui
797 1275 826 1314 a
868 1259 1198 1315 beatissimis
1223 1259 1385 1315 Petro
1429 1269 1486 1313 et
1533 1258 1700 1318 Paulo

191 1351 452 1420 baptizati
493 1361 547 1404 et
573 1353 822 1408 instructi
851 1362 994 1408 sunt.
1029 1353 1096 1407 Et
1127 1353 1181 1406 in
1212 1351 1399 1406 eadem
1432 1350 1564 1406 urbe
1607 1365 1701 1404 na-

195 1439 305 1491 tale
335 1437 391 1492 S.
427 1439 597 1492 Eutici
630 1451 687 1495 et
712 1442 1028 1497 Melchiadis
1049 1457 1218 1512 papae.

114 1527 161 1582 ν
222 1528 404 1584 Nonas
444 1527 550 1583 Jul.
600 1531 752 1599 Apud
803 1532 1048 1588 Edissam
1096 1532 1491 1601 Mesopotamiae
1523 1533 1701 1601 passio

194 1619 254 1674 S.
292 1618 512 1672 Thomae
559 1621 808 1688 apostoli,
832 1621 922 1690 qui
970 1623 1264 1677 translatus
1288 1632 1370 1676 est
1395 1637 1470 1676 xu
1503 1622 1698 1675 Kalen-

181 1707 284 1765 das
310 1704 551 1760 Januarii
580 1711 796 1776 quando
845 1709 1108 1764 celebrior
1145 1711 1258 1766 dies
1307 1711 1504 1780 agitur.
1557 1709 1698 1764 Con-

1869 544 2010 598 coni.
2045 543 2286 598 Senones
2312 544 2484 598 sancti
2508 542 2704 600 Eraclii
2732 545 2990 616 episcopi.

1940 633 2080 688 Obiit
2116 633 2231 688 Odo
2259 636 2428 688 sancti
2463 634 2705 705 Dionysii
2727 637 3034 691 monachus.

1799 720 1863 776 Vl
1910 721 2031 775 ldus
2057 721 2202 776 Julii.
2250 722 2436 776 Romae
2465 723 2642 777 natale
2696 723 2794 778 SS.
2831 735 3128 796 martyrum
3161 737 3365 798 septem

1864 809 2092 864 fratrum
2148 810 2377 864 ﬁliorum
2403 811 2460 864 S.
2509 811 2825 875 Felicitatis,
2873 814 2926 868 id
2975 822 3077 880 est,
3102 813 3366 883 Januarii,

1858 898 2074 966 Felicis,
2101 900 2352 970 Philippi,
2379 901 2691 968 Alexandri,
2719 902 2931 969 Vitalis,
2963 904 3187 970 Silvani,
3226 907 3370 962 Mar-

1865 989 2026 1044 tialis.
2073 989 2128 1044 In
2157 990 2335 1044 Africa
2383 992 2566 1045 natale
2611 991 2712 1046 SS.
2761 1001 3052 1063 martyrum
3100 989 3368 1061 Januarii,

1867 1078 2082 1140 Marini,
2112 1079 2337 1133 Naboris
2363 1091 2417 1133 et
2444 1081 2658 1136 Felicis.
2685 1083 2838 1148 Item,
2862 1083 3047 1139 Romae
3068 1085 3243 1139 natale
3265 1087 3363 1141 SS.

1869 1167 2134 1235 virginum
2181 1167 2388 1222 Rufina:
2412 1178 2462 1222 et
2493 1169 2753 1224 Secunda:
2800 1187 3048 1226 sororum
3087 1186 3138 1226 et
3166 1188 3371 1246 marty-

1862 1275 2002 1314 rum.
2034 1261 2184 1329 Apud
2235 1261 2523 1330 Ephesium
2570 1264 2622 1318 in
2675 1275 2857 1319 monte
2903 1265 3073 1321 Ctelio
3110 1267 3370 1336 depositio

1866 1361 2068 1420 septem
2100 1352 2513 1418 Dormientium,
2545 1346 2773 1424 quorum
2809 1358 3024 1411 nomina
3058 1359 3172 1412 haec
3202 1365 3324 1410 sunt
3352 1375 3364 1410 :

1870 1441 2246 1507 Maximianus,
2273 1443 2496 1509 Malcus,
2514 1445 2829 1511 Martiantts,
2851 1447 3154 1518 Dionysius,
3176 1446 3370 1501 Johan-

1871 1545 1986 1598 nes,
2014 1533 2292 1602 Serapion,
2323 1534 2726 1590 Constantinus.

1801 1621 1843 1675 V
1871 1620 1992 1676 Idus
2019 1621 2169 1676 Julii.
2196 1623 2502 1677 Translatio
2525 1627 2768 1696 corporis
2798 1626 2854 1681 S.
2889 1628 3162 1683 Benedicti
3201 1629 3369 1682 abba-

1872 1713 1939 1766 tis
1991 1714 2048 1766 ln
2083 1715 2337 1769 Armenia
2390 1717 2598 1770 minore
2640 1717 2858 1771 civitate
2907 1715 3150 1787 Nicopoli
3197 1717 3373 1770 natale

189 1802 597 1871 stantinOpolim
627 1804 802 1857 natale
832 1803 889 1858 S.
920 1805 1146 1874 Eulogii.
1176 1805 1426 1859 Laodicia
1455 1805 1512 1859 8.
1543 1805 1691 1859 Ana-
1727 1802 1770 1860 Β
1869 1805 1970 1860 SS.
1999 1815 2295 1878 martyrum
2328 1807 2567 1862 Januarii
2618 1797 2949 1879 et’Pelagite.
2998 1810 3054 1863 ln
3102 1809 3374 1864 territorio

193 1890 347 1943 tholii
380 1891 612 1959 episcopi
639 1901 694 1945 et
720 1892 1068 1949 confessoris.
1101 1893 1253 1962 Apud
1301 1893 1694 1948 Ncocmsariam

191 1977 343 2032 Ponti
400 1980 540 2033 beati
595 1979 838 2050 Gregorii
886 1983 1123 2053 episcopi
1174 1991 1229 2037 et
1273 1983 1416 2038 beati
1458 1983 1694 2038 Atheno-

190 2071 309 2123 dori
343 2070 527 2126 fratris
556 2074 810 2143 episcopi.
868 2072 1111 2130 Senones
1144 2075 1200 2130 S.
1259 2076 1511 2146 Sydronii
1556 2093 1699 2133 mar-

195 2169 245 2228 ty
258 2160 351 2214 ris.

110 2248 185 2306 ιν
221 2247 399 2303 Nonas
434 2248 538 2305 Jul.
569 2251 721 2307 Osete
750 2264 803 2308 et
834 2254 997 2324 Aggei
1029 2256 1433 2326 prophetarum.
1465 2255 1698 2312 Turonis

196 2340 479 2393 translatio
534 2340 590 2395 S.
639 2343 853 2397 Martini
905 2345 1139 2414 episc0pi
1170 2355 1223 2400 et
1260 2345 1604 2411 confessoris,
1648 2358 1703 2402 et

189 2429 458 2484 ordinatio
502 2432 844 2501 episcopatus
895 2433 1082 2504 ipsius.
1113 2434 1168 2487 In
1197 2433 1381 2489 Africa
1421 2437 1598 2490 natale
1639 2436 1696 2490 S.

190 2521 505 2577 Jocundiani
536 2526 806 2595 marlyris.
843 2526 896 2580 lu
925 2527 1202 2581 lerriturio
1226 2523 1480 2582 Biturica:
1505 2529 1698 2582 civita-

193 2611 282 2675 tis,
317 2613 432 2666 vico
480 2611 732 2677 Vesleno,
777 2613 955 2669 natale
1005 2614 1062 2668 8.
1117 2614 1372 2669 Lanriani
1424 2617 1696 2689 martyris.

186 2699 242 2753 In
277 2698 470 2754 Sirmia
525 2703 702 2756 natale
755 2702 852 2757 SS.
910 2703 1225 2767 Innocentii,
1261 2703 1530 2759 Sabbatite
1576 2721 1700 2760 cum

192 2788 314 2842 aliis
346 2805 471 2842 xxx.

109 2899 184 2959 Ill
214 2897 390 2953 Nonas
417 2899 519 2954 Jul.
549 2901 702 2969 Apud
739 2901 950 2971 Syriam
984 2904 1160 2958 natale
1187 2901 1243 2958 S.
1299 2903 1512 2957 Domitii
1557 2920 1701 2958 mar-

191 2991 346 3061 tyris.
382 2991 566 3044 Romae
602 2993 778 3047 natale
823 3002 1024 3048 sancta:
1066 2993 1188 3051 ZOte
1232 2995 1488 3064 martyris
1517 2995 1699 3050 uxoris

177 3079 325 3135 beati
348 3079 660 3135 Nicostrati.
693 3082 747 3135 ln
783 3082 1112 3137 Alexandria
1143 3083 1202 3138 S.
1230 3084 1472 3154 Arpotis.

1869 1897 2170 1952 Pictavensi
2202 1898 2377 1951 natale
2407 1897 2463 1951 8.
2498 1897 2681 1952 Savini
2725 1899 3068 1954 confessoris.
3127 1899 3224 1952 Hic
3275 1899 3373 1952 fuit

1867 2003 1934 2043 ex
1996 1989 2271 2059 discipulis
2328 1989 2500 2044 sancti
2571 1989 2826 2046 Germani
2889 1991 3372 2046 Autissioderensis

1867 2080 2122 2150 episcopi.

1801 2168 1864 2222 IV
1897 2168 2020 2222 ldus
2050 2167 2200 2223 Julii.
2229 2169 2383 2237 Apud
2413 2170 2714 2240 Aquileiam
2745 2168 2923 2225 natale
2948 2168 3005 2223 8.
3033 2169 3376 2238 Hermogarae

1870 2260 2106 2329 episc0pi
2143 2267 2196 2314 et
2226 2260 2499 2333 martyris,
2533 2261 2780 2331 discipuli
2821 2261 2880 2315 8.
2927 2260 3093 2315 Marci
3133 2261 3375 2329 Evange-

1872 2350 2028 2405 listze.
2057 2350 2210 2418 Apud
2241 2350 2474 2420 Cyprum
2507 2353 2686 2406 natale
2738 2352 2877 2407 beati
2913 2351 3140 2405 Vasonis
3168 2351 3372 2418 antiqui
3400 2355 3404 2362 '

1867 2440 2067 2494 Christi
2103 2441 2369 2509 discipuli.
2417 2441 2717 2496 Mediolano
2751 2442 3033 2496 translatio
3087 2456 3373 2510 corporum

1875 2530 1973 2586 SS.
2005 2539 2299 2601 martyrum
2349 2530 2576 2586 Naboris
2603 2541 2658 2586 et
2682 2531 2900 2586 Felicis.
2943 2531 3126 2585 Romae
3151 2531 3204 2584 in
3237 2529 3376 2584 Vati-

1867 2636 2005 2675 cano
2025 2621 2084 2675 8.
2113 2621 2192 2675 Pii
2223 2636 2390 2691 papae.
2427 2621 2662 2693 (Recenti
2716 2639 2896 2678 manu.
2940 2622 3198 2692 Exceptio
3253 2621 3376 2680 reli-

1872 2712 2123 2780 quiarum
2154 2709 2211 2764 S.
2244 2712 2562 2782 Amatoris.)

1800 2801 1866 2856 lll
1895 2801 2020 2856 Idus
2040 2800 2188 2856 Julii.
2219 2801 2406 2855 Natale
2429 2802 2486 2856 8.
2513 2801 2638 2856 Sila:
2657 2802 2908 2872 apostoli,
2940 2802 3201 2872 adjutoris
3228 2802 3376 2857 beati

1869 2891 2021 2947 Pauli
2055 2893 2304 2962 apostoli.
2331 2893 2387 2947 In
2414 2893 2595 2948 Africa
2637 2893 2812 2947 natale
2857 2893 2955 2948 SS.
3003 2893 3375 2948 confessorum

1866 2983 2091 3055 Eugenii
2136 2981 2540 3053 Cartaginensis
2563 2983 2801 3052 episcopi
2856 2991 2911 3036 et
2965 2982 3202 3036 universi
3247 2980 3377 3035 cleri

1872 3073 2111 3143 ejusdem
2135 3073 2400 3138 ecclesiae,
2424 3073 2514 3142 qui
2543 3073 2690 3128 caede
2711 3073 2998 3142 inediaque
3017 3071 3237 3125 mactati
3262 3070 3376 3124 fere

112 3170 300 3228 Pridie
345 3186 515 3228 nonas
562 3171 707 3226 Julii.
750 3172 901 3228 Oscae
930 3181 982 3227 et
1034 3171 1188 3228 Johel
1218 3144 1618 3244 prophetarum,
1647 3184 1702 3230 et
1728 3144 1772 3207 ε
1864 3164 2142 3234 quingenti
2173 3163 2258 3218 vel
2279 3163 2510 3234 amplius
2537 3163 2774 3217 fuerunt.
2796 3162 2853 3216 In
2875 3162 3153 3216 Britannia
3180 3161 3378 3214 minori

183 3270 390 3318 octava:
411 3263 796 3333 apostolorum.
825 3265 1008 3318 Romae
1045 3265 1223 3319 natale
1255 3265 1312 3320 S.
1344 3265 1701 3334 Tranquilliui

187 3352 453 3422 martyris
494 3354 665 3422 patris
713 3362 1012 3423 martyrum
1045 3353 1209 3410 Marci
1250 3365 1305 3410 et
1352 3355 1699 3422 Marcelliani,

184 3443 282 3511 qui
322 3443 388 3497 ad
418 3444 856 3513 praedicationem
918 3445 1060 3498 beati
1108 3444 1412 3500 Sebastiani
1470 3449 1705 3503 credidit

184 3531 486 3587 Christum.
513 3533 570 3586 lu
603 3548 740 3603 pago
769 3532 1128 3589 Thrcearensi
1175 3535 1356 3590 natale
1398 3537 1569 3590 sancti
1596 3535 1703 3591 Go-

187 3621 364 3683 tharis
403 3621 703 3692 presbyteri
729 3632 785 3679 et
809 3621 1160 3679 confessoris.
1207 3625 1580 3695 Augustiduno
1609 3628 1703 3682 de-

181 3714 382 3785 positio
408 3715 631 3785 Legonti
669 3715 905 3786 episcopi
937 3725 992 3770 et
1026 3715 1378 3770 confessoris.

111 3806 303 3862 Nonas
327 3806 474 3861 Julii.
525 3808 680 3876 Apud
712 3807 1094 3862 Alexandriam
1123 3808 1304 3862 natale
1344 3807 1402 3864 S.
1433 3807 1701 3870 Pantheni,

180 3896 289 3949 viri
311 3896 611 3965 apostolici.
649 3897 834 3952 Romae
881 3896 982 3952 SS.
1038 3908 1337 3967 martyrum
1382 3899 1696 3964 Nicostrati,

180 3984 418 4048 Claudii,
460 3985 714 4051 Castorii,
767 3987 1049 4052 Victorini,
1076 3986 1506 4057 ,Sympltoriani,
1565 4004 1698 4057 quos

187 4075 383 4128 beatus
427 4073 784 4131 Sebastianus
807 4077 1030 4133 credere
1077 4075 1350 4133 Christum
1397 4079 1601 4145 docuit,
1643 4086 1699 4134 et

186 4161 252 4218 S.
285 4162 610 4235 Polycarpus
636 4166 916 4236 presbyter
953 4170 1265 4238 baptizavit.

265 4271 405 4328 Obiit
435 4275 758 4344 Angilelmus
786 4277 1075 4346 episwpus,
1107 4282 1198 4350 qui
1225 4280 1364 4333 dedit
1389 4279 1584 4345 villam,
1610 4282 1695 4334 cui

189 4361 510 4419 Puicerenus
553 4383 737 4421 nomen
772 4377 868 4431 est,
897 4369 1125 4436 fratrum
1157 4370 1525 4423 canonicorum
1554 4371 1696 4423 scili-

1873 3255 2052 3311 natale
2076 3253 2134 3309 8.
2169 3254 2426 3310 Thuriavi
2445 3253 2682 3324 episcopi
2722 3261 2777 3308 et
2805 3253 3153 3308 confessoris.
3185 3253 3242 3306 In
3266 3253 3379 3308 An-

1874 3347 2117 3403 thiocbia
2138 3346 2322 3414 passio
2348 3345 2411 3400 8.
2447 3345 2753 3415 Margaritae
2775 3344 3020 3415 virginis.
3049 3343 3105 3397 lu
3143 3343 3378 3399 Alexan-

1869 3437 1984 3492 dria
2014 3435 2326 3505 Serapionis
2346 3445 2400 3489 et
2425 3435 2731 3505 Trophimi.

1801 3524 1982 3582 Pridie
2007 3526 2130 3580 ldus
2159 3525 2308 3582 Julii.
2341 3525 2526 3580 Romae
2573 3525 2750 3580 natale
2805 3525 2862 3580 S.
2911 3524 3154 3579 Anacleti
3205 3539 3375 3594 papa.

1859 3615 2014 3684 Apud
2043 3613 2274 3668 Pontum
2298 3613 2480 3667 natale
2508 3613 2566 3685 8.
2583 3613 2739 3668 Pocae
2759 3613 2996 3681 episcopi
3020 3621 3074 3668 et
3096 3615 3371 3681 martyris.

1868 3703 2196 3758 Alexandria
2226 3703 2492 3773 depositio
2507 3703 2566 3757 S.
2589 3702 2825 3758 Eraclea:
2851 3701 3131 3756 antistitis.
3159 3700 3376 3771 Lugdu-

1867 3809 1938 3851 uo
1964 3793 2153 3849 Gallia
2175 3792 2233 3848 S.
2261 3792 2398 3848 Justi
2428 3794 2664 3863 episcopi
2694 3802 2748 3848 et
2771 3791 3123 3848 confessoris.

1939 3884 2080 3939 Obiit
2107 3882 2426 3939 Gualdricus
2468 3883 2622 3938 levita
2657 3895 2704 3938 et
2755 3883 3036 3940 canonicus
3068 3885 3234 3938 sancti
3259 3882 3374 3940 Ste-

1865 3975 2027 4044 phani
2054 3985 2101 4030 et
2124 3974 2284 4029 abbas
2311 3974 2481 4028 sancti
2498 3974 2732 4028 Eusebii.

1796 4084 1918 4141 ldus
1947 4083 2074 4141 Julii
2109 4084 2162 4138 in
2187 4083 2510 4138 Alexandria
2535 4081 2631 4137 SS.
2665 4082 2911 4153 Philippi,
2945 4084 3196 4149 Zenonis,
3236 4083 3370 4137 Nar-

1860 4178 1961 4242 sei,
2014 4185 2071 4232 et
2122 4177 2308 4231 decem
2340 4174 2632 4230 lnfantum.
2684 4174 2852 4229 Nisibi
2887 4175 3064 4230 natale
3094 4175 3153 4230 S.
3185 4175 3369 4230 Jacobi

1864 4267 2101 4336 episcopi
2130 4276 2183 4321 et
2207 4281 2414 4338 magnae
2435 4266 2650 4320 virtutis
2681 4266 2802 4320 viri.
2825 4266 3118 4336 Cartagine
3145 4264 3245 4320 SS.
3272 4264 3374 4319 Ca-

1866 4357 2023 4411 tulini
2052 4357 2290 4423 diaconi,
2321 4355 2590 4422 Januarii,
2614 4355 2893 4422 Florentii,
2921 4356 3075 4410 Julia!
3105 4365 3159 4411 et
3182 4354 3369 4421 Justte,

188 4464 264 4507 cet
311 4455 602 4522 stipendiis.
651 4455 754 4509 Res
798 4457 954 4510 etiam
1003 4474 1119 4526 quae
1145 4473 1209 4511 ex
1227 4457 1352 4526 jure
1390 4459 1599 4526 proprio
1644 4457 1693 4510 ei

1859 4448 1950 4515 qui
1983 4455 2107 4501 sunt
2135 4449 2296 4516 positi
2345 4449 2396 4501 in
2451 4448 2671 4503 basilica
2717 4448 2923 4503 Fausti.
2988 4447 3373 4518 Hierosolymis

188 4554 448 4596 cesserant
475 4554 582 4596 tam
602 4544 657 4595 in
686 4542 915 4610 Biliaco,
938 4563 1095 4613 quam
1121 4545 1174 4598 in
1196 4545 1386 4598 Annau
1422 4561 1536 4597 cum
1576 4561 1688 4598 ser-

187 4633 461 4699 uientibus,
484 4634 785 4688 earumdem
812 4635 991 4691 usibus
1015 4636 1290 4707 delegavit.

113 4747 235 4804 Vill
257 4749 380 4804 ldus
405 4749 552 4805 Julii.
581 4751 736 4824 Apud
782 4752 964 4808 Asiam
1014 4754 1072 4808 S.
1103 4755 1312 4824 Aquila:
1335 4763 1388 4808 et
1412 4754 1690 4820 Priscillae,

183 4837 252 4892 de
273 4839 469 4906 quibus
523 4842 574 4894 in
629 4841 852 4897 Actibus
893 4844 1257 4913 apostolorum
1316 4846 1589 4900 scribitur.
1637 4846 1689 4899 In

189 4928 480 4985 Palaestina
506 4932 687 4988 natale
709 4931 767 4988 S.
802 4933 1050 5003 Procopii
1082 4936 1353 5008 martyris.
1383 4937 1536 5005 Apud
1563 4937 1694 4990 Era-

187 5018 360 5073 cleam
385 5019 484 5075 SS.
517 5019 780 5077 Johannis
807 5030 862 5078 et
888 5023 1036 5093 Apri.
1070 5024 1186 5093 Ipso
1214 5025 1298 5078 die
1329 5024 1386 5080 8.
1437 5025 1688 5084 Ceciliani

181 5112 460 5182 martyris.

110 5219 206 5275 νη
243 5222 367 5277 ldus
395 5223 540 5278 Julii.
577 5225 759 5280 Roma:
787 5227 852 5280 ad
889 5225 1108 5282 Guttam
1134 5228 1336 5297 iugiter
1380 5237 1686 5282 manantem

187 5311 372 5366 natale
403 5312 460 5368 S.
493 5314 724 5368 Zenonis
756 5324 811 5369 et
838 5316 1064 5370 aliorum
1103 5317 1288 5372 decem
1324 5319 1552 5372 millium
1591 5319 1690 5373 du-

183 5407 470 5457 centorum
499 5403 680 5457 trium.
717 5403 920 5458 Eodem
950 5404 1039 5459 die
1062 5406 1202 5460 beati
1243 5406 1426 5477 Cyrilli
1455 5408 1690 5477 episcopi

181 5497 241 5544 et
267 5493 540 5563 martyris.
568 5493 626 5548 ln
652 5494 872 5550 civitate
903 5493 1076 5566 Tyria:
1109 5495 1287 5552 natale
1315 5495 1371 5551 S.
1394 5497 1692 5553 Anatholite

182 5583 462 5651 martyris,
496 5594 551 5639 et
581 5586 638 5639 8.
673 5585 899 5641 Audatis
921 5587 1192 5656 martyris.
1224 5589 1280 5642 In
1308 5587 1529 5643 civitate
1555 5588 1692 5644 Mar-

185 5669 370 5725 .tulana
405 5673 580 5746 natale
611 5673 669 5728 S.
720 5675 914 5732 Briccii
961 5676 1199 5746 episcopi
1248 5686 1302 5733 et
1344 5677 1686 5738 confessoris.

1865 4536 2056 4591 divisio
2082 4552 2162 4590 xu
2190 4538 2551 4606 apostolorum
2581 4539 2647 4591 ad
2669 4530 3100 4606 praedicandum.

1937 4648 2075 4702 Obiit
2098 4648 2264 4701 Jonas
2292 4648 2534 4700 sacerdos
2564 4657 2610 4699 et
2639 4647 2920 4699 canonicus
2943 4645 3070 4697 almi
3091 4643 3354 4713 Stephani,

1865 4739 2125 4809 complens
2170 4739 2439 4809 prwsentis
2485 4740 2599 4792 uiue
2657 4737 2906 4802 debitum,
2944 4746 3156 4792 ovanter
3202 4738 3366 4792 emisit

1864 4831 2125 4899 spiritum.

1803 4937 1941 4992 XVII
1992 4938 2214 4993 Kalend.
2257 4936 2505 5007 Augusti.
2535 4936 2590 4990 1n
2635 4936 2854 4990 civitate
2880 4929 3070 4990 Hostia
3095 4935 3273 4990 natale
3309 4934 3364 4988 S.

1865 5027 2089 5081 llilarini
2138 5024 2413 5094 martyris.
2449 5025 2602 5093 Apud
2624 5023 2967 5078 Antiochiam
3000 5023 3168 5094 Syriae
3193 5023 3367 5074 natale

1862 5116 1920 5171 S.
1955 5115 2230 5170 Eustachii
2257 5113 2495 5184 episcopi
2537 5123 2588 5166 et
2619 5112 2965 5170 confessoris.
3008 5113 3072 5166 Et
3104 5109 3230 5165 alibi
3264 5107 3362 5162 SS.

1868 5203 2160 5271 Valentini,
2196 5203 2236 5257 Τ
2243 5204 2400 5258 heoni
2424 5214 2476 5257 et
2508 5203 2796 5272 Dyocletis.

1797 5315 1911 5370 XVI
1941 5315 2167 5374 Kalend.
2197 5315 2336 5384 Aug.
2357 5315 2414 5369 In
2434 5315 2724 5385 Cartagine
2746 5312 2922 5368 natale
2946 5309 3045 5366 SS.
3067 5316 3365 5380 martyrum

1865 5407 2313 5461 Schillitanorum
2342 5420 2567 5461 numero
2601 5419 2676 5459 xu
2705 5400 3074 5458 Autissiodero
3103 5398 3364 5468 depositio

1859 5497 1922 5552 Β.
1958 5497 2250 5553 Theodosii
2277 5496 2516 5568 episcopi
2547 5506 2601 5551 et
2629 5493 2973 5552 confessoris.

1793 5586 1886 5641 XV
1916 5586 2143 5642 Kalend.
2174 5587 2314 5659 Aug.
2338 5587 2523 5644 Romae
2545 5586 2726 5656 passio
2754 5590 2960 5653 septem
2984 5594 3362 5654 germanorum

1860 5679 2030 5748 Petri,
2056 5679 2408 5748 Marcelliani,
2459 5679 2722 5750 Dionysii,
2755 5676 3016 5744 Januarii,
3064 5672 3360 5747 Symphro-
