3992 5350
665 255 806 316 1255
1522 216 1835 329 ἏᾹΡΡΕΝΙ).
1857 271 1947 328 AD
1988 273 2158 333 SEC.
2180 276 2241 332 Χ.

2241 316 2251 332 .
2290 309 2360 322 --
2389 277 2816 338 MONUMENTA
2842 283 3118 343 LlTURG.
3722 302 3817 362 ιιδι

633 426 649 431 ,,
732 373 824 434 nii,
852 372 1146 433 Clementis
1174 385 1228 434 et
1257 377 1513 451 Hyrenei.
1570 382 1801 439 Civitate
1843 383 2023 442 Mettis
2053 388 2232 444 natale
2258 395 2341 465 An
2397 391 2587 446 cardus
2614 392 2773 449 abbas
2809 396 2976 449 sancti
3019 395 3267 453 Germani
3294 398 3357 453 ab
3394 402 3491 457 hac
3517 403 3613 460 vita
3643 410 3818 472 stillas;

737 463 796 520 8.
826 467 1035 523 Arnum
1065 470 1299 541 episcopi
1327 482 1382 527 et
1404 474 1750 533 confessoris.
2060 534 2063 535 ν
2335 463 2339 465 ν
2403 492 2497 538 est.

664 551 780 608 le
808 554 1036 611 Kalend.
1065 534 1200 630 Aug.
1244 534 1398 631 Apud
1446 563 1720 620 civitatem
1773 564 2012 624 Colossis
2057 534 2235 628 natale
2334 534 2653 633 IVVKalend.
2698 578 2838 651 Aug.
2865 578 3052 639 Romae
3085 583 3170 638 via
3208 583 3422 641 Aurelia
3470 589 3719 651 translatio
3738 610 3818 652 cor-

726 644 870 699 beati
895 647 1119 751 Epafrte
1167 651 1402 720 episcopi
1445 662 1500 706 et
1528 656 1803 725 martyris.
1843 656 1998 726 Apud
2040 658 2234 730 Hispa-
2402 669 2551 737 poris
2598 668 2738 724 beati
2786 644 2982 729 lt‘elicis
3019 662 3254 744 episeopi
3300 644 3818 751 et.martyris,wquiviv

721 734 864 787 niam
893 734 1095 805 Hispali
1129 738 1348 794 civitate
1379 742 1558 798 natale
1598 742 1695 799 SS.
1738 745 1906 802 Iusta:
1945 756 1999 802 et
2027 748 2232 805 Rufina:
2400 734 2525 813 ldus
2570 758 2887 816 Novembris
2924 734 3514 835 martyrio-coronatus
3537 734 3649 826 test.

719 824 980 892 martyrio
1001 837 1406 884 coronatarum.
1428 830 1629 887 Eodem
1653 833 1742 889 die
1771 836 1951 891 natale
1976 835 2035 890 8.
2059 838 2230 907 patris
2371 847 2486 902 ~die
2525 858 2833 905 sanctorum
2879 824 3177 923 martyrum
3226 855 3521 927 Simplicii,
3553 860 3754 917 Faustini
3782 877 3820 919 et

716 915 886 969 nostri
916 915 1131 972 Arsenii
1161 921 1411 975 monachi
1431 931 1485 977 et
1507 923 1858 991 confessoris,
1887 929 1981 997 qui
2005 937 2230 998 propter
2400 937 2459 992 8.
2485 938 2750 997 Beatricis
2777 915 3252 1014 lnartyris'sororis
3272 915 3480 1007 eorum.
3508 949 3686 1008 Treeas
3705 955 3814 1025 dape

724 1007 1113 1064 abundantiam
1144 1011 1507 1084 lacrymarum
1534 1017 1809 1079 sudarium
1852 1018 1903 1072 in
1934 1021 2057 1073 sinu
2084 1035 2229 1075 sem-
2397 1028 2521 1083 sitio
2544 1028 2602 1083 8.
2636 1030 2769 1099 Lupi
2794 1007 3029 1102 episcopi
3057 1044 3114 1088 et
3152 1037 3498 1092 confessoris.
3538 1039 3656 1094 lteln
3688 1007 3818 1099 Heiu

723 1110 822 1165 per
844 1096 1071 1153 ferebat.
1103 1100 1365 1171 Lugduno
1408 1104 1593 1160 Gallias
1635 1107 1812 1161 sancti
1858 1107 2067 1164 Rustici
2101 1124 2229 1180 pre-
2394 1121 2573 1175 natale
2620 1122 2678 1174 Β.
2719 1096 3009 1192 Set-apinae
3059 1127 3283 1196 virginis
3323 1138 3379 1184 et
3419 1132 3676 1200 martyris,
3715 1096 3821 1201 alius

713 1186 919 1257 sbyteri
944 1198 1001 1243 et
1026 1190 1376 1248 confessoris.
2391 1209 2656 1264 celebrior
2681 1212 2798 1265 dies
2825 1186 3005 1283 agitur
3030 1231 3092 1269 ιιι
3125 1186 3303 1272 Nonas
3340 1186 3677 1287 Septembris:

642 1272 758 1329 Xlll
781 1275 899 1329 Kal.
951 1276 1089 1349 Aug.
1132 1279 1320 1336 Natale
1363 1281 1421 1337 8.
1468 1281 1693 1355 Ioseph,
1723 1286 1812 1354 qui
1851 1288 2224 1357 cogominatus
2358 1336 2389 1353 ,η
2461 1297 2799 1369 Ragenaldus
2827 1272 2986 1373 hujus
3020 1305 3315 1360 eccleslm...
3345 1272 3526 1361 eodem
3557 1272 3818 1365 diastema:

718 1377 802 1423 est
830 1369 1035 1425 Justus.
1068 1371 1300 1427 Civitate
1326 1375 1571 1431 Corduba
1626 1379 1802 1431 natale
1835 1379 1891 1434 8.
1924 1380 2075 1435 Pauli
2099 1382 2216 1437 dia-
2387 1390 2673 1457 pugnando
2700 1369 3000 1461 interfectus
3027 1405 3126 1453 est.
3162 1396 3359 1453 Eodem
3383 1396 3469 1450 die
3498 1395 3737 1468 Philippus
3757 1417 3818 1454 res

710 1458 830 1511 coni
861 1468 916 1513 et
946 1462 1218 1530 martyris.
1266 1462 1324 1515 In
1385 1462 1658 1520 Thebaida
1689 1465 1744 1519 S.
1783 1468 2032 1525 Victoris.
2065 1472 2216 1539 Apud
2387 1475 2718 1535 Francorum
2751 1458 2901 1537 obiit.
3414 1516 3422 1522 -

702 1546 1022 1604 Damascum
1047 1551 1144 1605 SS.
1173 1562 1470 1624 martyrum
1521 1554 1726 1619 Sabini,
1769 1559 2060 1628 Maximini,
2093 1578 2215 1617 cum
2314 1566 2377 1621 ΙΙΙ
2410 1567 2634 1623 Kalend.
2676 1572 2812 1640 Aug.
2874 1573 3059 1629 Romae
3108 1574 3208 1633 SS.
3260 1587 3560 1653 martyrum
3602 1578 3817 1639 Alidem!

708 1638 833 1694 aliis
853 1656 960 1694 xlv.
986 1643 1360 1701 Antissiodero
1392 1645 1450 1701 8.
1490 1647 1679 1703 Marini
1711 1652 2035 1722 presbyteri.
2244 1732 2283 1740 _
2358 1659 2601 1714 rSenncn
2638 1677 2699 1719 v.
2727 1638 2990 1720 Kalendas
3022 1666 3244 1737 Augusti
3288 1638 3818 1740 mar'tyrizatorum,“

634 1722 726 1782 Xll
756 1728 978 1787 Kalend.
1012 1734 1147 1805 Aug.
1182 1735 1377 1792 Obitus
1403 1738 1675 1795 Danihelis
1712 1743 2003 1811 prophetas.
2027 1743 2213 1801 Romae
2244 1732 2289 1790 Β
2387 1764 2445 1803 ιιι
2488 1749 2755 1809 Kalendas
2805 1754 3046 1823 ejusdem
3098 1722 3298 1813 mensis
3346 1722 3818 1832 sepultorumjpud

701 1822 880 1878 natale
908 1823 965 1878 S.
1006 1824 1253 1881 Praxidis
1302 1829 1552 1899 virginis.
1603 1830 1661 1885 In
1713 1832 1932 1888 civitate
1976 1833 2210 1891 Marsilia
2382 1838 2623 1895 Africam
2652 1843 2924 1902 civitatem
2971 1822 3569 1905 Lucernarialnnatale
3598 1850 3684 1905 SS.
3702 1822 3818 1922 viigi—

702 1913 883 1966 natale
912 1914 969 1969 8.
998 1915 1229 1971 Victoris
1249 1920 1525 1990 martyris.
1550 1919 1702 1977 Passi
1730 1932 1858 1979 sunt
1880 1933 2060 1979 autem
2083 1939 2206 1980 cum
2382 1946 2511 1986 num
2533 1940 2589 1986 et
2606 1942 2902 2004 martyrum
2926 1935 3195 2001 Maxime,
3219 1940 3504 1996 Donatillte
3523 1951 3577 1997 et
3598 1913 3815 1998 Secunda.

699 2017 765 2057 eo
785 2011 897 2059 tres
920 2005 1139 2073 milites,
1164 2008 1490 2076 Alexander,
1509 2011 1817 2069 Felicianus
1836 2024 1890 2070 ct
1912 2015 2205 2087 Longinus.
2350 2063 2357 2067 .
2380 2022 2759 2081 Autissiodero
2777 2024 3051 2096 depositio.
3074 2028 3134 2084 S.
3161 2029 3285 2085 Ursi
3325 2033 3567 2104 episcopi
3595 2043 3641 2088 et
3663 2032 3819 2089 confes-

701 2096 902 2154 Trecas
926 2102 1107 2169 passio
1142 2102 1199 2156 S.
1229 2102 1383 2158 Julia:
1410 2104 1651 2175 virginis.
2381 2114 2539 2167 soris.

768 2190 898 2260 Ipso
915 2193 1000 2247 die
1031 2194 1154 2248 obiit
1175 2194 1435 2257 Robcrtus
1458 2214 1550 2252 rex
1571 2197 1836 2255 Francia.
2306 2202 2488 2259 Pridie
2531 2203 2755 2260 Kalend.
2786 2205 2924 2278 Aug.
2956 2209 3109 2279 Apud
3145 2210 3461 2266 Ravennam
3492 2213 3648 2268 ltalite
3680 2212 3818 2267 αἰτίαν

626 2277 695 2333 XI
726 2278 948 2335 Kalend.
991 2282 1131 2351 Aug.
1175 2282 1364 2339 Natale
1402 2284 1460 2340 S.
1512 2286 1694 2342 Maria:
1739 2288 2090 2359 Magdalenaa,
2139 2292 2206 2348 de
2336 2342 2341 2343 κ
2379 2303 2486 2349 tem
2531 2297 2791 2353 transitus
2841 2277 2897 2353 8.
2945 2277 3201 2356 ϐέτιηίιιιί
3249 2303 3494 2373 episcopi
3543 2304 3816 2360 Autissiode-

694 2386 824 2440 qua,
852 2381 907 2425 nt
932 2373 1281 2444 Evangelium
1311 2376 1500 2443 refert,
1529 2390 1732 2449 septem
1755 2381 2018 2437 daemonia
2046 2381 2205 2451 ejecit
2334 2374 2337 2375 ⁷
2375 2386 2568 2441 rensis.
2599 2386 2754 2456 Apud
2788 2388 3089 2444 Caesaream
3119 2391 3294 2447 sancti
3323 2391 3485 2446 Fabii
3514 2393 3753 2462 martyris.

692 2464 972 2519 Dominus.
1006 2466 1222 2537 Ancyra
1253 2467 1477 2524 Galatiae
1506 2471 1685 2525 natale
1708 2471 1764 2526 S.
1797 2472 2039 2530 Platonis
2059 2490 2203 2530 mar—
2441 2476 2643 2532 Eodem
2668 2478 2753 2532 die
2781 2478 3074 2536 Ludovicus
3104 2498 3195 2535 rex
3218 2481 3469 2537 Francia
3498 2484 3640 2537 obiit.

693 2554 851 2624 tyris.
879 2553 1141 2612 Coenobio
1184 2558 1495 2615 Fontenella
1539 2562 1808 2631 depositio
1846 2563 1904 2619 8.
1938 2565 2207 2622 Wandrev-
2898 2570 3291 2627 AUGUSTUS.

693 2644 842 2711 gcsdi
870 2646 1197 2702 confessoris
1221 2656 1277 2703 et
1302 2649 1531 2704 abbatis.
2300 2653 2571 2711 Kalendas
2601 2656 2850 2727 Augusti.
2882 2657 3068 2713 Romze
3097 2659 3155 2714 S.
3200 2659 3421 2715 Petrum
3457 2661 3523 2717 ad
3554 2660 3751 2717 vincula.
3774 2658 3815 2713 ln

625 2731 671 2785 Χ
705 2731 927 2789 Kalend.
977 2736 1113 2807 Aug.
1147 2737 1303 2808 Apud
1332 2738 1642 2795 Ravennam
1673 2742 1856 2798 natale
1896 2742 1954 2799 S.
1998 2745 2207 2815 Apolli-a
2367 2744 2654 2800 Antiochia
2693 2747 2875 2816 passio
2917 2747 3017 2803 SS.
3054 2749 3488 2806 Macllabteorum
3532 2762 3715 2822 septem
3738 2751 3817 2806 fra-

694 2824 840 2879 naris
868 2825 1103 2896 episcopi
1132 2836 1186 2881 et
1224 2832 1499 2900 martyris.
1530 2829 1629 2886 Hic
1654 2831 1839 2887 Romae
1860 2835 2137 2891 ordinatus
2164 2852 2203 2889 τι.
2369 2841 2510 2896 trum
2541 2851 2660 2890 cum
2685 2846 2858 2891 matre
2891 2852 3010 2901 sua,
3041 2838 3131 2908 qui
3157 2839 3301 2908 passi
3323 2850 3455 2894 sunt
3484 2841 3582 2895 sub
3602 2841 3818 2895 Antiocho

691 2914 851 2969 beato
876 2915 1037 2971 Petro
1076 2919 1318 2988 apostolo
1350 2919 1663 2977 Ravennam
1708 2924 1946 2981 directus
1969 2938 2072 2991 est,
2104 2927 2198 2983 ibi-
2367 2938 2515 2999 rege.
2544 2923 2602 2995 In
2634 2924 2785 2979 Italia
2815 2923 3074 2988 Vercellis
3103 2928 3324 2982 civitate
3354 2930 3541 2986 natale
3567 2928 3620 2983 S.
3645 2929 3811 2983 Eusebii

691 3020 796 3075 (ιιιθ
836 3023 1048 3077 PaSSltS-
1250 3058 1253 3059 ν
2368 3013 2604 3083 episcopi
2649 3024 2703 3069 et
2748 3016 3024 3085 martyris.
3081 3015 3310 3072 Civitate
3352 3018 3704 3088 Philadelphia
3739 3017 3810 3071 SS.

620 3095 691 3161 IX
712 3094 987 3155 Kalendas
1009 3102 1147 3173 Aug.
1170 3104 1325 3173 Apud
1351 3104 1681 3163 Hemeritam
1709 3108 1980 3180 Hispania:
2004 3110 2192 3166 civita-
2220 3090 2267 3153 (ἶ
2366 3117 2665 3178 martyrum
2699 3117 2902 3178 septem
2933 3124 3038 3163 una
3067 3108 3154 3165 die
3183 3119 3588 3165 coronalomﬂl-
3615 3109 3813 3175 Εετυηάι

687 3197 797 3244 tem
825 3192 1000 3246 natale
1029 3192 1089 3249 8.
1125 3196 1359 3251 Victoris
1398 3200 1655 3269 martyris
1679 3216 1802 3255 cum
1844 3202 2054 3258 duobus
2085 3203 2189 3258 fra-
2359 3197 2577 3252 civitate
2603 3198 2781 3252 natale
2805 3198 2862 3253 S.
2882 3198 3076 3254 Felicis
3099 3200 3646 3300 principni-ma—rtyr‘is.
3673 3198 3811 3300 Rnomf

683 3280 876 3334 tribus.
906 3282 959 3335 ln
984 3283 1134 3338 Italia
1159 3286 1377 3341 civitate
1406 3288 1568 3358 Tyro,
1594 3305 1712 3359 quae
1732 3301 1816 3345 est
1843 3293 1989 3348 circa
2016 3293 2190 3349 lacum
2361 3284 2465 3341 SS.
2490 3287 2756 3356 Virginum
2802 3298 2856 3343 ει
2900 3296 3200 3368 martyrum
3239 3291 3389 3361 Spei,
3436 3292 3585 3348 Fidei
3613 3302 3661 3346 et
3693 3290 3808 3345 Cari-

687 3366 993 3435 Vulsinum,
1032 3374 1209 3428 natale
1249 3374 1308 3428 S.
1343 3375 1630 3432 Cllristinae
1654 3379 1878 3449 virginis
1906 3389 1960 3435 et
1989 3393 2192 3453 marty-

1794 3381 1878 3434 nis
1906 3389 1960 3435 et
1989 3393 2192 3453 marty-
2360 3378 2513 3443 tatis,
2533 3388 2590 3434 et
2610 3379 2801 3435 matris
2827 3397 3016 3436 carum
3041 3366 3365 3453 Sapientire.

685 3459 783 3513 ris.
814 3460 1014 3516 Eodem
1046 3463 1132 3518 die
1159 3464 1338 3519 natale
1366 3465 1465 3520 SS.
1504 3466 1703 3523 Nicena
1733 3478 1788 3524 et
1812 3471 2037 3540 Ατμιίιπ,
2069 3489 2190 3542 qua;
2286 3466 2353 3521 ιν
2389 3467 2571 3524 Nonas
2598 3472 2735 3541 Aug.
2769 3471 2955 3527 Romae
2984 3474 3036 3527 ill
3060 3474 3327 3528 cimiterio
3364 3474 3555 3528 Calisti
3578 3474 3651 3526 via
3675 3470 3807 3541 Appia

659 3551 928 3621 .martyrii
974 3552 1206 3622 palmam
1247 3556 1442 3625 capitis
1479 3558 1810 3614 abscissione
1853 3572 2182 3616 meruerunt.
2356 3559 2535 3614 natale
2563 3560 2737 3614 sancti
2784 3560 3044 3636 Stephani
3072 3578 3221 3633 papae
3245 3573 3301 3619 et
3329 3564 3608 3635 martyris.
3634 3563 3681 3616 ln
3709 3576 3805 3631 pro—

615 3637 725 3695 Vlll
757 3640 1023 3698 Kalendas
1055 3645 1302 3715 Augusti.
1330 3645 1517 3703 Natale
1556 3649 1699 3703 beati
1731 3650 1913 3706 Jacobi
1959 3653 2183 3722 apostoli

2354 3650 2530 3704 vincia
2574 3650 2805 3705 Bithinia
2851 3654 2984 3708 urbe
3035 3652 3212 3708 Nicaea
3261 3654 3445 3708 natale
3473 3654 3532 3709 S.
3566 3652 3806 3707 Tbeodotc

675 3732 859 3787 fratris
881 3732 1143 3792 Johannis
1176 3738 1540 3809 evangelista»,
1585 3755 1745 3808 quem
1773 3742 2057 3798 decollavit
2080 3743 2185 3799 He-
2355 3754 2478 3794 cum
2512 3740 2682 3795 tribus
2716 3741 2842 3797 filiis
2870 3744 2982 3798 suis
3009 3743 3393 3814 martyrizataz.
3427 3745 3500 3798 Et
3529 3745 3579 3799 ill
3604 3743 3729 3797 Italia
3748 3740 3807 3794 ci-

677 3822 859 3878 rodes.
889 3823 944 3878 In
980 3826 1127 3881 Licia
1163 3829 1381 3884 civitate
1417 3830 1616 3884 Samon
1646 3833 1826 3887 natale
1855 3833 1912 3888 S.
1944 3835 2185 3891 Christo-
2354 3830 2523 3884 Vilale
2554 3832 2767 3886 Verona
2815 3832 2998 3901 natale
3044 3833 3101 3889 S.
3133 3834 3348 3889 Felicis.
3392 3834 3464 3888 Et
3506 3833 3623 3889 alibi
3667 3829 3805 3886 Ilame

676 3912 834 3997 phori
864 3917 1142 3988 martyris.
1184 3918 1415 3975 Civitate
1443 3921 1741 3979 Barcinona
1772 3925 1952 3995 passio
1982 3926 2043 3980 S.
2071 3927 2179 3982 Cu-

2351 3922 2523 3976 sancti
2551 3921 2744 3976 Niceti.
3789 4008 3798 4018 ι

676 3996 944 4072 cupllatis.
973 4004 1159 4062 Romae
1184 4006 1419 4065 Nemesii
1447 4011 1659 4067 diaconi
1682 4023 1735 4069 et
1762 4017 2041 4087 martyris.
2209 4042 2216 4051 ν
2280 4014 2346 4069 lll
2384 4015 2564 4071 Nonas
2591 4018 2728 4088 Aug.
2758 4017 3145 4089 Hierosolymis
3170 4016 3410 4072 inventio
3436 4014 3668 4093 corporis
3694 4008 3801 4066 beati

604 4090 693 4147 Vll
721 4092 946 4148 Kalend.
971 4097 1107 4166 Aug.
1137 4096 1328 4154 Natale
1353 4101 1495 4156 beati
1528 4101 1762 4169 Hcrasti,
1794 4106 1884 4172 qui
1917 4105 2178 4177 Philippis
2350 4105 2608 4175 Stephani
2652 4109 3065 4179 protomartyris
3108 4108 3310 4163 Christi
3340 4149 3356 4174 ,
3405 4115 3461 4162 et
3508 4090 3606 4160 88.
3650 4103 3801 4158 Gama-

673 4198 706 4238 a
749 4184 906 4240 beato
946 4186 1115 4241 Paulo
1161 4190 1404 4258 apostolo
1436 4192 1736 4259 ordinatus,
1799 4195 1873 4250 ibi
1910 4196 2176 4268 'martyrio
2326 4195 2550 4262 ilibelis,
2580 4196 2857 4252 Nicodemi
2895 4207 2950 4253 et
2974 4192 3534 4291 Abiboniltomae‘via
3565 4194 3710 4291 Appia
3731 4202 3802 4291 tta-

652 4281 965 4341 ,coronatus
992 4274 1215 4342 quievit.
1259 4276 1441 4332 Romae
1485 4280 1537 4334 in
1569 4279 1731 4336 Porto
1772 4283 1953 4339 natale
1994 4285 2051 4340 8.
2085 4286 2178 4342 Ja-
2348 4287 2454 4342 tale
2481 4286 2539 4341 8.
2574 4287 2828 4342 Tbarsitii
2872 4290 3149 4359 martyris.
3178 4286 3553 4357 Augustiduno
3587 4278 3801 4353 depositio

670 4359 835 4414 cincti
860 4362 1133 4433 martyris.
1162 4363 1292 4418 Item
1323 4365 1507 4422 Romae
1533 4370 1615 4423 via
1648 4370 1835 4426 Latina
1860 4385 2168 4432 sanctorum
2206 4427 2248 4450 ,Χ
2348 4378 2571 4435 Enfroni
2601 4379 2835 4450 episcOpi
2867 4390 2920 4435 et
2947 4379 3292 4435 confessoris.

672 4462 969 4521 martyrum
1005 4430 1370 4525 'Symphronii
1397 4498 1412 4524 ,
1462 4458 1732 4532 Olympii,
1797 4463 2055 4522 Theodoll
2205 4430 2251 4484 Ι)
2953 4430 3331 4524 *ιξᾷξῆἐέ
3360 4467 3696 4559 Laurentium
3718 4473 3795 4559 tif

667 4537 966 4611 Εκιιρετὶω.
2346 4558 2450 4613 tale
2490 4558 2547 4613 8.
2593 4537 2789 4613 Justini
2828 4559 3151 4628 presbyteri.
3191 4558 3392 4613 Eodem
3426 4559 3515 4612 die
3547 4555 3672 4610 beati
3706 4549 3798 4604 Ari-

600 4626 666 4681 Vl
701 4628 923 4693 Kalend.
956 4636 1092 4708 Aug.
1122 4638 1276 4709 Apud
1297 4640 1663 4701 Nicomediam
1687 4649 1960 4707 civitatem
1988 4653 2168 4707 natale
2343 4651 2544 4706 starchi
2574 4626 2909 4720 discipulis.
2941 4626 3090 4703 Pauli
3121 4650 3372 4718 apostoli,
3414 4650 3503 4717 qui
3546 4646 3637 4700 fuit
3662 4642 3795 4694 rues.

673 4717 731 4772 S.
775 4721 1074 4796 Hermelagi
1117 4732 1420 4803 presbyteri
1460 4742 1515 4790 et
1555 4741 1827 4808 martyris,
1871 4742 2024 4811 cujus
2067 4738 2165 4799 do-
2343 4717 2756 4796 salonicensium
2788 4740 3090 4810 cpiSCOPUS-
3122 4717 3390 4794 Romani!
3419 4746 3601 4808 (Ἡρη
3624 4736 3796 4788 Am’

668 4810 841 4865 ctrina
885 4815 1077 4872 beatus
1119 4818 1410 4879 Pantaleon
1443 4826 1506 4880 ad
1540 4826 1695 4883 ﬁdem
1727 4810 2018 4895 converSus
2059 4844 2161 4890 est.
2341 4831 2421 4884 ria
2451 4831 2592 4884 beati
2614 4829 2928 4884 Tertulliani
2959 4830 3233 4900 martyris.

664 4897 731 4955 Et
774 4899 900 4956 alibi
936 4906 1115 4960 natale
1138 4919 1446 4966 sanctorum
1484 4930 1583 4980 xu,
1625 4931 1852 4986 quorum
1891 4931 2041 4990 gesta
2066 4923 2162 4977 ba-
2415 4919 2556 4975 Obiit
2583 4919 2844 4975 Henricus
2870 4936 2963 4975 rea:
2988 4897 3337 4974 Francorum.
3372 4918 3566 4974 Eodem
3589 4916 3666 4968 die
3683 4910 3795 4966 Gal-

663 4986 878 5049 bentur.
919 4994 975 5049 ln
1007 4995 1188 5051 Sicilia
1222 5000 1362 5056 beati
1391 5001 1659 5062 Simeonis
1682 4986 1951 5066 monachi.
1984 5012 2163 5069 Autis-
2342 5010 2513 5080 fridus
2544 5026 2712 5065 comes
2748 5009 3128 5074 Cabilonensis,
3162 5010 3322 5079 hujus
3349 5008 3576 5063 ecclesia:
3603 5011 3792 5060 cntutu.

668 5079 864 5137 sioderi
886 5083 1030 5140 beati
1062 5084 1332 5143 Hethereii
1358 5094 1593 5163 episcopi
1623 5104 1679 5150 et
1708 5099 2052 5156 confessoris.
2316 5083 2479 5171 apud
2507 5110 2737 5155 castrum
2776 5117 2930 5155 suum
2969 5096 3292 5155 Donziacum
3334 5099 3614 5155 monachus
3654 5097 3792 5166 facit“

594 5166 636 5219 V
672 5168 893 5228 Kalend.
936 5176 1071 5246 Aug.
1118 5177 1425 5236 Nicomedia
1469 5186 1651 5252 passio
1693 5188 1750 5241 S.
1795 5188 2159 5249 Pantaleonis.
2341 5166 2484 5247 obiit.

663 5257 932 5294 R’:.ﬂnll:e\
981 5266 1189 5294 ΜῗηΑ-ιι
1252 5268 1374 5294 ΠΛ.-
1422 5271 1454 5294 Β
1508 5272 1658 5294 σμξμ--
1678 5290 1693 5293 4

3288 5281 3300 5294 Ι
3360 5282 3392 5294 ﬂ
3457 5282 3488 5294 n
