3992 6304
225 194 361 272 issi

1483 184 1978 244 MARTYROIDG.
2020 185 2396 246 ANTISSIOD.
3205 232 3207 234 .
3323 181 3460 239 ηδε

293 308 378 364 uia
402 302 880 372 Hierosolgmitana
907 298 1188 371 sepultura
1215 299 1441 355 traditus
1465 309 1558 354 est.
1591 295 1788 351 Eodem
1817 298 1868 356 Α
1961 296 2181 362 mentis,
2242 304 2292 368 et
2359 293 2477 349 aliis
2532 293 2848 349 ornamentis
2897 294 3011 363 ipse
3063 291 3202 346 diues
3253 288 3459 344 ditauit.

297 397 381 450 die
426 392 712 447 liuiuuldus
759 389 1008 445 Willelmi
1054 391 1256 445 comitis
1302 388 1445 458 filius
1492 388 1790 456 interfectus
1889 386 2070 442 Pridie
2092 388 2216 442 Idus
2236 385 2562 458 Augusti.ln
2579 383 2997 441 Siciliacivitate
3016 381 3255 451 Cathena
3282 379 3463 434 natale

220 495 508 647 Vlils‘ldus
555 571 694 641 Aug.
748 569 1176 638 Transtiguratio
1227 567 1437 624 Domini
1486 567 1539 621 in
1586 576 1787 622 monte.

296 666 482 721 Romae
509 662 686 718 natale
723 660 779 717 S.
813 661 950 716 Sixti
981 659 1224 728 episcopi
1253 668 1308 713 et
1351 659 1628 728 martyris,
1671 672 1793 710 cum

295 742 406 822 quo
435 755 577 823 passi
608 762 734 808 sunt
762 751 1130 807 Felicissimus
1153 759 1209 802 et
1230 747 1790 817 Agapitus'diacones,

238 864 240 866 ν
290 853 350 898 et
373 844 461 896 alii
489 852 701 912 quator,
736 842 786 896 id
810 851 895 896 est
941 837 1248 904 Ianuarius,
1294 838 1536 908 Magnus,
1566 836 1793 889 Vincen-

244 959 245 962 η
295 933 404 988 tius
426 941 479 988 et
503 933 810 1001 Stephanus
835 931 1216 994 subdiaconus,
1250 943 1314 983 ac
1342 929 1534 981 beatus
1560 924 1794 993 Quartus

293 1038 419 1079 cum
447 1023 547 1088 eis,
577 1030 632 1077 ut
679 1023 871 1078 scribit
901 1020 960 1077 S.
990 1021 1309 1092 Cyprianus.
1349 1017 1479 1094 Item
1522 1016 1707 1071 Romae
1734 1015 1792 1068 S.

291 1109 557 1166 Ormisda:
590 1125 759 1180 papae.

366 1200 505 1254 Obiit
555 1198 832 1255 Mam-inus
881 1201 1167 1271 episcopus,
1215 1198 1304 1270 qui
1348 1196 1488 1250 dedit
1527 1195 1806 1264 stipendiis

294 1289 518 1358 fratrum
542 1290 771 1360 agellum
799 1292 1129 1360 proprietatis
1151 1305 1282 1354 sum,
1311 1287 1462 1356 cujus
1489 1283 1795 1342 uocabulum

293 1389 366 1434 est
410 1379 627 1444 Villare,
663 1396 763 1434 non
787 1379 936 1449 longe
974 1397 1006 1433 a
1042 1378 1317 1433 Varaiaco.

215 1470 312 1526 VII
342 1470 466 1524 Idus
496 1470 739 1539 Augusti.
782 1470 934 1540 Apud
966 1468 1214 1524 Tusciam
1252 1467 1470 1524 civitate
1495 1463 1666 1518 Aritia
1695 1476 1795 1516 na-

294 1558 400 1613 tale
427 1557 485 1613 S.
519 1558 709 1632 Donati
741 1559 976 1627 episcopi
1007 1566 1060 1612 et
1095 1555 1368 1626 martyris.
1406 1554 1558 1622 Apud
1596 1551 1795 1606 Medio-

1965 475 2022 531 S.
2054 475 2208 546 Enpli
2256 476 2467 530 diaconi
2514 483 2568 528 et
2609 473 2882 544 martyris.
2929 472 3128 528 Eodem
3161 470 3249 525 die
3287 467 3462 524 natale

1965 564 2024 620 S.
2071 566 2288 620 Hilarius
2338 565 2594 636 martyris
2642 565 2832 618 matris
2877 563 2934 617 S.
2981 561 3144 626 Alne,
3190 575 3313 615 cum
3357 571 3461 626 qna

1964 672 2137 727 passm
2167 666 2292 712 sunt
2323 657 2513 727 Digna,
2547 657 2804 711 Eumenia
2836 664 2890 710 et
2919 653 3204 723 Euprepia.
3233 650 3464 706 Civitate

1961 746 2138 800 Filare
2161 747 2341 816 passio
2366 748 2421 800 S.
2455 747 2741 802 Gratiliani
2766 755 2819 800 et
2847 744 3194 799 Felicissimte
3214 740 3459 811 virginis.

2041 836 2179 890 Obiit
2210 836 2516 891 venerabilis
2554 837 2820 890 memoriae
2849 837 3094 905 magister
3119 831 3464 897 Gislebertus,

1971 926 2169 981 Veteris
2200 939 2246 980 et
2279 927 2414 982 Novi
2444 927 2758 981 Testamenti
2799 927 3056 997 glossator
3085 926 3325 990 eximius,
3373 923 3465 993 qui

1965 1014 2287 1069 Universalis
2333 1017 2514 1069 merito
2559 1026 2632 1069 est
2675 1016 2987 1086 appellatus,
3029 1015 3186 1084 hujus
3234 1013 3464 1066 ecclesia

1964 1108 2281 1173 canonicus,
2324 1108 2654 1176 postmodum
2703 1123 2820 1160 uero
2871 1105 3250 1159 Londoniensis
3294 1104 3466 1172 factus

1965 1199 2268 1268 episcopus;
2300 1200 2387 1270 qui
2425 1210 2613 1268 preter
2649 1209 2820 1252 cetera
2849 1215 2966 1268 qua:
3001 1196 3229 1251 ecclesia:
3274 1204 3466 1248 nostra

1966 1305 2030 1343 ea:
2078 1288 2270 1358 Anglia
2317 1289 2679 1343 transmiserat
2724 1298 3061 1353 ornamenta,
3111 1287 3373 1356 octoginta
3418 1294 3466 1338 et

1966 1379 2098 1432 duas
2134 1379 2296 1432 libras
2337 1379 2501 1432 eidem
2531 1379 2758 1433 ecclesite
2784 1378 3043 1432 contulit:
3090 1375 3308 1430 Fratres
3349 1390 3466 1430 vero

1965 1469 2086 1522 inde
2113 1469 2460 1536 possessiones
2499 1479 2738 1531 ementes,
2779 1468 3191 1521 anniversarium
3219 1465 3332 1535 ejus
3358 1465 3467 1519 sin-

1965 1561 2100 1629 gulis
2131 1561 2281 1615 annis
2310 1561 2558 1614 celebrari
2587 1561 2764 1615 devote
2797 1561 3196 1614 constituerunt.

289 1649 475 1704 Ianum
499 1647 555 1702 8.
580 1646 843 1702 Faustini.
866 1647 1048 1701 Romae
1067 1646 1247 1716 passio
1269 1653 1576 1700 sanctorum
1595 1656 1786 1695 xxvm.
1821 1650 1865 1709 Β
1893 1650 2015 1706 ldus
2049 1651 2296 1722 Αιιεηειί,
2329 1651 2513 1706 Romae
2553 1653 2639 1706 via
2682 1651 2979 1723 Tyburlina
3017 1649 3197 1704 "male
3227 1645 3286 1702 ε,
3317 1646 3465 1718 Hyp-

287 1739 444 1810 Apud
470 1740 687 1794 Cretam
719 1739 938 1793 civitate
967 1740 1207 1808 Augusta
1235 1737 1417 1807 passio
1446 1735 1504 1789 8.
1537 1732 1719 1787 All‘rzn.

364 1831 502 1887 Obiit
528 1832 902 1902 Ermenfredus
918 1833 1249 1903 praepositus,
1272 1832 1360 1901 qui
1376 1830 1518 1884 dedit
1539 1829 1793 1899 fratribus

287 1921 545 1992 pra'dium
583 1939 736 1974 suum
781 1939 936 1990 super
977 1923 1195 1990 fluvium
1235 1920 1431 1986 Balete,
1467 1929 1515 1974 et
1544 1921 1598 1972 in
1629 1917 1790 1988 Capi-

291 2012 432 2065 liaco
461 2023 508 2064 et
545 2011 597 2064 in
623 2028 756 2081 pago
798 2011 1054 2067 Senonico
1082 2023 1131 2067 et
1170 2013 1225 2066 in
1258 2012 1434 2066 Basau
1471 2011 1540 2065 ad
1571 2010 1654 2064 sui
1688 2025 1792 2063 me-

231 2139 234 2144 -
299 2101 523 2154 marium
554 2100 935 2156 celebrandam.

217 2188 289 2245 VI
332 2189 452 2243 ldus
492 2189 738 2258 Augusti.
771 2189 954 2246 Roma:
989 2190 1047 2245 S.
1083 2189 1292 2262 Cyriaci
1327 2188 1580 2260 martyris
1619 2187 1795 2244 socio-

289 2295 520 2350 rumque
551 2280 699 2361 ejus,
719 2273 825 2351 qui
852 2298 1040 2351 passus
1063 2291 1146 2338 est
1180 2299 1288 2338 xvn
1318 2281 1587 2337 Kalendas
1637 2283 1792 2351 Apri-

291 2374 400 2429 lis:
439 2375 542 2428 sed
572 2382 754 2443 postea
801 2376 994 2430 beatus
1033 2375 1318 2430 Marcellus
1362 2375 1646 2445 episcopus
1687 2391 1790 2429 una

289 2477 412 2518 cum
434 2463 746 2518 beatissima
766 2463 967 2519 Lucina
988 2465 1258 2520 transtulit
1281 2466 1334 2518 in
1355 2465 1614 2533 praedium
1637 2480 1791 2519 suum

295 2570 508 2612 sacrum
530 2571 726 2624 corpus
749 2557 886 2626 ejus.
901 2556 1212 2628 pariterque
1235 2573 1346 2611 xm
1369 2557 1636 2612 sociorum
1655 2555 1788 2624 ejus,

1964 1740 2114 1810 politi
2145 1741 2414 1811 martyris.
2441 1741 2605 1796 Passa
2630 1749 2714 1796 est
2740 1751 2920 1794 autem
2950 1740 3251 1796 Concordia
3281 1737 3461 1792 nutrix

1961 1828 2095 1897 ejus,
2127 1837 2182 1884 et
2207 1829 2294 1884 alii
2323 1830 2388 1884 de
2409 1831 2568 1886 domo
2591 1830 2709 1900 ejus
2733 1846 2844 1884 xix.
2878 1829 3154 1884 Forosilla:
3192 1828 3371 1882 natale
3402 1826 3462 1882 S.

1961 1919 2205 1979 Cassiani
2262 1921 2537 1994 martyris.
2590 1920 2826 1978 Pictavis
2875 1920 3138 1992 depositio
3185 1918 3245 1973 S.
3299 1917 3468 1972 Rade-

1967 2013 2162 2081 gundis
2189 2013 2408 2084 reginas.

2036 2104 2179 2158 Obiit
2211 2104 2536 2175 Norgaudus
2568 2103 2714 2158 miles
2739 2103 2796 2158 S.
2830 2104 3105 2174 Stephani.

1893 2193 2013 2249 XIX
2041 2195 2158 2249 Kal.
2185 2194 2534 2266 Septembris.
2563 2195 2752 2265 Vigilia
2775 2194 3142 2249 Assumtionis
3166 2191 3224 2246 8.
3253 2189 3460 2246 Mat-ire.

1966 2285 2065 2339 Via
2107 2284 2278 2353 Appia
2322 2285 2375 2337 in
2418 2284 2683 2338 cimiterio
2721 2282 2915 2338 Calixti
2956 2281 3220 2350 depositio
3263 2279 3322 2334 S.
3359 2279 3464 2331 Eu-

1963 2374 2097 2430 sebii
2141 2373 2438 2444 presbyteri
2477 2381 2532 2428 et
2573 2373 2918 2428 confessoris.
2959 2372 3116 2442 Apud
3159 2369 3463 2442 Aquileiam

1960 2465 2143 2534 passio
2174 2473 2485 2518 sanctorum
2512 2463 2706 2518 Felicis
2731 2472 2782 2516 et
2812 2463 3092 2516 Fortunati
3125 2461 3377 2518 fratrum.
3408 2460 3463 2514 In

1962 2557 2145 2614 Africa
2176 2557 2431 2613 Demetrii
2459 2572 2581 2611 cum
2611 2557 2728 2611 aliis
2759 2557 2964 2611 decem.

295 2660 458 2701 manu
506 2660 604 2699 sua
658 2647 958 2703 recondidit
1006 2662 1130 2702 cum
1194 2646 1526 2702 aromatibus
1571 2661 1668 2701 vm
1706 2645 1796 2699 die
1893 2648 2056 2704 XVII
2099 2647 2218 2703 Kal.
2274 2645 2626 2717 Septembris.
2675 2645 2950 2700 Assumtio
3002 2643 3362 2699 sanctissima:
3407 2650 3464 2696 et

293 2737 496 2791 mensis
528 2736 777 2805 Augusti,
827 2737 1040 2806 quando
1074 2744 1130 2791 et
1165 2736 1432 2791 celebrem
1470 2735 1588 2805 ejus
1640 2735 1792 2790 festio

287 2825 506 2879 vitatem
531 2825 737 2879 statuit.
771 2826 990 2880 Viennae
1015 2825 1074 2885 8.
1108 2824 1295 2880 Severi
1326 2825 1648 2897 presbyteri.

358 2913 560 2971 Eodem
605 2918 691 2970 die
721 2918 844 2971 obiit
875 2917 1131 2971 Heriueus
1161 2915 1500 2972 Nivernensis
1525 2919 1793 2987 episcopus

1962 2741 2363 2813 gloriosissima:
2405 2739 2500 2794 Dei
2550 2738 2826 2810 genitricis
2882 2736 3082 2792 Mariae.
3127 2735 3326 2790 Eodem
3378 2733 3464 2789 dio

1963 2831 2140 2888 natale
2178 2831 2235 2886 S.
2270 2829 2530 2885 Tharsitii
2562 2827 2799 2898 acolythi
2840 2837 2894 2882 et
2935 2826 3205 2896 martyris.
3246 2824 3312 2878 Et
3336 2822 3464 2878 alibi

1965 2921 2022 2978 8.
2048 2921 2265 2979 Eusebii
2297 2923 2572 2991 martyris.

289 3005 452 3074 hujus
502 3004 734 3059 ecclesiae
777 3006 1080 3059 canonicus.
1121 3003 1258 3060 Item
1303 3005 1429 3060 obiit
1476 3006 1576 3059 Ato
1621 3006 1790 3071 miles,
1819 3003 1865 3064 C
1894 3011 2035 3069 XVII
2062 3012 2182 3068 Kal.
2237 3011 2588 3083 Septembris.
2642 3010 2700 3065 In
2754 3009 2926 3064 Nicaea
2978 3010 3228 3064 Bitbiniaa
3285 3006 3466 3060 natale

232 3127 238 3136 -
290 3111 383 3165 pro
425 3095 574 3165 cujus
613 3097 791 3149 anima
838 3094 1190 3150 Humbaudus
1232 3095 1400 3166 frater
1441 3098 1556 3167 ejus
1596 3107 1791 3152 terram

289 3183 545 3239 Lonniaci
581 3202 736 3255 quam
766 3186 988 3260 tenebat,
1020 3185 1284 3242 canonicis
1313 3185 1372 3257 S.
1419 3186 1674 3258 Stephani
1712 3203 1792 3243 re-

291 3275 463 3345 liquit.
977 3345 980 3349 ‘

214 3366 266 3418 Υ
292 3365 412 3419 ldus
443 3365 685 3436 Augusti.
720 3365 906 3420 Romae
951 3365 1009 3420 S.
1039 3364 1269 3422 Romani
1295 3366 1504 3433 militis,
1532 3369 1622 3436 qui
1658 3383 1787 3424 con-

289 3451 524 3510 fessione
577 3454 635 3509 8.
692 3454 968 3509 Laurentii
1034 3463 1424 3524 compunctus,
1488 3456 1789 3526 baptizatus

285 3545 669 3615 martyrizatus
693 3554 796 3600 est.
827 3545 947 3615 Ipso
977 3544 1064 3600 die
1096 3545 1277 3616 vigilia
1308 3544 1368 3601 8.
1392 3545 1672 3602 Laurentii
1702 3564 1789 3604 ar-

289 3635 594 3689 chidiaconi
629 3643 683 3689 et
711 3637 984 3706 martyris.

360 3726 502 3780 Obiit
533 3726 788 3781 Salomon
832 3728 1116 3784 canonicus
1141 3737 1191 3783 et
1217 3728 1446 3784 decanus
1474 3732 1641 3784 sancti
1671 3731 1788 3788 Ste-

289 3814 469 3881 phani.

209 3905 282 3960 IV
321 3906 442 3963 ldus
469 3907 715 3979 Augusti.
748 3909 935 3966 Roma:
969 3912 1148 3967 natale
1177 3912 1233 3968 S.
1267 3913 1542 3970 Laurentii
1573 3915 1786 3970 diaconi

286 4005 342 4052 et
370 3999 645 4070 martyris.
687 3999 821 4055 Item
868 4001 1055 4057 Roma:
1100 4002 1331 4058 militum
1367 4016 1582 4060 centum
1633 4019 1786 4061 sesa-

285 4088 432 4160 ginta
462 4090 718 4160 quinque.

213 4175 282 4231 Ill
316 4176 438 4232 ldus
487 4179 737 4249 Augusti.
789 4181 975 4236 Romae
1021 4184 1107 4239 via
1151 4183 1420 4239 Lavicana
1467 4186 1611 4242 inter
1655 4187 1788 4244 duas

1964 3104 2023 3160 S.
2060 3104 2259 3160 Ursatii
2315 3101 2659 3158 confessoris.
2699 3101 2884 3155 Romae
2928 3099 3108 3154 natale
3151 3098 3206 3153 8.
3244 3097 3463 3153 Serena

1961 3199 2150 3254 uxoris
2174 3197 2495 3253 Diocletiani
2519 3195 2764 3266 Augusti.
2789 3194 3158 3249 Autissiodero
3181 3191 3463 3246 translatio

1960 3291 2186 3363 Augurii
2214 3300 2270 3346 et
2294 3289 2558 3346 Desiderii
2590 3288 2986 3357 episcoporum.
3033 3286 3084 3338 In
3123 3283 3342 3338 Persida
3369 3298 3464 3335 na.

1960 3383 2068 3439 tale
2096 3383 2155 3438 8.
2187 3382 2344 3453 Tyrsi
2377 3380 2653 3449 martyris.
2697 3377 2946 3432 Nivernis
2973 3376 3152 3430 natale
3193 3373 3252 3429 8.
3295 3372 3463 3442 Arigii

1958 3475 2196 3544 episcopi
2226 3483 2280 3527 et
2311 3471 2662 3526 confessoris.
3352 3519 3359 3524 ,

2032 3565 2155 3634 Ipso
2195 3564 2278 3616 die
2309 3561 2424 3617 Odo
2462 3570 2746 3631 prwceptor
2777 3559 2836 3615 S.
2871 3558 3124 3627 Stephani
3160 3565 3480 3625 praesentem.

1963 3654 2133 3722 finivit
2161 3653 2340 3707 vitam.

1887 3743 2005 3800 XVI
2034 3743 2151 3798 Kal.
2201 3739 2552 3811 Septembris.
2596 3737 2652 3792 In
2685 3737 2931 3792 C:csarea
2973 3733 3465 3806 Cappadociam—

1956 3832 2063 3886 tale
2115 3831 2172 3886 8.
2216 3828 2520 3884 Mammetis
2562 3827 2837 3896 martyris.
2881 3824 3035 3894 Apud
3077 3822 3328 3876 Africam.
3357 3818 3460 3874 SS.

1959 3931 2259 3993 martyrum
2308 3918 2548 3974 Liberali
2601 3916 2846 3981 abbatis,
2898 3911 3184 3974 'Bonifacii.
3221 3909 3457 3985 diaconi,

1957 4010 2112 4066 Servi
2141 4019 2196 4065 et
2238 4008 2449 4063 Rustici
2499 4006 2975 4067 subdiaconornm,
3020 4000 3212 4068 Rogati
3269 4008 3326 4054 et
3361 3997 3460 4052 Se-

1954 4101 2109 4172 ptimi
2139 4099 2546 4163 monachorum,
2577 4095 2867 4152 etMaximi
2895 4093 3068 4165 pueri.
3099 4091 3284 4146 Romae
3302 4098 3455 4144 octa-

1955 4188 2052 4244 bas
2077 4189 2136 4245 S.
2166 4187 2464 4242 Laurentii.

287 4265 468 4322 lauros
509 4268 684 4322 natale
727 4268 785 4323 8.
832 4270 1061 4325 Tiburtii
1110 4275 1378 4344 martyris.
1425 4275 1556 4330 Item
1599 4276 1782 4332 Romae
1811 4330 1856 4347 ἢ
1885 4279 1981 4335 XV
2010 4279 2278 4334 Kalendas
2315 4275 2674 4347 Septembris.
2705 4274 2859 4344 Apud
2899 4271 3284 4328 Prmnestinam
3327 4266 3458 4322 civi-

285 4356 467 4411 natale
491 4355 548 4411 8.
579 4357 1085 4432 Susannae'virginis
1109 4371 1163 4416 et
1191 4365 1464 4434 martyris.
1489 4365 1781 4422 Cameraco

285 4447 463 4502 natale
511 4448 568 4502 S.
620 4448 907 4520 Gaugerici
957 4451 1192 4521 episcopi
1237 4461 1292 4507 et
1338 4453 1683 4510 confessoris.
1728 4457 1786 4511 In

289 4539 514 4594 civitate
533 4539 791 4596 Ebroicas
827 4541 1004 4596 natale
1031 4542 1089 4597 8.
1122 4543 1344 4598 Taurini
1367 4544 1625 4614 episcopi.

359 4629 498 4684 Obiit
525 4629 578 4683 Η
584 4647 682 4702 ugo
717 4633 877 4703 hujus
905 4633 1133 4688 ecclesia
1162 4634 1466 4689 venerabilis
1491 4637 1782 4706 episcopus,

285 4738 436 4792 quem
465 4723 586 4775 uiue
623 4724 875 4778 sanctitas
904 4735 952 4778 et
995 4741 1200 4779 morum
1233 4727 1466 4794 probitas
1498 4727 1782 4795 decorauit,

283 4820 331 4864 et
363 4827 518 4880 quam
548 4812 628 4879 pie
665 4823 711 4865 et
739 4813 976 4883 religiose
1017 4815 1222 4880 uixerit,
1263 4816 1422 4884 hujus
1467 4818 1585 4870 uitta
1620 4818 1786 4872 exitus

284 4902 415 4954 satis
449 4903 816 4970 comprobavit.
850 4903 954 4969 Qui
985 4905 1047 4958 ob
1080 4922 1307 4959 amorem
1341 4906 1437 4960 Dei
1475 4916 1525 4961 et
1564 4907 1646 4960 sui
1681 4924 1788 4961 me-

287 4991 511 5044 moriam
543 4992 761 5062 singulis
793 4996 944 5047 annis
979 4993 1332 5059 recolendam,
1369 4994 1636 5049 ecclesiam
1682 4995 1786 5049 Au-

287 5081 418 5135 siaci
455 5082 524 5136 ad
569 5083 898 5153 refectionem
942 5085 1172 5153 fratrum
1214 5085 1271 5137 in
1317 5085 1401 5137 die
1444 5085 1787 5138 anniversarii

285 5173 367 5226 sui
393 5174 514 5226 huic
543 5175 772 5227 ecclesia:
811 5174 1045 5229 donavit.
1085 5174 1237 5228 Dedit
1272 5174 1430 5227 etiam
1452 5175 1618 5228 eidem
1647 5176 1782 5229 alias

284 5262 554 5329 ecclesias,
585 5262 857 5318 ecclesiam
885 5263 1078 5318 scilicet
1107 5264 1359 5318 Bacerme
1396 5274 1443 5318 et
1476 5264 1536 5318 S.
1565 5263 1779 5330 Briccii,

285 5362 333 5404 et
362 5351 660 5418 lnduniaci,
692 5362 740 5407 et
780 5352 1032 5419 Venioste,
1063 5363 1110 5408 et
1131 5354 1361 5409 decimas
1393 5353 1607 5408 Visiaci.
1635 5351 1784 5409 Prte-

285 5453 425 5495 terea
470 5445 637 5512 ipsum
673 5441 944 5498 ecclesiam
985 5442 1161 5497 multis
1201 5445 1377 5514 cappis
1417 5443 1482 5497 de
1516 5442 1698 5513 pallio,
1735 5452 1784 5496 et

287 5532 494 5587 duobus
549 5536 767 5605 tapetis,
828 5543 874 5590 et
934 5533 1111 5588 multis
1164 5533 1574 5589 sacerdotalibus
1626 5533 1782 5588 indu-

1966 4381 2129 4425 tatem
2183 4370 2361 4425 natale
2409 4370 2466 4424 8.
2522 4369 2732 4439 Agapiti
2783 4367 3055 4438 martyris.
3107 4364 3292 4418 Romae
3355 4357 3454 4414 SS.

1962 4461 2402 4530 presbyterorum
2428 4459 2694 4512 Johannis
2734 4466 2788 4513 et
2815 4457 3008 4525 Crispi.
3045 4454 3200 4524 Apud
3223 4449 3461 4519 Cartagi-

1961 4566 2086 4605 nem
2132 4551 2312 4619 passio
2367 4548 2466 4603 SS.
2513 4548 2700 4601 Massa:
2745 4546 3028 4610 Candidas,
3071 4544 3165 4612 qui
3209 4542 3324 4595 fere
3363 4554 3457 4593 ccc

1961 4640 2114 4694 fuere
2154 4640 2277 4703 viri,
2305 4648 2360 4692 et
2404 4639 2455 4692 in
2485 4637 2756 4692 clibanum
2785 4634 2951 4690 calcis
2990 4634 3338 4687 vehementer
3373 4643 3458 4682 ar-

1961 4731 2137 4786 dentis
2175 4745 2272 4799 pro
2297 4729 2402 4782 fide
2427 4727 2627 4784 Christi
2660 4736 2787 4780 sunt
2814 4722 3069 4789 demersi,
3098 4718 3454 4779 undecandi-

1960 4820 2117 4873 datus
2147 4817 2528 4873 illeexercitus
2558 4816 2835 4869 beatorum
2867 4812 3041 4867 Massa
3073 4809 3310 4866 Candida
3341 4820 3455 4861 tne-

1961 4909 2070 4962 ruit
2100 4908 2393 4975 nuncupari
2422 4925 2436 4958 :
2479 4905 2673 4970 Massa,
2709 4913 2927 4974 propter
2971 4915 3273 4963 numerum,
3310 4898 3454 4953 Can-

1959 4995 2106 5058 dida,
2158 5003 2379 5063 propter
2405 4994 2656 5047 meritum
2684 5011 2696 5046 :
2733 5007 2960 5062 quorum
2989 4989 3247 5046 memoria
3276 4985 3455 5054 agitur

1961 5099 2016 5139 Ix
2059 5082 2328 5137 Kalendas
2370 5082 2722 5152 Septembris.
2759 5081 2962 5137 Tamen
3007 5077 3284 5134 sciendum
3328 5071 3456 5141 quia

1963 5189 2029 5227 xv
2061 5173 2330 5228 Kalendas
2355 5172 2598 5242 praedicti
2634 5172 2836 5227 mensis
2856 5167 3001 5239 passi
3025 5172 3169 5221 sunt.

2031 5261 2172 5316 Obiit
2200 5259 2501 5315 Gualterius
2531 5260 2825 5314 vicecomes.

1893 5349 2006 5404 XIV
2043 5349 2160 5404 Kal.
2193 5348 2546 5420 Septembris.
2575 5347 2763 5405 Natale
2809 5345 2866 5398 S.
2901 5342 3076 5416 Magni
3121 5355 3215 5397 seu
3245 5339 3301 5395 S.
3343 5340 3455 5395 An-

1961 5441 2103 5494 drea:
2139 5449 2434 5510 martyrum
2461 5455 2582 5494 cum
2624 5437 2786 5493 sociis
2827 5434 2941 5488 suis
2969 5431 3174 5491 duobus
3218 5429 3452 5486 millibus

1961 5547 2160 5588 nxcrn.
2191 5532 2246 5587 ln
2286 5539 2467 5587 monte
2495 5531 2584 5600 qui
2611 5528 2806 5583 dicitur
2834 5523 2968 5582 Iura.
3003 5523 3062 5580 8.
3106 5521 3298 5579 Donati
3328 5533 3453 5591 prs-
