3992 5350
575 178 596 234 i
606 179 711 234 239

637 289 841 361 sbyteri
861 295 922 343 et
949 286 1294 342 confessoris.
1328 287 1510 342 Beluae
1543 289 1685 342 beati
1711 285 1834 341 Julii
1863 286 2132 341 senatoris
2163 289 2208 351 Α

596 389 693 436 "et
712 380 986 450 martyris.
1015 379 1072 432 In
1101 377 1376 432 territurio
1402 377 1722 432 Bituricensi
1757 376 1936 431 natale
1962 376 2134 432 sancti

634 470 859 524 Mariani
891 469 1237 533 confessoris,
1275 467 1429 536 cujus
1458 477 1608 537 gesta
1635 469 1921 523 habentur.

705 563 828 630 Ipso
851 562 934 614 die
959 561 1080 613 obiit
1111 561 1378 613 Ebrardus
1409 560 1553 614 miles
1579 559 1639 614 S.
1673 559 1943 628 Stephani.

563 651 674 704 XIII
701 651 814 703 K‘al.
844 649 1196 719 Septembris.
1219 649 1484 704 Samuelis
1513 650 1802 719 prophetas.
1828 649 2027 704 Eodem
2050 648 2136 704 die

634 739 773 794 beati
806 739 1070 808 Porphirii
1108 738 1340 792 hominis
1373 739 1486 792 Dei.
1525 738 1686 793 Herio
1716 737 1885 792 insula
1920 738 1973 791 in
2017 738 2136 792 loco

629 831 720 898 qui
751 830 949 882 dicitur
997 828 1154 893 Deas,
1210 828 1388 883 natale
1425 828 1482 882 8.
1525 827 1802 882 Philiberti
1832 828 2044 883 abbatis
2081 837 2136 882 et

631 921 978 975 confessoris.

559 1011 650 1067 XII
674 1012 942 1066 Kalendas
967 1012 1318 1080 Septembris.
1344 1012 1398 1065 In
1424 1013 1698 1066 lerrilurio
1725 1011 1940 1064 civitate
1969 1009 2138 1064 Gava-

627 1102 791 1156 iitana
819 1104 937 1156 vico
969 1101 1292 1168 Mimatensi,
1337 1101 1512 1154 natale
1558 1101 1613 1154 S.
1661 1099 1858 1152 Privati
1902 1099 2134 1168 episcopi

627 1202 682 1263 et
711 1193 986 1263 martyris.
1013 1192 1211 1246 Eodem
1239 1191 1325 1245 die
1351 1191 1530 1243 natale
1567 1188 1666 1242 SS.
1703 1197 1998 1257 martyrum
2031 1186 2138 1241 Bo-

621 1280 764 1333 nosii
797 1290 851 1333 et
879 1280 1210 1342 Maximiani,
1243 1293 1470 1346 quorum
1503 1287 1650 1346 gesta
1677 1276 1959 1330 habentur.

697 1369 837 1424 Obiit
868 1370 1165 1423 Adelelmus
1191 1369 1373 1422 nobilis
1404 1368 1548 1421 utiles
1589 1377 1634 1420 et
1672 1366 1900 1418 humilis.
1940 1363 2134 1418 Eodem

622 1465 709 1517 die
736 1462 1032 1517 Willelmus
1061 1461 1112 1515 Ν
1117 1464 1396 1516 it-ernensis
1435 1477 1620 1521 comes,
1646 1458 1903 1512 Carturite
1929 1457 2136 1528 religio-

607 1566 736 1609 sam
769 1558 925 1608 vitam
954 1557 1144 1610 ducens
1174 1555 1496 1608 sanctissime
1526 1554 1668 1606 obiit.

550 1644 620 1698 XI
645 1645 764 1698 Kal.
795 1645 1147 1714 Septembris.
1187 1645 1368 1699 Romae
1400 1643 1576 1698 natale
1600 1643 1656 1697 s.
1687 1642 1954 1697 Timothei
1984 1659 2128 1698 mar-
2163 1629 2205 1686 Β

621 1736 774 1805 tyris,
799 1737 888 1804 qui
917 1737 982 1790 de
1013 1735 1297 1790 Antiochia
1328 1735 1554 1788 Romam
1575 1733 1742 1798 venit,
1773 1743 1828 1786 et
1868 1748 1966 1787 sua
1996 1748 2133 1802 prte-

619 1825 890 1878 dicatione
924 1825 1121 1879 multos
1155 1825 1221 1878 ad
1247 1825 1517 1878 Christum
1547 1823 1851 1876 convertit:
1893 1838 1993 1891 pro
2024 1837 2130 1890 quo

620 1925 677 1968 et
699 1916 1081 1984 martyrizatus
1108 1916 1348 1984 sepultus
1379 1925 1456 1970 est
1480 1917 1632 1985 juxta
1661 1916 1875 1970 beatum
1904 1915 2132 1985 Aposto-

618 2004 727 2057 Ium
754 2020 854 2073 pro
882 2021 945 2060 eo
967 2022 1126 2075 quem
1156 2007 1417 2060 habuerat
1443 2005 1680 2073 ejusdem
1711 2007 1944 2060 nominis
1972 2006 2131 2060 disci~

616 2095 821 2162 pulum.
854 2096 1231 2166 Augustiduno
1269 2095 1447 2149 natale
1489 2094 1545 2148 8.
1576 2095 1953 2165 Symphoriani
1987 2110 2131 2148 mar-

617 2187 772 2255 tyris.
820 2187 982 2251 Item,
1023 2185 1206 2242 Roma:
1239 2185 1300 2241 Β.
1344 2186 1562 2241 Antonii
1606 2185 1879 2256 martyris,
1928 2194 1982 2240 et
2029 2185 2128 2241 SS.

615 2273 1025 2343 Peregrinarum
1072 2286 1370 2346 martyrum
1422 2275 1699 2341 Martialis,
1745 2275 1990 2345 Epiterii,
2035 2274 2132 2331 Sa-

617 2367 816 2418 turnini
843 2381 963 2420 cum
993 2368 1156 2421 sociis
1181 2382 1390 2420 eorum.

687 2454 982 2525 Stephanus
1025 2457 1181 2525 hujus
1219 2457 1449 2511 ecclesia:
1476 2457 1784 2526 prwpositus
1821 2466 1870 2511 et
1913 2457 2130 2512 canoni-

615 2560 704 2597 cus
740 2545 884 2598 obiit.

544 2633 594 2686 Χ
619 2633 882 2691 Kalendas
935 2636 1284 2706 Septembris.
1314 2638 1598 2694 Antiochia
1638 2637 1819 2692 natale
1855 2637 1955 2692 SS.
1987 2653 2130 2691 mar-

615 2738 792 2800 tyrum
846 2733 1072 2796 Donati,
1120 2733 1399 2796 Restituti,
1465 2733 1764 2799 Valeriani,
1814 2734 2130 2788 Fructuoszc

616 2837 738 2874 cum
783 2822 901 2877 aliis
937 2840 1031 2877 xu.
1074 2825 1392 2879 Alexandria
1429 2826 1569 2880 beati
1604 2827 1835 2881 Theonzc
1882 2827 1979 2881 viri
2011 2825 2124 2883 Dei.

614 2913 682 2968 Et
715 2915 839 2969 alibi
885 2917 940 2969 S.
981 2916 1171 2972 Zachei
1210 2919 1444 2988 episc0pi
1477 2926 1531 2972 et
1558 2917 1656 2971 SS.
1700 2925 1998 2987 martyrum
2033 2917 2128 2974 Mi-

612 3003 770 3068 nerii,
816 3005 1056 3059 Eleazari
1103 3022 1225 3060 cum
1278 3007 1400 3062 ﬁliis
1447 3023 1520 3061 ix.
1569 3007 1768 3061 Eodem
1817 3007 1904 3061 die
1949 3007 2128 3063 natale
2157 2981 2200 3040 C

605 3102 926 3148 sanctorum
959 3095 1226 3150 Timothei
1253 3105 1307 3150 et
1346 3095 1690 3166 Apollinaris,
1723 3095 1815 3164 qui
1846 3097 1986 3164 apud
2017 3096 2124 3149 Re-

616 3187 882 3240 mensium
930 3188 1116 3241 urbem
1165 3199 1538 3244 consummato
1583 3189 1842 3258 martyrio
1882 3188 2126 3244 caelestia

612 3292 772 3346 regna
802 3288 1130 3333 meruerunt.
1158 3281 1213 3333 In
1240 3279 1398 3333 Licea
1427 3281 1646 3334 civitate
1667 3280 1808 3348 Egea
1833 3279 1934 3332 SS.
1959 3279 2123 3332 Clau-

616 3366 724 3428 dii,
757 3365 954 3421 Asterii
1000 3376 1053 3422 et
1083 3367 1304 3431 Neonis,
1340 3368 1430 3436 qui
1471 3376 1590 3437 post
1622 3368 1816 3423 acerba
1857 3376 2123 3422 tormenta

613 3456 761 3509 cruci
808 3457 969 3511 adfixi
1012 3467 1156 3512 sunt.
1209 3458 1580 3528 Augustiduno
1633 3458 1902 3526 depositio
1949 3458 2123 3514 sancti

611 3543 851 3600 Flaviani
875 3548 1132 3617 episc0pi.

684 3636 884 3690 Eodem
932 3640 1015 3690 die
1059 3639 1328 3692 Eribertus
1357 3640 1818 3694 Autissioderensis
1855 3641 2122 3709 episcopus

617 3725 755 3778 viam
780 3727 1037 3780 universa!
1054 3729 1228 3781 carnis
1251 3738 1326 3782 est
1350 3729 1637 3797 ingressus.

542 3812 616 3868 IX
656 3813 920 3870 Kalendas
957 3816 1305 3886 Septembris.
1333 3818 1387 3872 In
1419 3819 1564 3872 India
1590 3819 1767 3875 natale
1796 3819 1852 3874 S.
1885 3820 2118 3874 Bartho-

613 3903 786 3960 lomaai
821 3909 1068 3975 apostoli.
1115 3909 1268 3977 Apud
1306 3908 1643 3979 Cartaginem
1675 3911 2121 3965 commemoratio

613 4001 1162 4058 sanctoruvaassze
1207 4001 1476 4067 candidae,
1531 4017 1756 4071 quorum
1801 4001 2120 4058 solemnitas

613 4095 862 4162 superius
908 4109 978 4148 xv
1030 4093 1294 4149 Kalendas
1343 4093 1678 4163 Septembris
1712 4101 1968 4148 annotata
2011 4101 2116 4148 est.

611 4186 796 4240 Romae
836 4186 1016 4240 natale
1047 4185 1104 4240 S.
1134 4185 1348 4241 Genesii
1390 4185 1664 4256 martyris.
1699 4186 1926 4239 Civitate
1955 4184 2120 4240 Roto-

610 4289 768 4341 mago
795 4275 976 4374 natale
999 4275 1054 4328 S.
1090 4274 1328 4374 Audoeni
1351 4274 1585 4374 episcopi
1613 4285 1664 4328 et
1694 4275 2035 4330 confessoris.
2060 4274 2116 4328 In
2151 4317 2194 4374 υ

611 4363 890 4415 territurio
917 4362 1234 4416 Nivernensi
1277 4363 1452 4416 natale
1480 4363 1580 4419 SS.
1606 4365 1977 4423 confessorum
2009 4369 2116 4424 Pa-

610 4450 750 4504 tricii
775 4451 987 4505 abbatis
1008 4460 1062 4506 et
1080 4451 1322 4508 Gildardi
1359 4455 1540 4521 presb.

683 4537 824 4591 Obiit
849 4538 1002 4609 Hngo
1023 4557 1223 4600 comes.

546 4627 649 4680 VIII
679 4627 941 4683 Kalendas
978 4627 1327 4698 Septembris.
1359 4630 1544 4687 Roma:
1578 4634 1754 4688 natale
1781 4635 1882 4690 SS.
1912 4649 2113 4711 marty-

609 4735 729 4771 rum
773 4720 1008 4786 Eusebii,
1062 4721 1328 4784 Pontiani,
1377 4723 1674 4794 Peregrini,
1721 4735 1776 4780 et
1821 4726 2109 4785 Vincentii.

609 4806 827 4861 Arelato
852 4809 1024 4862 natale
1055 4809 1111 4864 S.
1150 4811 1361 4866 Genesii
1400 4815 1652 4884 martyris
1682 4816 1898 4882 proprio
1923 4832 2114 4874 cruore

609 4894 885 4964 baptizati.
929 4898 1158 4954 Civitate
1199 4901 1480 4970 Compluto
1523 4905 1706 4972 passio
1744 4905 1844 4959 SS.
1893 4906 2030 4963 Justi
2062 4920 2116 4966 et

610 4984 852 5034 Pastoris
897 4987 1152 5034 fratr-nm-
1199 4993 1288 5034 nni
1336 5009 1457 5034 num
1507 4994 1680 5034 adium
1725 4998 1874 5034 mian
1924 4999 2112 5034 Ιῖηο-ἓο

1413 175 1700 232 APPEND.
1741 175 1834 229 AD
1864 175 2035 232 SJEC.
2079 175 2145 232 Χ.
2170 206 2240 217 --
2278 176 2708 239 ΜΟΝυΜΕΝΤΑ
2751 180 3028 241 LI'I‘UIIG.

3671 189 3788 245 I340

2305 288 2536 344 Secundi
2595 293 2866 361 martyris.
2914 291 3190 360 Bergamis
3235 291 3448 348 civitate
3520 298 3696 352 natale
3737 303 3783 355 8.

2304 381 2589 436 Alexandri
2627 385 2900 455 martyris.
2955 384 3148 439 Salona
3193 387 3372 454 passio
3409 385 3469 441 S.
3515 387 3778 463 Anastasii,

2302 473 2456 542 cujus
2506 475 2761 530 memoria
2810 474 3115 530 festivitatis
3156 490 3315 544 supra
3362 486 3554 530 notata
3603 490 3686 532 est
3727 498 3784 534 xu

2305 562 2574 618 Kalendas
2621 563 2974 633 Septembris.
3016 565 3384 621 Autissiodero
3428 568 3700 636 depositio
3741 571 3790 626 8.

2307 652 2597 705 Eleutherii
2627 653 2882 722 episcopi.

2237 743 2303 796 VI
2350 742 2618 796 Kalendas
2671 742 3022 813 Septembris.
3073 744 3226 813 Apud
3277 744 3522 815 Capuam
3585 744 3641 800 8.
3693 746 3792 804 Rufi

2306 835 2582 904 martyris.
2623 835 2842 889 Arelato
2874 835 2930 890 S.
2969 834 3190 890 Ctesarii
3215 838 3452 906 episc0pi
3503 846 3563 891 et
3602 839 3793 893 confes-

2305 923 2466 978 soris.
2497 924 2868 994 Augustiduno
2893 926 3153 996 depositio
3179 927 3234 981 S.
3269 927 3445 998 Siagri
3490 930 3722 998 episcopi
3745 940 3794 984 et

2305 1013 2650 1069 confessoris.
2679 1014 2899 1070 Tltomis
2924 1017 3100 1071 natale
3126 1017 3224 1074 SS.
3254 1029 3558 1088 tnartyrnm
3589 1019 3792 1074 Marcel-

2306 1101 2396 1155 iiui
2429 1104 2648 1164 trilmni,
2685 1117 2739 1158 et
2782 1107 2962 1161 uxoris
2991 1107 3106 1174 ejus
3156 1107 3414 1172 Manno-as,
3464 1119 3523 1162 et
3569 1109 3661 1162 lilii
3702 1109 3794 1176 ejus

2305 1189 2586 1258 Johannis,
2626 1202 2680 1246 et
2728 1192 3041 1263 Serapionis
3082 1196 3284 1260 clerici,
3317 1206 3371 1249 et
3419 1197 3575 1252 Petri
3618 1199 3790 1252 militis.
3888 1219 3894 1226 -

2304 1279 2508 1334 Eodem
2555 1282 2643 1336 die
2680 1285 2860 1352 passio
2910 1284 3010 1340 SS.
3044 1285 3257 1357 Georgii
3304 1288 3548 1351 diaconi,
3596 1289 3792 1355 Aurelii,

2305 1369 2532 1438 Felicis,
2581 1372 2836 1439 Natalia,
2885 1384 2940 1431 et
2985 1376 3213 1432 Liliosm.
3261 1378 3499 1434 Civitate
3553 1379 3796 1435 Bituricas

2309 1462 2590 1518 translatio
2615 1465 2857 1533 corporis
2888 1465 2944 1520 S.
2978 1467 3187 1538 Sulpitii
3226 1469 3468 1538 episcopi
3513 1479 3572 1525 et
3613 1471 3797 1526 confes-

2305 1565 2462 1605 BOTIS.

2305 1642 2346 1696 V
2395 1643 2510 1697 Kal.
2563 1643 2918 1713 Septembris.
2970 1647 3154 1704 Romae
3200 1649 3380 1719 passio
3431 1649 3494 1705 8.
3550 1649 3796 1705 Hermetis

2303 1735 2577 1805 martyris.
2613 1736 3130 1809 Constantinopolim
3163 1742 3341 1797 natale
3365 1743 3548 1798 sancti
3588 1742 3794 1798 Alexan-

2301 1825 2382 1878 dri
2431 1826 2666 1896 episcopi
2700 1828 2916 1896 gloriosi
2960 1832 3123 1894 senis,
3161 1831 3314 1899 cujus
3339 1834 3597 1887 oratione
3633 1834 3796 1886 Arrius

2301 1916 2483 1971 divino
2523 1927 2654 1972 nutu
2703 1921 2912 1988 crepuit
2945 1923 3154 1978 medius
3179 1923 3362 1977 effusis
3405 1925 3723 1978 visceribus.
3749 1925 3792 1976 in

2300 2005 2521 2060 civitate
2565 2006 2824 2076 Ypponna
2858 2011 3036 2065 natale
3065 2010 3122 2064 S.
3172 2011 3460 2081 Augustini
3494 2011 3725 2080 episcopi
3754 2022 3796 2065 et

2301 2093 2654 2161 confessoris,
2688 2099 2778 2165 qui
2808 2098 3000 2168 spiritu
3029 2099 3211 2158 divino
3241 2109 3437 2164 tactus,
3476 2099 3608 2154 fecit
3633 2101 3794 2164 libros,

2303 2195 2594 2251 tractatus,
2649 2189 2906 2258 epistolas
2955 2206 3182 2246 numero
3232 2191 3377 2246 mille
3411 2209 3552 2257 xxx,
3601 2201 3795 2260 excepto

2301 2290 2422 2344 quae
2450 2278 2852 2332 numerari'non
2879 2290 3122 2347 possunt.
3151 2279 3422 2336 Santonus
3442 2281 3630 2336 natale
3653 2280 3706 2334 S.
3727 2280 3795 2333 Bi-

2301 2366 2442 2419 biani
2475 2367 2710 2437 episcopi
2752 2378 2806 2424 et
2833 2371 3178 2426 confessoris.
3222 2372 3342 2441 Ipso
3371 2373 3462 2428 die
3507 2373 3563 2427 in
3599 2371 3794 2426 Brirato

2301 2456 2421 2510 vico
2451 2458 2627 2511 natale
2656 2461 2826 2513 sancti
2850 2459 3046 2514 Iuliani
3069 2461 3343 2530 martyris.

2376 2547 2514 2603 Obiit
2544 2548 2696 2604 Gimo
2727 2551 2875 2606 miles
2905 2551 2963 2606 S.
2993 2551 3264 2621 Stephani,

2231 2635 2298 2692 IV
2325 2637 2594 2694 Kalendas
2631 2639 2984 2709 Septembris.
3023 2641 3208 2697 Romae
3252 2641 3320 2696 ad
3355 2655 3551 2696 arcum
3581 2639 3793 2697 Faustini

2301 2729 2627 2786 beatissima:
2654 2731 2867 2785 Sabina:
2912 2733 3185 2803 martyris,
3219 2749 3339 2802 qum
3375 2733 3481 2786 fuit
3513 2747 3650 2787 uxor
3672 2749 3791 2801 pne-

2305 2822 2592 2878 cIarissimi
2620 2824 2891 2892 quondam
2920 2823 3187 2878 Valentini
3217 2833 3270 2879 et
3299 2823 3407 2878 tilia
3439 2823 3669 2878 Herodis
3707 2823 3792 2876 Ile-

2304 2913 2522 2979 tallarii,
2563 2927 2682 2982 quae
2726 2928 2885 2983 passa
2937 2922 3019 2969 est
3063 2913 3300 2968 Adriano
3340 2914 3665 2983 imperante,
3710 2913 3792 2965 sub

2301 3001 2553 3071 praefecto
2585 3001 2845 3072 IIelpidio.
2895 3003 3044 3067 Item,
3091 3002 3274 3061 Romae
3308 3003 3492 3073 passio
3523 3001 3600 3070 ,8.
3642 3002 3778 3055 Scra-

2301 3091 2438 3160 phiae
2469 3092 2780 3162 virginian
2813 3094 3088 3160 provincia
3122 3093 3418 3149 Palasstinie
3447 3094 3688 3148 civitate.
3723 3132 3737 3145 .
3773 3129 3785 3145 .

2297 3183 2580 3240 decollatio
2611 3183 2667 3238 S.
2700 3182 2960 3238 Johannis
2995 3183 3274 3252 Baptistae.

2365 3271 2489 3340 Ipsa
2513 3272 2596 3324 die
2620 3272 2879 3324 ordinatio
2901 3272 3078 3324 domui
3107 3272 3395 3344 Ilerefridi,
3418 3275 3509 3343 qui
3533 3273 3668 3328 dedit
3689 3273 3784 3340 {ra-

2293 3359 2457 3414 tribus
2498 3360 2566 3414 ad
2598 3361 2924 3430 refectionem
2961 3361 3120 3431 ipsius
3151 3363 3256 3416 diei
3288 3361 3590 3430 faciendam
3628 3362 3782 3415 Artat-

2293 3453 2419 3507 dum
2456 3450 2652 3515 villam,
2688 3461 2738 3505 et
2776 3453 2829 3506 in
2871 3451 3154 3506 Lindriaco
3189 3469 3431 3506 mansum
3459 3470 3646 3516 unum,
3675 3451 3784 3504 etin

2294 3541 2560 3610 Capillaco
2587 3558 2826 3597 mansum
2856 3542 3101 3609 alterum,
3139 3553 3186 3598 et
3221 3543 3579 3597 molendinum
3625 3545 3779 3597 subtus

2293 3649 2523 3687 murum.
2554 3634 2619 3687 In
2646 3632 2934 3688 Nativitate
2969 3652 3084 3690 vero
3117 3634 3172 3690 S.
3205 3635 3394 3692 Maria:
3433 3637 3644 3706 quando
3671 3635 3782 3688 sedit

2291 3725 2514 3794 primum
2569 3724 2623 3778 in
2677 3723 2925 3778 cathedra
2975 3725 3284 3794 episcopali,
3350 3726 3492 3780 dedit
3558 3726 3780 3792 fratribus

2292 3814 2562 3868 ecclesiam
2616 3813 2865 3868 Bacernw
2913 3827 2960 3868 et
3008 3815 3377 3881 Lindriacum,
3438 3827 3484 3869 et
3522 3814 3776 3883 Lupinum,

2291 3919 2490 3956 necnon
2519 3901 2858 3972 Logniacum.
2903 3901 3234 3956 Gimiliacum
3259 3913 3435 3958 autem
3462 3905 3605 3958 dedit
3633 3904 3680 3955 in
3703 3918 3778 3954 na-

2289 3991 2385 4044 tali
2409 3991 2470 4046 S.
2499 3989 2794 4048 Clementis.
2823 3990 2964 4047 Obiit
2991 3992 3396 4048 Archemboldus
3426 3993 3705 4062 episcopus.

2221 4083 2286 4136 III
2309 4082 2574 4136 Kalendas
2597 4082 2949 4152 Septembris.
2980 4084 3162 4139 Romae
3181 4085 3269 4139 via
3289 4084 3530 4150 Ostiensi
3553 4083 3774 4139 milliario

2293 4174 2361 4229 ab
2397 4173 2542 4229 Urbe
2580 4173 3017 4230 beatissimorum
3051 4184 3348 4245 martyrum
3378 4173 3576 4230 Felicis
3607 4184 3656 4229 et
3684 4175 3774 4226 Au-

2291 4265 2458 4329 dacti,
2499 4265 2657 4320 ambo
2697 4265 3019 4335 presbyteri.
3065 4264 3220 4331 Item,
3261 4264 3449 4319 Romae
3489 4263 3774 4320 Gaudenti:

2292 4355 2535 4424 virginis.

2363 4445 2505 4499 Obiit
2541 4445 2927 4499 Ermembertus
2955 4432 3222 4508 sacerdos,
3249 4447 3338 4515 qui
3368 4446 3662 4500 innocenter
3679 4442 3769 4512 gla-

2290 4536 2379 4590 dio
2404 4536 2706 4605 interfectus
2731 4547 2828 4590 est.

2221 4627 2400 4683 Pridie
2422 4627 2690 4684 Kalendas
2713 4627 3068 4697 Septembris.
3100 4626 3339 4684 Treviris
3363 4629 3544 4681 natale
3565 4626 3618 4680 S.
3650 4624 3764 4677 lianc

2289 4718 2384 4772 Iini
2410 4719 2646 4787 episcopi
2673 4727 2728 4772 et
2753 4717 3101 4773 confessoris.
3134 4716 3287 4787 Apud
3314 4717 3555 4772 Athenas
3581 4716 3636 4768 Β.
3667 4714 3766 4767 Ari-

2292 4809 2446 4863 stidis
2499 4808 2604 4862 fide
2661 4808 3029 4876 sapientiaque
3076 4807 3383 4862 clarissimi.
3429 4804 3764 4861 Autissiodero

2289 4901 2552 4969 depositio
2578 4899 2634 4954 8.
2672 4899 2851 4968 Optati
2881 4900 3116 4969 episcopi
3143 4908 3197 4954 et
3223 4899 3564 4953 confessoris.
3595 4896 3761 4951 Λυδίη

2288 4990 2515 5034 Caiatia!
2545 4988 2642 5034 SS-
2667 4991 2855 5034 Caiani
2885 4999 2938 5034 ρι.
2963 4989 3182 5034 Iuliani.
