  <div class='ocr_page' id='page_1' title='image "/cluster/home/n/w/nwhite01/storage/ocr_20150623/138/hvd.32044015471774/626.png"; bbox 0 0 3992 5350; ppageno 0'>
   <div class='ocr_carea' id='block_1_1' title="bbox 153 74 3409 168">
    <p class='ocr_par' dir='ltr' id='par_1_1' title="bbox 153 74 3409 168">
     <span class='ocr_line' id='line_1_1' title="bbox 153 74 3409 168; baseline -0.005 -1"><span class='ocrx_word' id='word_1_1' title='bbox 153 108 280 167; x_wconf 65' lang='lat' dir='ltr'><strong>litt</strong></span> <span class='ocrx_word' id='word_1_2' title='bbox 725 74 731 78; x_wconf 71' lang='grc'><em>’</em></span> <span class='ocrx_word' id='word_1_3' title='bbox 1299 103 1798 162; x_wconf 70' lang='grc' dir='ltr'>ιιιιιιτγιιοωα.</span> <span class='ocrx_word' id='word_1_4' title='bbox 1837 103 2220 164; x_wconf 69' lang='grc' dir='ltr'><strong>ΑΝιιδειυι).</strong></span> <span class='ocrx_word' id='word_1_5' title='bbox 3269 112 3409 168; x_wconf 66' lang='grc' dir='ltr'><strong>ωε</strong></span> 
     </span>
    </p>
   </div>
   <div class='ocr_carea' id='block_1_2' title="bbox 209 216 3408 298">
    <p class='ocr_par' dir='ltr' id='par_1_2' title="bbox 209 216 3408 298">
     <span class='ocr_line' id='line_1_2' title="bbox 209 216 3408 298; baseline -0.001 -13"><span class='ocrx_word' id='word_1_6' title='bbox 209 217 557 287; x_wconf 73' lang='lat' dir='ltr'><strong>confessoris.</strong></span> <span class='ocrx_word' id='word_1_7' title='bbox 598 220 717 296; x_wconf 73' lang='lat' dir='ltr'><strong>ipsa</strong></span> <span class='ocrx_word' id='word_1_8' title='bbox 748 218 832 281; x_wconf 83' lang='lat' dir='ltr'><strong>die</strong></span> <span class='ocrx_word' id='word_1_9' title='bbox 875 219 1137 279; x_wconf 86' lang='lat' dir='ltr'><strong>transitus</strong></span> <span class='ocrx_word' id='word_1_10' title='bbox 1175 216 1232 274; x_wconf 85' lang='lat' dir='ltr'><strong>S.</strong></span> <span class='ocrx_word' id='word_1_11' title='bbox 1275 217 1479 290; x_wconf 62' lang='lat' dir='ltr'><strong>Egidii</strong></span> <span class='ocrx_word' id='word_1_12' title='bbox 1511 218 1723 274; x_wconf 90' lang='lat' dir='ltr'><strong>abbatis</strong></span> <span class='ocrx_word' id='word_1_13' title='bbox 1752 226 1805 284; x_wconf 74' lang='grc' dir='ltr'><strong>Α</strong></span> <span class='ocrx_word' id='word_1_14' title='bbox 1896 233 2016 273; x_wconf 90' lang='lat' dir='ltr'><strong>cam</strong></span> <span class='ocrx_word' id='word_1_15' title='bbox 2073 216 2250 273; x_wconf 86' lang='lat' dir='ltr'><strong>natale</strong></span> <span class='ocrx_word' id='word_1_16' title='bbox 2310 228 2620 280; x_wconf 88' lang='lat' dir='ltr'><strong>sanctorum</strong></span> <span class='ocrx_word' id='word_1_17' title='bbox 2675 222 3046 278; x_wconf 80' lang='lat' dir='ltr'><strong>confessorum</strong></span> <span class='ocrx_word' id='word_1_18' title='bbox 3105 239 3138 278; x_wconf 73' lang='grc' dir='ltr'><strong>χ</strong></span> <span class='ocrx_word' id='word_1_19' title='bbox 3178 240 3408 298; x_wconf 85' lang='lat' dir='ltr'><strong>quorum</strong></span> 
     </span>
    </p>
   </div>
   <div class='ocr_carea' id='block_1_3' title="bbox 215 317 641 376">
    <p class='ocr_par' dir='ltr' id='par_1_3' title="bbox 215 317 641 376">
     <span class='ocr_line' id='line_1_3' title="bbox 215 317 641 376; baseline -0.009 0"><span class='ocrx_word' id='word_1_20' title='bbox 215 330 268 376; x_wconf 90' lang='lat' dir='ltr'><strong>et</strong></span> <span class='ocrx_word' id='word_1_21' title='bbox 295 317 641 374; x_wconf 82' lang='lat' dir='ltr'><strong>confessoris.</strong></span> 
     </span>
    </p>
   </div>
   <div class='ocr_carea' id='block_1_4' title="bbox 284 410 973 466">
    <p class='ocr_par' dir='ltr' id='par_1_4' title="bbox 284 410 973 466">
     <span class='ocr_line' id='line_1_4' title="bbox 284 410 973 466; baseline -0.004 0"><span class='ocrx_word' id='word_1_22' title='bbox 284 411 424 466; x_wconf 85' lang='lat' dir='ltr'><strong>Obiit</strong></span> <span class='ocrx_word' id='word_1_23' title='bbox 456 410 752 464; x_wconf 76' lang='lat' dir='ltr'><strong>Hic/tardus</strong></span> <span class='ocrx_word' id='word_1_24' title='bbox 784 426 973 464; x_wconf 80' lang='lat' dir='ltr'><strong>comes.</strong></span> 
     </span>
    </p>
   </div>
   <div class='ocr_carea' id='block_1_5' title="bbox 144 496 1729 574">
    <p class='ocr_par' dir='ltr' id='par_1_5' title="bbox 144 496 1729 574">
     <span class='ocr_line' id='line_1_5' title="bbox 144 496 1729 574; baseline -0.008 -13"><span class='ocrx_word' id='word_1_25' title='bbox 144 509 197 561; x_wconf 76' lang='grc' dir='ltr'>ιγ</span> <span class='ocrx_word' id='word_1_26' title='bbox 237 505 416 560; x_wconf 83' lang='lat' dir='ltr'><strong>Nonas</strong></span> <span class='ocrx_word' id='word_1_27' title='bbox 453 502 807 574; x_wconf 73' lang='lat' dir='ltr'><strong>Septembris.</strong></span> <span class='ocrx_word' id='word_1_28' title='bbox 843 501 1106 571; x_wconf 82' lang='lat' dir='ltr'><strong>Lugdune</strong></span> <span class='ocrx_word' id='word_1_29' title='bbox 1143 499 1323 554; x_wconf 86' lang='lat' dir='ltr'><strong>natale</strong></span> <span class='ocrx_word' id='word_1_30' title='bbox 1361 497 1420 554; x_wconf 99' lang='grc'><strong>8.</strong></span> <span class='ocrx_word' id='word_1_31' title='bbox 1447 498 1584 553; x_wconf 85' lang='lat' dir='ltr'><strong>Justi</strong></span> <span class='ocrx_word' id='word_1_32' title='bbox 1613 496 1729 566; x_wconf 88' lang='lat' dir='ltr'><strong>epi-</strong></span> 
     </span>
    </p>
   </div>
   <div class='ocr_carea' id='block_1_6' title="bbox 215 587 1726 666">
    <p class='ocr_par' dir='ltr' id='par_1_6' title="bbox 215 587 1726 666">
     <span class='ocr_line' id='line_1_6' title="bbox 215 587 1726 666; baseline -0.008 -14"><span class='ocrx_word' id='word_1_33' title='bbox 215 595 361 666; x_wconf 88' lang='lat' dir='ltr'><strong>scopi</strong></span> <span class='ocrx_word' id='word_1_34' title='bbox 396 603 450 648; x_wconf 89' lang='lat' dir='ltr'><strong>et</strong></span> <span class='ocrx_word' id='word_1_35' title='bbox 473 593 822 656; x_wconf 80' lang='lat' dir='ltr'><strong>confessoris,</strong></span> <span class='ocrx_word' id='word_1_36' title='bbox 851 592 941 661; x_wconf 88' lang='lat' dir='ltr'><strong>qui</strong></span> <span class='ocrx_word' id='word_1_37' title='bbox 987 590 1236 659; x_wconf 89' lang='lat' dir='ltr'><strong>migravit</strong></span> <span class='ocrx_word' id='word_1_38' title='bbox 1263 590 1328 644; x_wconf 90' lang='lat' dir='ltr'><strong>ad</strong></span> <span class='ocrx_word' id='word_1_39' title='bbox 1357 589 1642 644; x_wconf 87' lang='lat' dir='ltr'><strong>Dominum</strong></span> <span class='ocrx_word' id='word_1_40' title='bbox 1669 587 1726 642; x_wconf 89' lang='lat' dir='ltr'><strong>in</strong></span> 
     </span>
    </p>
   </div>
   <div class='ocr_carea' id='block_1_7' title="bbox 213 677 1727 754">
    <p class='ocr_par' dir='ltr' id='par_1_7' title="bbox 213 677 1727 754">
     <span class='ocr_line' id='line_1_7' title="bbox 213 677 1727 754; baseline -0.005 -16"><span class='ocrx_word' id='word_1_41' title='bbox 213 699 395 740; x_wconf 88' lang='lat' dir='ltr'><strong>eremo</strong></span> <span class='ocrx_word' id='word_1_42' title='bbox 427 683 599 754; x_wconf 78' lang='lat' dir='ltr'><strong>pridie</strong></span> <span class='ocrx_word' id='word_1_43' title='bbox 629 680 752 735; x_wconf 86' lang='lat' dir='ltr'><strong>ldus</strong></span> <span class='ocrx_word' id='word_1_44' title='bbox 779 679 1051 743; x_wconf 79' lang='lat' dir='ltr'><strong>Octobris,</strong></span> <span class='ocrx_word' id='word_1_45' title='bbox 1079 687 1134 732; x_wconf 87' lang='lat' dir='ltr'><strong>et</strong></span> <span class='ocrx_word' id='word_1_46' title='bbox 1162 677 1275 746; x_wconf 85' lang='lat' dir='ltr'><strong>ejus</strong></span> <span class='ocrx_word' id='word_1_47' title='bbox 1298 693 1510 734; x_wconf 90' lang='lat' dir='ltr'><strong>sacrum</strong></span> <span class='ocrx_word' id='word_1_48' title='bbox 1533 691 1727 745; x_wconf 90' lang='lat' dir='ltr'><strong>corpus</strong></span> 
     </span>
    </p>
   </div>
   <div class='ocr_carea' id='block_1_8' title="bbox 208 766 1724 838">
    <p class='ocr_par' dir='ltr' id='par_1_8' title="bbox 208 766 1724 838">
     <span class='ocr_line' id='line_1_8' title="bbox 208 766 1724 838; baseline -0.007 -12"><span class='ocrx_word' id='word_1_49' title='bbox 208 785 262 828; x_wconf 89' lang='lat' dir='ltr'><strong>et</strong></span> <span class='ocrx_word' id='word_1_50' title='bbox 303 772 363 825; x_wconf 85' lang='lat' dir='ltr'><strong>B.</strong></span> <span class='ocrx_word' id='word_1_51' title='bbox 399 770 632 826; x_wconf 74' lang='lat' dir='ltr'><strong>Viator-is</strong></span> <span class='ocrx_word' id='word_1_52' title='bbox 675 769 902 822; x_wconf 77' lang='lat' dir='ltr'><strong>ministri</strong></span> <span class='ocrx_word' id='word_1_53' title='bbox 951 766 1065 836; x_wconf 83' lang='lat' dir='ltr'><strong>ejus</strong></span> <span class='ocrx_word' id='word_1_54' title='bbox 1115 767 1429 838; x_wconf 78' lang='lat' dir='ltr'><strong>Lugdunum</strong></span> <span class='ocrx_word' id='word_1_55' title='bbox 1477 766 1724 829; x_wconf 78' lang='lat' dir='ltr'><strong>relatum,</strong></span> 
     </span>
    </p>
   </div>
   <div class='ocr_carea' id='block_1_9' title="bbox 210 859 1729 934">
    <p class='ocr_par' dir='ltr' id='par_1_9' title="bbox 210 859 1729 934">
     <span class='ocr_line' id='line_1_9' title="bbox 210 859 1729 934; baseline -0.006 -15"><span class='ocrx_word' id='word_1_56' title='bbox 210 880 331 919; x_wconf 81' lang='lat' dir='ltr'><strong>enm</strong></span> <span class='ocrx_word' id='word_1_57' title='bbox 372 865 534 934; x_wconf 88' lang='lat' dir='ltr'><strong>digno</strong></span> <span class='ocrx_word' id='word_1_58' title='bbox 562 862 712 919; x_wconf 89' lang='lat' dir='ltr'><strong>cultu</strong></span> <span class='ocrx_word' id='word_1_59' title='bbox 755 862 1030 916; x_wconf 90' lang='lat' dir='ltr'><strong>conditum</strong></span> <span class='ocrx_word' id='word_1_60' title='bbox 1063 871 1145 916; x_wconf 89' lang='lat' dir='ltr'><strong>est</strong></span> <span class='ocrx_word' id='word_1_61' title='bbox 1187 877 1240 934; x_wconf 79' lang='lat' dir='ltr'><strong>tv</strong></span> <span class='ocrx_word' id='word_1_62' title='bbox 1272 860 1450 914; x_wconf 83' lang='lat' dir='ltr'><strong>Nonas</strong></span> <span class='ocrx_word' id='word_1_63' title='bbox 1485 859 1729 928; x_wconf 88' lang='lat' dir='ltr'><strong>Septem-</strong></span> 
     </span>
    </p>
   </div>
   <div class='ocr_carea' id='block_1_10' title="bbox 208 951 1728 1026">
    <p class='ocr_par' dir='ltr' id='par_1_10' title="bbox 208 951 1728 1026">
     <span class='ocr_line' id='line_1_10' title="bbox 208 951 1728 1026; baseline -0.007 -11"><span class='ocrx_word' id='word_1_64' title='bbox 208 959 338 1015; x_wconf 84' lang='lat' dir='ltr'><strong>bris.</strong></span> <span class='ocrx_word' id='word_1_65' title='bbox 378 958 580 1012; x_wconf 85' lang='lat' dir='ltr'><strong>Eodem</strong></span> <span class='ocrx_word' id='word_1_66' title='bbox 622 957 710 1012; x_wconf 89' lang='lat' dir='ltr'><strong>die</strong></span> <span class='ocrx_word' id='word_1_67' title='bbox 752 956 894 1026; x_wconf 90' lang='lat' dir='ltr'><strong>apud</strong></span> <span class='ocrx_word' id='word_1_68' title='bbox 934 954 1210 1024; x_wconf 73' lang='lat' dir='ltr'><strong>praefatam</strong></span> <span class='ocrx_word' id='word_1_69' title='bbox 1252 956 1439 1008; x_wconf 83' lang='lat' dir='ltr'><strong>urbem</strong></span> <span class='ocrx_word' id='word_1_70' title='bbox 1467 951 1728 1021; x_wconf 71' lang='lat' dir='ltr'><strong>depositio</strong></span> 
     </span>
    </p>
   </div>
   <div class='ocr_carea' id='block_1_11' title="bbox 210 1040 1726 1116">
    <p class='ocr_par' dir='ltr' id='par_1_11' title="bbox 210 1040 1726 1116">
     <span class='ocr_line' id='line_1_11' title="bbox 210 1040 1726 1116; baseline -0.005 -14"><span class='ocrx_word' id='word_1_71' title='bbox 210 1049 268 1103; x_wconf 88' lang='lat' dir='ltr'><strong>B.</strong></span> <span class='ocrx_word' id='word_1_72' title='bbox 310 1047 545 1116; x_wconf 86' lang='lat' dir='ltr'><strong>Helpidii</strong></span> <span class='ocrx_word' id='word_1_73' title='bbox 590 1045 847 1116; x_wconf 89' lang='lat' dir='ltr'><strong>episcopi.</strong></span> <span class='ocrx_word' id='word_1_74' title='bbox 881 1043 1037 1114; x_wconf 83' lang='lat' dir='ltr'><strong>Apud</strong></span> <span class='ocrx_word' id='word_1_75' title='bbox 1073 1043 1355 1114; x_wconf 77' lang='lat' dir='ltr'><strong>Apamiam</strong></span> <span class='ocrx_word' id='word_1_76' title='bbox 1384 1043 1442 1097; x_wconf 75' lang='grc' dir='ltr'>ιι.</span> <span class='ocrx_word' id='word_1_77' title='bbox 1472 1040 1726 1097; x_wconf 76' lang='lat' dir='ltr'><strong>Antonini</strong></span> 
     </span>
    </p>
   </div>
   <div class='ocr_carea' id='block_1_12' title="bbox 211 1138 488 1208">
    <p class='ocr_par' dir='ltr' id='par_1_12' title="bbox 211 1138 488 1208">
     <span class='ocr_line' id='line_1_12' title="bbox 211 1138 488 1208; baseline 0 -16"><span class='ocrx_word' id='word_1_78' title='bbox 211 1138 488 1208; x_wconf 83' lang='lat' dir='ltr'><strong>martyris.</strong></span> 
     </span>
    </p>
   </div>
   <div class='ocr_carea' id='block_1_13' title="bbox 147 1224 1727 1297">
    <p class='ocr_par' dir='ltr' id='par_1_13' title="bbox 147 1224 1727 1297">
     <span class='ocr_line' id='line_1_13' title="bbox 147 1224 1727 1297; baseline -0.004 -14"><span class='ocrx_word' id='word_1_79' title='bbox 147 1229 204 1284; x_wconf 80' lang='grc' dir='ltr'><strong>ιιι</strong></span> <span class='ocrx_word' id='word_1_80' title='bbox 244 1227 427 1288; x_wconf 88' lang='lat' dir='ltr'><strong>Nonas</strong></span> <span class='ocrx_word' id='word_1_81' title='bbox 472 1227 830 1297; x_wconf 86' lang='lat' dir='ltr'><strong>Septembris.</strong></span> <span class='ocrx_word' id='word_1_82' title='bbox 887 1224 1080 1282; x_wconf 79' lang='lat' dir='ltr'><strong>Natale</strong></span> <span class='ocrx_word' id='word_1_83' title='bbox 1131 1225 1187 1280; x_wconf 93' lang='lat' dir='ltr'><strong>S.</strong></span> <span class='ocrx_word' id='word_1_84' title='bbox 1242 1224 1464 1289; x_wconf 81' lang='lat' dir='ltr'><strong>Foeben,</strong></span> <span class='ocrx_word' id='word_1_85' title='bbox 1509 1225 1576 1279; x_wconf 90' lang='lat' dir='ltr'><strong>de</strong></span> <span class='ocrx_word' id='word_1_86' title='bbox 1622 1238 1727 1292; x_wconf 83' lang='lat' dir='ltr'><strong>qua</strong></span> 
     </span>
    </p>
   </div>
   <div class='ocr_carea' id='block_1_14' title="bbox 206 1315 1731 1388">
    <p class='ocr_par' dir='ltr' id='par_1_14' title="bbox 206 1315 1731 1388">
     <span class='ocr_line' id='line_1_14' title="bbox 206 1315 1731 1388; baseline -0.005 -16"><span class='ocrx_word' id='word_1_87' title='bbox 206 1318 497 1388; x_wconf 84' lang='lat' dir='ltr'><strong>Apostolus</strong></span> <span class='ocrx_word' id='word_1_88' title='bbox 556 1316 814 1374; x_wconf 79' lang='lat' dir='ltr'><strong>Romanis</strong></span> <span class='ocrx_word' id='word_1_89' title='bbox 870 1316 1060 1372; x_wconf 87' lang='lat' dir='ltr'><strong>scribit</strong></span> <span class='ocrx_word' id='word_1_90' title='bbox 1106 1331 1120 1370; x_wconf 89' lang='lat'><strong>:</strong></span> <span class='ocrx_word' id='word_1_91' title='bbox 1189 1315 1505 1369; x_wconf 75' lang='lat' dir='ltr'><strong>Conmendo</strong></span> <span class='ocrx_word' id='word_1_92' title='bbox 1555 1323 1731 1368; x_wconf 83' lang='lat' dir='ltr'><strong>autent</strong></span> 
     </span>
    </p>
   </div>
   <div class='ocr_carea' id='block_1_15' title="bbox 209 1405 1728 1474">
    <p class='ocr_par' dir='ltr' id='par_1_15' title="bbox 209 1405 1728 1474">
     <span class='ocr_line' id='line_1_15' title="bbox 209 1405 1728 1474; baseline -0.002 -11"><span class='ocrx_word' id='word_1_93' title='bbox 209 1409 344 1463; x_wconf 73' lang='lat' dir='ltr'><strong>vobis</strong></span> <span class='ocrx_word' id='word_1_94' title='bbox 392 1407 605 1474; x_wconf 70' lang='lat' dir='ltr'><strong>Forben,</strong></span> <span class='ocrx_word' id='word_1_95' title='bbox 647 1417 753 1463; x_wconf 88' lang='lat' dir='ltr'><strong>etc.</strong></span> <span class='ocrx_word' id='word_1_96' title='bbox 798 1407 984 1462; x_wconf 68' lang='lat' dir='ltr'><strong>Romae</strong></span> <span class='ocrx_word' id='word_1_97' title='bbox 1032 1407 1478 1464; x_wconf 85' lang='lat' dir='ltr'><strong>commemoratio</strong></span> <span class='ocrx_word' id='word_1_98' title='bbox 1517 1405 1579 1460; x_wconf 86' lang='grc' dir='ltr'>Β.</span> <span class='ocrx_word' id='word_1_99' title='bbox 1628 1405 1728 1460; x_wconf 82' lang='lat' dir='ltr'><strong>Sc-</strong></span> 
     </span>
    </p>
   </div>
   <div class='ocr_carea' id='block_1_16' title="bbox 205 1500 1728 1571">
    <p class='ocr_par' dir='ltr' id='par_1_16' title="bbox 205 1500 1728 1571">
     <span class='ocr_line' id='line_1_16' title="bbox 205 1500 1728 1571; baseline -0.003 -16"><span class='ocrx_word' id='word_1_100' title='bbox 205 1500 413 1569; x_wconf 84' lang='lat' dir='ltr'><strong>raphiae</strong></span> <span class='ocrx_word' id='word_1_101' title='bbox 463 1501 690 1571; x_wconf 78' lang='lat' dir='ltr'><strong>virginis</strong></span> <span class='ocrx_word' id='word_1_102' title='bbox 736 1509 791 1555; x_wconf 91' lang='lat' dir='ltr'><strong>et</strong></span> <span class='ocrx_word' id='word_1_103' title='bbox 837 1500 1111 1569; x_wconf 80' lang='lat' dir='ltr'><strong>martyris,</strong></span> <span class='ocrx_word' id='word_1_104' title='bbox 1159 1512 1282 1568; x_wconf 70' lang='lat' dir='ltr'><strong>quae</strong></span> <span class='ocrx_word' id='word_1_105' title='bbox 1331 1513 1490 1568; x_wconf 89' lang='lat' dir='ltr'><strong>passa</strong></span> <span class='ocrx_word' id='word_1_106' title='bbox 1545 1505 1632 1553; x_wconf 87' lang='lat' dir='ltr'><strong>est</strong></span> <span class='ocrx_word' id='word_1_107' title='bbox 1677 1512 1728 1552; x_wconf 86' lang='lat' dir='ltr'><strong>Iv</strong></span> 
     </span>
    </p>
   </div>
   <div class='ocr_carea' id='block_1_17' title="bbox 1829 1130 2660 1200">
    <p class='ocr_par' dir='ltr' id='par_1_17' title="bbox 1829 1130 2660 1200">
     <span class='ocr_line' id='line_1_17' title="bbox 1829 1130 2660 1200; baseline 0.002 -16"><span class='ocrx_word' id='word_1_108' title='bbox 1829 1130 1871 1184; x_wconf 91' lang='lat' dir='ltr'><strong>ll</strong></span> <span class='ocrx_word' id='word_1_109' title='bbox 1899 1131 2022 1186; x_wconf 74' lang='lat' dir='ltr'><strong>ldus</strong></span> <span class='ocrx_word' id='word_1_110' title='bbox 2054 1131 2202 1200; x_wconf 88' lang='lat' dir='ltr'><strong>Sept.</strong></span> <span class='ocrx_word' id='word_1_111' title='bbox 2234 1133 2388 1200; x_wconf 82' lang='lat' dir='ltr'><strong>Apud</strong></span> <span class='ocrx_word' id='word_1_112' title='bbox 2417 1133 2660 1186; x_wconf 89' lang='lat' dir='ltr'><strong>Ticinum</strong></span> 
     </span>
    </p>
   </div>
   <div class='ocr_carea' id='block_1_18' title="bbox 1899 310 3412 380">
    <p class='ocr_par' dir='ltr' id='par_1_18' title="bbox 1899 310 3412 380">
     <span class='ocr_line' id='line_1_18' title="bbox 1899 310 3412 380; baseline 0.007 -18"><span class='ocrx_word' id='word_1_113' title='bbox 1899 320 2055 364; x_wconf 89' lang='lat' dir='ltr'><strong>actus</strong></span> <span class='ocrx_word' id='word_1_114' title='bbox 2118 310 2334 380; x_wconf 79' lang='lat' dir='ltr'><strong>gloriosi</strong></span> <span class='ocrx_word' id='word_1_115' title='bbox 2404 311 2688 368; x_wconf 87' lang='lat' dir='ltr'><strong>habentur.</strong></span> <span class='ocrx_word' id='word_1_116' title='bbox 2749 315 2802 367; x_wconf 94' lang='lat' dir='ltr'><strong>ln</strong></span> <span class='ocrx_word' id='word_1_117' title='bbox 2853 315 3170 372; x_wconf 89' lang='lat' dir='ltr'><strong>Calcedonia</strong></span> <span class='ocrx_word' id='word_1_118' title='bbox 3231 319 3412 374; x_wconf 84' lang='lat' dir='ltr'><strong>natale</strong></span> 
     </span>
    </p>
   </div>
   <div class='ocr_carea' id='block_1_19' title="bbox 1899 397 3412 475">
    <p class='ocr_par' dir='ltr' id='par_1_19' title="bbox 1899 397 3412 475">
     <span class='ocr_line' id='line_1_19' title="bbox 1899 397 3412 475; baseline 0.007 -23"><span class='ocrx_word' id='word_1_119' title='bbox 1899 397 2000 452; x_wconf 87' lang='lat' dir='ltr'><strong>SS.</strong></span> <span class='ocrx_word' id='word_1_120' title='bbox 2036 398 2281 455; x_wconf 73' lang='lat' dir='ltr'><strong>Sosmnis</strong></span> <span class='ocrx_word' id='word_1_121' title='bbox 2309 408 2361 454; x_wconf 93' lang='lat' dir='ltr'><strong>et</strong></span> <span class='ocrx_word' id='word_1_122' title='bbox 2397 402 2653 469; x_wconf 81' lang='lat' dir='ltr'><strong>Victoris,</strong></span> <span class='ocrx_word' id='word_1_123' title='bbox 2677 405 2767 473; x_wconf 91' lang='lat' dir='ltr'><strong>qui</strong></span> <span class='ocrx_word' id='word_1_124' title='bbox 2801 415 2916 475; x_wconf 89' lang='lat' dir='ltr'><strong>post</strong></span> <span class='ocrx_word' id='word_1_125' title='bbox 2953 407 3100 460; x_wconf 87' lang='lat' dir='ltr'><strong>varia</strong></span> <span class='ocrx_word' id='word_1_126' title='bbox 3145 417 3412 464; x_wconf 85' lang='lat' dir='ltr'><strong>tormenta</strong></span> 
     </span>
    </p>
   </div>
   <div class='ocr_carea' id='block_1_20' title="bbox 1898 491 3412 561">
    <p class='ocr_par' dir='ltr' id='par_1_20' title="bbox 1898 491 3412 561">
     <span class='ocr_line' id='line_1_20' title="bbox 1898 491 3412 561; baseline 0.008 -17"><span class='ocrx_word' id='word_1_127' title='bbox 1898 491 2272 548; x_wconf 86' lang='lat' dir='ltr'><strong>incumbentes</strong></span> <span class='ocrx_word' id='word_1_128' title='bbox 2299 494 2556 561; x_wconf 88' lang='lat' dir='ltr'><strong>orationi,</strong></span> <span class='ocrx_word' id='word_1_129' title='bbox 2581 497 2754 551; x_wconf 84' lang='lat' dir='ltr'><strong>vocati</strong></span> <span class='ocrx_word' id='word_1_130' title='bbox 2789 499 2854 552; x_wconf 91' lang='lat' dir='ltr'><strong>de</strong></span> <span class='ocrx_word' id='word_1_131' title='bbox 2881 497 3021 554; x_wconf 86' lang='lat' dir='ltr'><strong>coelo</strong></span> <span class='ocrx_word' id='word_1_132' title='bbox 3046 499 3284 556; x_wconf 76' lang='lat' dir='ltr'><strong>datoque</strong></span> <span class='ocrx_word' id='word_1_133' title='bbox 3308 501 3412 556; x_wconf 90' lang='lat' dir='ltr'><strong>sibi</strong></span> 
     </span>
    </p>
   </div>
   <div class='ocr_carea' id='block_1_21' title="bbox 1898 582 3131 656">
    <p class='ocr_par' dir='ltr' id='par_1_21' title="bbox 1898 582 3131 656">
     <span class='ocr_line' id='line_1_21' title="bbox 1898 582 3131 656; baseline 0.006 -19"><span class='ocrx_word' id='word_1_134' title='bbox 1898 582 2127 638; x_wconf 86' lang='lat' dir='ltr'><strong>invicem</strong></span> <span class='ocrx_word' id='word_1_135' title='bbox 2153 587 2300 653; x_wconf 88' lang='lat' dir='ltr'><strong>pacis</strong></span> <span class='ocrx_word' id='word_1_136' title='bbox 2320 586 2504 640; x_wconf 80' lang='lat' dir='ltr'><strong>osculo</strong></span> <span class='ocrx_word' id='word_1_137' title='bbox 2531 587 2779 656; x_wconf 89' lang='lat' dir='ltr'><strong>spiritum</strong></span> <span class='ocrx_word' id='word_1_138' title='bbox 2812 590 3131 646; x_wconf 87' lang='lat' dir='ltr'><strong>emiserunt.</strong></span> 
     </span>
    </p>
   </div>
   <div class='ocr_carea' id='block_1_22' title="bbox 1972 671 3365 748">
    <p class='ocr_par' dir='ltr' id='par_1_22' title="bbox 1972 671 3365 748">
     <span class='ocr_line' id='line_1_22' title="bbox 1972 671 3365 748; baseline 0.007 -23"><span class='ocrx_word' id='word_1_139' title='bbox 1972 671 2110 726; x_wconf 73' lang='lat' dir='ltr'><strong>Obiit</strong></span> <span class='ocrx_word' id='word_1_140' title='bbox 2138 673 2463 730; x_wconf 81' lang='lat' dir='ltr'><strong>Illudovicus</strong></span> <span class='ocrx_word' id='word_1_141' title='bbox 2488 679 2853 738; x_wconf 84' lang='lat' dir='ltr'><strong>serenissimus</strong></span> <span class='ocrx_word' id='word_1_142' title='bbox 2883 697 2973 734; x_wconf 81' lang='lat' dir='ltr'><strong>rea:</strong></span> <span class='ocrx_word' id='word_1_143' title='bbox 2993 680 3135 748; x_wconf 84' lang='lat' dir='ltr'><strong>ﬁlius</strong></span> <span class='ocrx_word' id='word_1_144' title='bbox 3158 679 3365 735; x_wconf 88' lang='lat' dir='ltr'><strong>Karoli.</strong></span> 
     </span>
    </p>
   </div>
   <div class='ocr_carea' id='block_1_23' title="bbox 1828 765 3416 834">
    <p class='ocr_par' dir='ltr' id='par_1_23' title="bbox 1828 765 3416 834">
     <span class='ocr_line' id='line_1_23' title="bbox 1828 765 3416 834; baseline 0.004 -15"><span class='ocrx_word' id='word_1_145' title='bbox 1828 765 1891 820; x_wconf 94' lang='lat' dir='ltr'><strong>lll</strong></span> <span class='ocrx_word' id='word_1_146' title='bbox 1947 765 2068 819; x_wconf 89' lang='lat' dir='ltr'><strong>ldus</strong></span> <span class='ocrx_word' id='word_1_147' title='bbox 2102 765 2252 834; x_wconf 83' lang='lat' dir='ltr'><strong>Sept.</strong></span> <span class='ocrx_word' id='word_1_148' title='bbox 2312 766 2496 821; x_wconf 69' lang='lat' dir='ltr'><strong>[tuum</strong></span> <span class='ocrx_word' id='word_1_149' title='bbox 2550 768 2602 822; x_wconf 93' lang='lat' dir='ltr'><strong>in</strong></span> <span class='ocrx_word' id='word_1_150' title='bbox 2657 770 2925 826; x_wconf 89' lang='lat' dir='ltr'><strong>cimiterio</strong></span> <span class='ocrx_word' id='word_1_151' title='bbox 2968 770 3184 834; x_wconf 75' lang='lat' dir='ltr'><strong>Basillte</strong></span> <span class='ocrx_word' id='word_1_152' title='bbox 3237 771 3416 826; x_wconf 88' lang='lat' dir='ltr'><strong>natale</strong></span> 
     </span>
    </p>
   </div>
   <div class='ocr_carea' id='block_1_24' title="bbox 1901 855 3416 930">
    <p class='ocr_par' dir='ltr' id='par_1_24' title="bbox 1901 855 3416 930">
     <span class='ocr_line' id='line_1_24' title="bbox 1901 855 3416 930; baseline 0.006 -19"><span class='ocrx_word' id='word_1_153' title='bbox 1901 855 1998 911; x_wconf 91' lang='lat' dir='ltr'><strong>SS.</strong></span> <span class='ocrx_word' id='word_1_154' title='bbox 2024 867 2324 930; x_wconf 86' lang='lat' dir='ltr'><strong>martyrum</strong></span> <span class='ocrx_word' id='word_1_155' title='bbox 2355 859 2504 914; x_wconf 90' lang='lat' dir='ltr'><strong>Proti</strong></span> <span class='ocrx_word' id='word_1_156' title='bbox 2540 870 2596 916; x_wconf 88' lang='lat' dir='ltr'><strong>et</strong></span> <span class='ocrx_word' id='word_1_157' title='bbox 2618 859 2843 927; x_wconf 84' lang='lat' dir='ltr'><strong>Jacinti,</strong></span> <span class='ocrx_word' id='word_1_158' title='bbox 2875 862 2967 930; x_wconf 91' lang='lat' dir='ltr'><strong>qui</strong></span> <span class='ocrx_word' id='word_1_159' title='bbox 2999 861 3217 921; x_wconf 79' lang='lat' dir='ltr'><strong>fu&#39;erunt</strong></span> <span class='ocrx_word' id='word_1_160' title='bbox 3244 877 3416 920; x_wconf 84' lang='lat' dir='ltr'><strong>ennu-</strong></span> 
     </span>
    </p>
   </div>
   <div class='ocr_carea' id='block_1_25' title="bbox 1898 947 3415 1021">
    <p class='ocr_par' dir='ltr' id='par_1_25' title="bbox 1898 947 3415 1021">
     <span class='ocr_line' id='line_1_25' title="bbox 1898 947 3415 1021; baseline 0.003 -19"><span class='ocrx_word' id='word_1_161' title='bbox 1898 947 1986 1002; x_wconf 91' lang='lat' dir='ltr'><strong>chi</strong></span> <span class='ocrx_word' id='word_1_162' title='bbox 2017 958 2220 1004; x_wconf 70' lang='lat' dir='ltr'><strong>sanctze</strong></span> <span class='ocrx_word' id='word_1_163' title='bbox 2253 949 2504 1018; x_wconf 75' lang='lat' dir='ltr'><strong>Eugenia:</strong></span> <span class='ocrx_word' id='word_1_164' title='bbox 2537 951 2777 1021; x_wconf 80' lang='lat' dir='ltr'><strong>virginis.</strong></span> <span class='ocrx_word' id='word_1_165' title='bbox 2810 951 3074 1020; x_wconf 88' lang='lat' dir='ltr'><strong>Lugduno</strong></span> <span class='ocrx_word' id='word_1_166' title='bbox 3103 951 3291 1007; x_wconf 66' lang='lat' dir='ltr'><strong>Gallice</strong></span> <span class='ocrx_word' id='word_1_167' title='bbox 3318 954 3415 1006; x_wconf 85' lang='lat' dir='ltr'><strong>de-</strong></span> 
     </span>
    </p>
   </div>
   <div class='ocr_carea' id='block_1_26' title="bbox 1899 1041 3202 1113">
    <p class='ocr_par' dir='ltr' id='par_1_26' title="bbox 1899 1041 3202 1113">
     <span class='ocr_line' id='line_1_26' title="bbox 1899 1041 3202 1113; baseline 0.002 -18"><span class='ocrx_word' id='word_1_168' title='bbox 1899 1041 2097 1111; x_wconf 87' lang='lat' dir='ltr'><strong>positio</strong></span> <span class='ocrx_word' id='word_1_169' title='bbox 2127 1043 2185 1096; x_wconf 91' lang='lat' dir='ltr'><strong>S.</strong></span> <span class='ocrx_word' id='word_1_170' title='bbox 2217 1042 2482 1098; x_wconf 80' lang='lat' dir='ltr'><strong>Patientis</strong></span> <span class='ocrx_word' id='word_1_171' title='bbox 2509 1044 2746 1113; x_wconf 88' lang='lat' dir='ltr'><strong>episc0pi</strong></span> <span class='ocrx_word' id='word_1_172' title='bbox 2774 1052 2827 1098; x_wconf 87' lang='lat' dir='ltr'><strong>et</strong></span> <span class='ocrx_word' id='word_1_173' title='bbox 2855 1043 3202 1098; x_wconf 73' lang='lat' dir='ltr'><strong>confessoris.</strong></span> 
     </span>
    </p>
   </div>
   <div class='ocr_carea' id='block_1_27' title="bbox 2705 1132 3422 1203">
    <p class='ocr_par' dir='ltr' id='par_1_27' title="bbox 2705 1132 3422 1203">
     <span class='ocr_line' id='line_1_27' title="bbox 2705 1132 3422 1203; baseline 0.001 -16"><span class='ocrx_word' id='word_1_174' title='bbox 2705 1175 2718 1187; x_wconf 93' lang='lat'><strong>.</strong></span> <span class='ocrx_word' id='word_1_175' title='bbox 2759 1173 2774 1188; x_wconf 95' lang='lat'><strong>.</strong></span> <span class='ocrx_word' id='word_1_176' title='bbox 2814 1173 2829 1188; x_wconf 94' lang='lat'><strong>.</strong></span> <span class='ocrx_word' id='word_1_177' title='bbox 2870 1134 2956 1203; x_wconf 90' lang='lat' dir='ltr'><strong>pia</strong></span> <span class='ocrx_word' id='word_1_178' title='bbox 2995 1135 3212 1198; x_wconf 85' lang='lat' dir='ltr'><strong>dicitur,</strong></span> <span class='ocrx_word' id='word_1_179' title='bbox 3245 1132 3422 1188; x_wconf 84' lang='lat' dir='ltr'><strong>natale</strong></span> 
     </span>
    </p>
   </div>
   <div class='ocr_carea' id='block_1_28' title="bbox 1897 1221 3422 1295">
    <p class='ocr_par' dir='ltr' id='par_1_28' title="bbox 1897 1221 3422 1295">
     <span class='ocr_line' id='line_1_28' title="bbox 1897 1221 3422 1295; baseline 0.001 -19"><span class='ocrx_word' id='word_1_180' title='bbox 1897 1221 2002 1276; x_wconf 88' lang='lat' dir='ltr'><strong>SS.</strong></span> <span class='ocrx_word' id='word_1_181' title='bbox 2033 1221 2411 1277; x_wconf 73' lang='lat' dir='ltr'><strong>confessor-um</strong></span> <span class='ocrx_word' id='word_1_182' title='bbox 2442 1223 2563 1295; x_wconf 86' lang='lat' dir='ltr'><strong>Syri</strong></span> <span class='ocrx_word' id='word_1_183' title='bbox 2594 1233 2649 1278; x_wconf 88' lang='lat' dir='ltr'><strong>et</strong></span> <span class='ocrx_word' id='word_1_184' title='bbox 2684 1224 2912 1289; x_wconf 81' lang='lat' dir='ltr'><strong>Yventii,</strong></span> <span class='ocrx_word' id='word_1_185' title='bbox 2940 1224 3032 1293; x_wconf 91' lang='lat' dir='ltr'><strong>qui</strong></span> <span class='ocrx_word' id='word_1_186' title='bbox 3055 1223 3290 1294; x_wconf 89' lang='lat' dir='ltr'><strong>glorioso</strong></span> <span class='ocrx_word' id='word_1_187' title='bbox 3317 1223 3422 1277; x_wconf 85' lang='lat' dir='ltr'><strong>line</strong></span> 
     </span>
    </p>
   </div>
   <div class='ocr_carea' id='block_1_29' title="bbox 1898 1318 3419 1389">
    <p class='ocr_par' dir='ltr' id='par_1_29' title="bbox 1898 1318 3419 1389">
     <span class='ocr_line' id='line_1_29' title="bbox 1898 1318 3419 1389; baseline -0.001 -17"><span class='ocrx_word' id='word_1_188' title='bbox 1898 1320 2224 1389; x_wconf 81' lang='lat' dir='ltr'><strong>quieverunt</strong></span> <span class='ocrx_word' id='word_1_189' title='bbox 2269 1319 2321 1372; x_wconf 91' lang='lat' dir='ltr'><strong>in</strong></span> <span class='ocrx_word' id='word_1_190' title='bbox 2359 1333 2508 1389; x_wconf 89' lang='lat' dir='ltr'><strong>pace.</strong></span> <span class='ocrx_word' id='word_1_191' title='bbox 2557 1320 2624 1374; x_wconf 87' lang='lat' dir='ltr'><strong>Et</strong></span> <span class='ocrx_word' id='word_1_192' title='bbox 2665 1320 2717 1374; x_wconf 91' lang='lat' dir='ltr'><strong>in</strong></span> <span class='ocrx_word' id='word_1_193' title='bbox 2760 1318 2943 1374; x_wconf 90' lang='lat' dir='ltr'><strong>Sicilia</strong></span> <span class='ocrx_word' id='word_1_194' title='bbox 2973 1319 3189 1372; x_wconf 86' lang='lat' dir='ltr'><strong>civitate</strong></span> <span class='ocrx_word' id='word_1_195' title='bbox 3217 1318 3419 1373; x_wconf 88' lang='lat' dir='ltr'><strong>Catena</strong></span> 
     </span>
    </p>
   </div>
   <div class='ocr_carea' id='block_1_30' title="bbox 1905 1407 3424 1480">
    <p class='ocr_par' dir='ltr' id='par_1_30' title="bbox 1905 1407 3424 1480">
     <span class='ocr_line' id='line_1_30' title="bbox 1905 1407 3424 1480; baseline -0.001 -17"><span class='ocrx_word' id='word_1_196' title='bbox 1905 1409 1962 1463; x_wconf 92' lang='lat' dir='ltr'><strong>S.</strong></span> <span class='ocrx_word' id='word_1_197' title='bbox 1990 1409 2146 1479; x_wconf 89' lang='lat' dir='ltr'><strong>Eupli</strong></span> <span class='ocrx_word' id='word_1_198' title='bbox 2176 1418 2232 1463; x_wconf 87' lang='lat' dir='ltr'><strong>et</strong></span> <span class='ocrx_word' id='word_1_199' title='bbox 2255 1410 2398 1464; x_wconf 87' lang='lat' dir='ltr'><strong>beati</strong></span> <span class='ocrx_word' id='word_1_200' title='bbox 2421 1409 2734 1480; x_wconf 83' lang='lat' dir='ltr'><strong>Serapionis</strong></span> <span class='ocrx_word' id='word_1_201' title='bbox 2760 1409 3017 1479; x_wconf 86' lang='lat' dir='ltr'><strong>episcopi.</strong></span> <span class='ocrx_word' id='word_1_202' title='bbox 3049 1407 3424 1477; x_wconf 81' lang='lat' dir='ltr'><strong>Augustiduno</strong></span> 
     </span>
    </p>
   </div>
   <div class='ocr_carea' id='block_1_31' title="bbox 1903 1498 3174 1570">
    <p class='ocr_par' dir='ltr' id='par_1_31' title="bbox 1903 1498 3174 1570">
     <span class='ocr_line' id='line_1_31' title="bbox 1903 1498 3174 1570; baseline -0.002 -17"><span class='ocrx_word' id='word_1_203' title='bbox 1903 1499 2122 1554; x_wconf 88' lang='lat' dir='ltr'><strong>civitate</strong></span> <span class='ocrx_word' id='word_1_204' title='bbox 2151 1498 2208 1554; x_wconf 90' lang='lat' dir='ltr'><strong>S.</strong></span> <span class='ocrx_word' id='word_1_205' title='bbox 2245 1499 2434 1554; x_wconf 84' lang='lat' dir='ltr'><strong>Evanti</strong></span> <span class='ocrx_word' id='word_1_206' title='bbox 2468 1501 2704 1570; x_wconf 87' lang='lat' dir='ltr'><strong>episcopi</strong></span> <span class='ocrx_word' id='word_1_207' title='bbox 2740 1509 2796 1555; x_wconf 89' lang='lat' dir='ltr'><strong>et</strong></span> <span class='ocrx_word' id='word_1_208' title='bbox 2823 1498 3174 1554; x_wconf 81' lang='lat' dir='ltr'><strong>confessoris.</strong></span> 
     </span>
    </p>
   </div>
   <div class='ocr_carea' id='block_1_32' title="bbox 207 1585 3420 1662">
    <p class='ocr_par' dir='ltr' id='par_1_32' title="bbox 207 1585 3420 1662">
     <span class='ocr_line' id='line_1_32' title="bbox 207 1585 3420 1662; baseline -0.002 -16"><span class='ocrx_word' id='word_1_209' title='bbox 207 1592 480 1648; x_wconf 77' lang='lat' dir='ltr'><strong>Kalendas</strong></span> <span class='ocrx_word' id='word_1_210' title='bbox 524 1593 773 1662; x_wconf 76' lang='lat' dir='ltr'><strong>Augusti,</strong></span> <span class='ocrx_word' id='word_1_211' title='bbox 819 1591 1027 1661; x_wconf 85' lang='lat' dir='ltr'><strong>sepulta</strong></span> <span class='ocrx_word' id='word_1_212' title='bbox 1077 1591 1254 1661; x_wconf 85' lang='lat' dir='ltr'><strong>pridie</strong></span> <span class='ocrx_word' id='word_1_213' title='bbox 1301 1590 1569 1646; x_wconf 83' lang='lat' dir='ltr'><strong>Kalendas</strong></span> <span class='ocrx_word' id='word_1_214' title='bbox 1615 1589 1726 1643; x_wconf 78' lang='lat' dir='ltr'><strong>An-</strong></span> <span class='ocrx_word' id='word_1_215' title='bbox 1760 1585 1804 1645; x_wconf 85' lang='grc' dir='ltr'><strong><em>Β</em></strong></span> <span class='ocrx_word' id='word_1_216' title='bbox 1834 1589 1955 1643; x_wconf 89' lang='lat' dir='ltr'><strong>ldus</strong></span> <span class='ocrx_word' id='word_1_217' title='bbox 1995 1588 2146 1658; x_wconf 86' lang='lat' dir='ltr'><strong>Sept.</strong></span> <span class='ocrx_word' id='word_1_218' title='bbox 2193 1589 2349 1660; x_wconf 86' lang='lat' dir='ltr'><strong>Apud</strong></span> <span class='ocrx_word' id='word_1_219' title='bbox 2386 1589 2680 1661; x_wconf 65' lang='lat' dir='ltr'><strong>Egyptum</strong></span> <span class='ocrx_word' id='word_1_220' title='bbox 2723 1591 2944 1645; x_wconf 79' lang='lat' dir='ltr'><strong>civitate</strong></span> <span class='ocrx_word' id='word_1_221' title='bbox 2985 1589 3308 1644; x_wconf 80' lang='lat' dir='ltr'><strong>Alexandria</strong></span> <span class='ocrx_word' id='word_1_222' title='bbox 3358 1587 3420 1642; x_wconf 86' lang='grc' dir='ltr'>Β.</span> 
     </span>
    </p>
   </div>
   <div class='ocr_carea' id='block_1_33' title="bbox 205 1681 1732 1754">
    <p class='ocr_par' dir='ltr' id='par_1_33' title="bbox 205 1681 1732 1754">
     <span class='ocr_line' id='line_1_33' title="bbox 205 1681 1732 1754; baseline -0.001 -18"><span class='ocrx_word' id='word_1_223' title='bbox 205 1684 368 1754; x_wconf 87' lang='lat' dir='ltr'><strong>gusti,</strong></span> <span class='ocrx_word' id='word_1_224' title='bbox 395 1684 490 1738; x_wconf 86' lang='lat' dir='ltr'><strong>sed</strong></span> <span class='ocrx_word' id='word_1_225' title='bbox 521 1699 572 1738; x_wconf 82' lang='lat' dir='ltr'><strong>tv</strong></span> <span class='ocrx_word' id='word_1_226' title='bbox 599 1682 781 1738; x_wconf 86' lang='lat' dir='ltr'><strong>Nonas</strong></span> <span class='ocrx_word' id='word_1_227' title='bbox 815 1682 1149 1752; x_wconf 82' lang='lat' dir='ltr'><strong>Septembris</strong></span> <span class='ocrx_word' id='word_1_228' title='bbox 1187 1681 1436 1737; x_wconf 89' lang='lat' dir='ltr'><strong>festivior</strong></span> <span class='ocrx_word' id='word_1_229' title='bbox 1461 1681 1581 1735; x_wconf 89' lang='lat' dir='ltr'><strong>dies</strong></span> <span class='ocrx_word' id='word_1_230' title='bbox 1611 1681 1732 1749; x_wconf 85' lang='lat' dir='ltr'><strong>agi-</strong></span> 
     </span>
    </p>
   </div>
   <div class='ocr_carea' id='block_1_34' title="bbox 213 1773 1736 1845">
    <p class='ocr_par' dir='ltr' id='par_1_34' title="bbox 213 1773 1736 1845">
     <span class='ocr_line' id='line_1_34' title="bbox 213 1773 1736 1845; baseline -0.003 -16"><span class='ocrx_word' id='word_1_231' title='bbox 213 1785 323 1841; x_wconf 90' lang='lat' dir='ltr'><strong>tur,</strong></span> <span class='ocrx_word' id='word_1_232' title='bbox 353 1776 572 1845; x_wconf 87' lang='lat' dir='ltr'><strong>quando</strong></span> <span class='ocrx_word' id='word_1_233' title='bbox 613 1775 764 1830; x_wconf 90' lang='lat' dir='ltr'><strong>locus</strong></span> <span class='ocrx_word' id='word_1_234' title='bbox 794 1774 1059 1830; x_wconf 87' lang='lat' dir='ltr'><strong>orationis</strong></span> <span class='ocrx_word' id='word_1_235' title='bbox 1092 1773 1374 1829; x_wconf 85' lang='lat' dir='ltr'><strong>dedicatus</strong></span> <span class='ocrx_word' id='word_1_236' title='bbox 1409 1781 1513 1838; x_wconf 91' lang='lat' dir='ltr'><strong>est,</strong></span> <span class='ocrx_word' id='word_1_237' title='bbox 1549 1780 1604 1826; x_wconf 90' lang='lat' dir='ltr'><strong>et</strong></span> <span class='ocrx_word' id='word_1_238' title='bbox 1652 1784 1736 1825; x_wconf 84' lang='lat' dir='ltr'><strong>se-</strong></span> 
     </span>
    </p>
   </div>
   <div class='ocr_carea' id='block_1_35' title="bbox 210 1860 1738 1938">
    <p class='ocr_par' dir='ltr' id='par_1_35' title="bbox 210 1860 1738 1938">
     <span class='ocr_line' id='line_1_35' title="bbox 210 1860 1738 1938; baseline -0.003 -17"><span class='ocrx_word' id='word_1_239' title='bbox 210 1868 458 1938; x_wconf 89' lang='lat' dir='ltr'><strong>pulcrum</strong></span> <span class='ocrx_word' id='word_1_240' title='bbox 495 1867 611 1935; x_wconf 89' lang='lat' dir='ltr'><strong>ejus</strong></span> <span class='ocrx_word' id='word_1_241' title='bbox 648 1876 896 1921; x_wconf 89' lang='lat' dir='ltr'><strong>ornatum</strong></span> <span class='ocrx_word' id='word_1_242' title='bbox 938 1874 1040 1922; x_wconf 86' lang='lat' dir='ltr'><strong>est.</strong></span> <span class='ocrx_word' id='word_1_243' title='bbox 1082 1865 1237 1935; x_wconf 90' lang='lat' dir='ltr'><strong>Apud</strong></span> <span class='ocrx_word' id='word_1_244' title='bbox 1272 1863 1511 1934; x_wconf 84' lang='lat' dir='ltr'><strong>Capuam</strong></span> <span class='ocrx_word' id='word_1_245' title='bbox 1557 1860 1738 1916; x_wconf 86' lang='lat' dir='ltr'><strong>natale</strong></span> 
     </span>
    </p>
   </div>
   <div class='ocr_carea' id='block_1_36' title="bbox 214 1954 1735 2030">
    <p class='ocr_par' dir='ltr' id='par_1_36' title="bbox 214 1954 1735 2030">
     <span class='ocr_line' id='line_1_36' title="bbox 214 1954 1735 2030; baseline -0.005 -16"><span class='ocrx_word' id='word_1_246' title='bbox 214 1958 315 2016; x_wconf 90' lang='lat' dir='ltr'><strong>SS.</strong></span> <span class='ocrx_word' id='word_1_247' title='bbox 354 1967 652 2030; x_wconf 79' lang='lat' dir='ltr'><strong>martyrum</strong></span> <span class='ocrx_word' id='word_1_248' title='bbox 682 1958 941 2014; x_wconf 88' lang='lat' dir='ltr'><strong>Antonini</strong></span> <span class='ocrx_word' id='word_1_249' title='bbox 976 1956 1127 2028; x_wconf 89' lang='lat' dir='ltr'><strong>pueri</strong></span> <span class='ocrx_word' id='word_1_250' title='bbox 1161 1969 1216 2012; x_wconf 91' lang='lat' dir='ltr'><strong>ct</strong></span> <span class='ocrx_word' id='word_1_251' title='bbox 1243 1955 1442 2011; x_wconf 89' lang='lat' dir='ltr'><strong>Aristei</strong></span> <span class='ocrx_word' id='word_1_252' title='bbox 1477 1954 1735 2024; x_wconf 89' lang='lat' dir='ltr'><strong>episcopi.</strong></span> 
     </span>
    </p>
   </div>
   <div class='ocr_carea' id='block_1_37' title="bbox 149 2044 1741 2120">
    <p class='ocr_par' dir='ltr' id='par_1_37' title="bbox 149 2044 1741 2120">
     <span class='ocr_line' id='line_1_37' title="bbox 149 2044 1741 2120; baseline -0.006 -14"><span class='ocrx_word' id='word_1_253' title='bbox 149 2049 322 2106; x_wconf 89' lang='lat' dir='ltr'><strong>Pridie</strong></span> <span class='ocrx_word' id='word_1_254' title='bbox 360 2050 540 2105; x_wconf 80' lang='lat' dir='ltr'><strong>Nonas</strong></span> <span class='ocrx_word' id='word_1_255' title='bbox 580 2049 940 2120; x_wconf 86' lang='lat' dir='ltr'><strong>Septembris.</strong></span> <span class='ocrx_word' id='word_1_256' title='bbox 975 2048 1140 2118; x_wconf 83' lang='lat' dir='ltr'><strong>Moysi</strong></span> <span class='ocrx_word' id='word_1_257' title='bbox 1188 2046 1535 2117; x_wconf 86' lang='lat' dir='ltr'><strong>legislatoris.</strong></span> <span class='ocrx_word' id='word_1_258' title='bbox 1579 2044 1741 2099; x_wconf 89' lang='lat' dir='ltr'><strong>Cabi-</strong></span> 
     </span>
    </p>
   </div>
   <div class='ocr_carea' id='block_1_38' title="bbox 210 2136 1737 2210">
    <p class='ocr_par' dir='ltr' id='par_1_38' title="bbox 210 2136 1737 2210">
     <span class='ocr_line' id='line_1_38' title="bbox 210 2136 1737 2210; baseline -0.003 -15"><span class='ocrx_word' id='word_1_259' title='bbox 210 2141 350 2197; x_wconf 92' lang='lat' dir='ltr'><strong>lonis</strong></span> <span class='ocrx_word' id='word_1_260' title='bbox 381 2144 600 2197; x_wconf 84' lang='lat' dir='ltr'><strong>civitate</strong></span> <span class='ocrx_word' id='word_1_261' title='bbox 630 2141 807 2196; x_wconf 86' lang='lat' dir='ltr'><strong>natale</strong></span> <span class='ocrx_word' id='word_1_262' title='bbox 839 2141 896 2195; x_wconf 91' lang='lat' dir='ltr'><strong>S.</strong></span> <span class='ocrx_word' id='word_1_263' title='bbox 930 2139 1171 2195; x_wconf 85' lang='lat' dir='ltr'><strong>Marcelli</strong></span> <span class='ocrx_word' id='word_1_264' title='bbox 1207 2139 1482 2210; x_wconf 87' lang='lat' dir='ltr'><strong>martyris.</strong></span> <span class='ocrx_word' id='word_1_265' title='bbox 1514 2137 1580 2190; x_wconf 87' lang='lat' dir='ltr'><strong>Et</strong></span> <span class='ocrx_word' id='word_1_266' title='bbox 1609 2136 1737 2191; x_wconf 89' lang='lat' dir='ltr'><strong>alibi</strong></span> 
     </span>
    </p>
   </div>
   <div class='ocr_carea' id='block_1_39' title="bbox 220 2225 1737 2301">
    <p class='ocr_par' dir='ltr' id='par_1_39' title="bbox 220 2225 1737 2301">
     <span class='ocr_line' id='line_1_39' title="bbox 220 2225 1737 2301; baseline -0.005 -16"><span class='ocrx_word' id='word_1_267' title='bbox 220 2231 404 2285; x_wconf 87' lang='lat' dir='ltr'><strong>natale</strong></span> <span class='ocrx_word' id='word_1_268' title='bbox 436 2229 538 2285; x_wconf 88' lang='lat' dir='ltr'><strong>SS.</strong></span> <span class='ocrx_word' id='word_1_269' title='bbox 579 2240 880 2301; x_wconf 86' lang='lat' dir='ltr'><strong>martyrum</strong></span> <span class='ocrx_word' id='word_1_270' title='bbox 912 2230 1114 2295; x_wconf 81' lang='lat' dir='ltr'><strong>Ruﬁni,</strong></span> <span class='ocrx_word' id='word_1_271' title='bbox 1143 2228 1348 2283; x_wconf 88' lang='lat' dir='ltr'><strong>Silvani</strong></span> <span class='ocrx_word' id='word_1_272' title='bbox 1389 2237 1444 2281; x_wconf 90' lang='lat' dir='ltr'><strong>et</strong></span> <span class='ocrx_word' id='word_1_273' title='bbox 1473 2225 1737 2280; x_wconf 67' lang='lat' dir='ltr'><strong>Vitalicte.</strong></span> 
     </span>
    </p>
   </div>
   <div class='ocr_carea' id='block_1_40' title="bbox 206 2316 1741 2376">
    <p class='ocr_par' dir='ltr' id='par_1_40' title="bbox 206 2316 1741 2376">
     <span class='ocr_line' id='line_1_40' title="bbox 206 2316 1741 2376; baseline -0.005 0"><span class='ocrx_word' id='word_1_274' title='bbox 206 2321 398 2376; x_wconf 68' lang='lat' dir='ltr'><strong>Romae</strong></span> <span class='ocrx_word' id='word_1_275' title='bbox 436 2323 489 2375; x_wconf 90' lang='lat' dir='ltr'><strong>in</strong></span> <span class='ocrx_word' id='word_1_276' title='bbox 525 2321 793 2376; x_wconf 86' lang='lat' dir='ltr'><strong>cimiterio</strong></span> <span class='ocrx_word' id='word_1_277' title='bbox 833 2319 1053 2375; x_wconf 77' lang='lat' dir='ltr'><strong>Maximi</strong></span> <span class='ocrx_word' id='word_1_278' title='bbox 1098 2319 1184 2373; x_wconf 86' lang='lat' dir='ltr'><strong>via</strong></span> <span class='ocrx_word' id='word_1_279' title='bbox 1229 2317 1506 2374; x_wconf 86' lang='lat' dir='ltr'><strong>Salutaria</strong></span> <span class='ocrx_word' id='word_1_280' title='bbox 1559 2316 1741 2372; x_wconf 87' lang='lat' dir='ltr'><strong>natale</strong></span> 
     </span>
    </p>
   </div>
   <div class='ocr_carea' id='block_1_41' title="bbox 209 2411 976 2482">
    <p class='ocr_par' dir='ltr' id='par_1_41' title="bbox 209 2411 976 2482">
     <span class='ocr_line' id='line_1_41' title="bbox 209 2411 976 2482; baseline -0.001 -14"><span class='ocrx_word' id='word_1_281' title='bbox 209 2413 390 2468; x_wconf 85' lang='lat' dir='ltr'><strong>sancti</strong></span> <span class='ocrx_word' id='word_1_282' title='bbox 425 2412 686 2468; x_wconf 85' lang='lat' dir='ltr'><strong>Bonifacii</strong></span> <span class='ocrx_word' id='word_1_283' title='bbox 715 2411 976 2482; x_wconf 88' lang='lat' dir='ltr'><strong>episcopi.</strong></span> 
     </span>
    </p>
   </div>
   <div class='ocr_carea' id='block_1_42' title="bbox 150 2497 1741 2572">
    <p class='ocr_par' dir='ltr' id='par_1_42' title="bbox 150 2497 1741 2572">
     <span class='ocr_line' id='line_1_42' title="bbox 150 2497 1741 2572; baseline -0.004 -14"><span class='ocrx_word' id='word_1_284' title='bbox 150 2501 324 2558; x_wconf 88' lang='lat' dir='ltr'><strong>Nonas</strong></span> <span class='ocrx_word' id='word_1_285' title='bbox 363 2501 719 2572; x_wconf 84' lang='lat' dir='ltr'><strong>Septembris.</strong></span> <span class='ocrx_word' id='word_1_286' title='bbox 767 2503 822 2556; x_wconf 92' lang='lat' dir='ltr'><strong>ln</strong></span> <span class='ocrx_word' id='word_1_287' title='bbox 865 2501 1126 2557; x_wconf 89' lang='lat' dir='ltr'><strong>suburbio</strong></span> <span class='ocrx_word' id='word_1_288' title='bbox 1156 2501 1341 2556; x_wconf 74' lang='lat' dir='ltr'><strong>Romae</strong></span> <span class='ocrx_word' id='word_1_289' title='bbox 1384 2499 1527 2554; x_wconf 87' lang='lat' dir='ltr'><strong>beati</strong></span> <span class='ocrx_word' id='word_1_290' title='bbox 1561 2497 1741 2553; x_wconf 80' lang='lat' dir='ltr'><strong>Victo-</strong></span> 
     </span>
    </p>
   </div>
   <div class='ocr_carea' id='block_1_43' title="bbox 211 2588 1738 2662">
    <p class='ocr_par' dir='ltr' id='par_1_43' title="bbox 211 2588 1738 2662">
     <span class='ocr_line' id='line_1_43' title="bbox 211 2588 1738 2662; baseline -0.003 -16"><span class='ocrx_word' id='word_1_291' title='bbox 211 2592 314 2646; x_wconf 91' lang='lat' dir='ltr'><strong>rini</strong></span> <span class='ocrx_word' id='word_1_292' title='bbox 346 2593 618 2662; x_wconf 86' lang='lat' dir='ltr'><strong>martyris.</strong></span> <span class='ocrx_word' id='word_1_293' title='bbox 645 2592 828 2647; x_wconf 77' lang='lat' dir='ltr'><strong>Romze</strong></span> <span class='ocrx_word' id='word_1_294' title='bbox 856 2592 908 2646; x_wconf 93' lang='lat' dir='ltr'><strong>in</strong></span> <span class='ocrx_word' id='word_1_295' title='bbox 939 2591 1107 2646; x_wconf 85' lang='lat' dir='ltr'><strong>Portu</strong></span> <span class='ocrx_word' id='word_1_296' title='bbox 1134 2589 1314 2645; x_wconf 81' lang='lat' dir='ltr'><strong>natale</strong></span> <span class='ocrx_word' id='word_1_297' title='bbox 1335 2589 1396 2645; x_wconf 93' lang='lat' dir='ltr'><strong>S.</strong></span> <span class='ocrx_word' id='word_1_298' title='bbox 1425 2588 1738 2644; x_wconf 79' lang='lat' dir='ltr'><strong>Herculiani</strong></span> 
     </span>
    </p>
   </div>
   <div class='ocr_carea' id='block_1_44' title="bbox 214 2681 1629 2752">
    <p class='ocr_par' dir='ltr' id='par_1_44' title="bbox 214 2681 1629 2752">
     <span class='ocr_line' id='line_1_44' title="bbox 214 2681 1629 2752; baseline -0.003 -16"><span class='ocrx_word' id='word_1_299' title='bbox 214 2683 488 2752; x_wconf 82' lang='lat' dir='ltr'><strong>martyris.</strong></span> <span class='ocrx_word' id='word_1_300' title='bbox 523 2682 723 2737; x_wconf 86' lang='lat' dir='ltr'><strong>Eodem</strong></span> <span class='ocrx_word' id='word_1_301' title='bbox 750 2683 839 2737; x_wconf 90' lang='lat' dir='ltr'><strong>die</strong></span> <span class='ocrx_word' id='word_1_302' title='bbox 862 2683 1040 2737; x_wconf 88' lang='lat' dir='ltr'><strong>natale</strong></span> <span class='ocrx_word' id='word_1_303' title='bbox 1069 2682 1126 2737; x_wconf 91' lang='grc'><strong>8.</strong></span> <span class='ocrx_word' id='word_1_304' title='bbox 1162 2682 1366 2738; x_wconf 87' lang='lat' dir='ltr'><strong>Bertini</strong></span> <span class='ocrx_word' id='word_1_305' title='bbox 1399 2681 1629 2736; x_wconf 82' lang='lat' dir='ltr'><strong>abbatis.</strong></span> 
     </span>
    </p>
   </div>
   <div class='ocr_carea' id='block_1_45' title="bbox 290 2772 1740 2842">
    <p class='ocr_par' dir='ltr' id='par_1_45' title="bbox 290 2772 1740 2842">
     <span class='ocr_line' id='line_1_45' title="bbox 290 2772 1740 2842; baseline -0.001 -15"><span class='ocrx_word' id='word_1_306' title='bbox 290 2773 431 2827; x_wconf 81' lang='lat' dir='ltr'><strong>Obiit</strong></span> <span class='ocrx_word' id='word_1_307' title='bbox 472 2773 778 2828; x_wconf 86' lang='lat' dir='ltr'><strong>Lambertus</strong></span> <span class='ocrx_word' id='word_1_308' title='bbox 811 2774 967 2830; x_wconf 80' lang='lat' dir='ltr'><strong>levita</strong></span> <span class='ocrx_word' id='word_1_309' title='bbox 1007 2785 1060 2842; x_wconf 74' lang='lat' dir='ltr'><strong>et</strong></span> <span class='ocrx_word' id='word_1_310' title='bbox 1100 2775 1283 2829; x_wconf 84' lang='lat' dir='ltr'><strong>doctor</strong></span> <span class='ocrx_word' id='word_1_311' title='bbox 1319 2775 1562 2829; x_wconf 72' lang='lat' dir='ltr'><strong>eximius.</strong></span> <span class='ocrx_word' id='word_1_312' title='bbox 1615 2772 1740 2842; x_wconf 87' lang='lat' dir='ltr'><strong>Ipso</strong></span> 
     </span>
    </p>
   </div>
   <div class='ocr_carea' id='block_1_46' title="bbox 221 2863 1178 2938">
    <p class='ocr_par' dir='ltr' id='par_1_46' title="bbox 221 2863 1178 2938">
     <span class='ocr_line' id='line_1_46' title="bbox 221 2863 1178 2938; baseline 0.003 -21"><span class='ocrx_word' id='word_1_313' title='bbox 221 2864 304 2917; x_wconf 87' lang='lat' dir='ltr'><strong>die</strong></span> <span class='ocrx_word' id='word_1_314' title='bbox 333 2863 636 2919; x_wconf 78' lang='lat' dir='ltr'><strong>IIelisabetlt</strong></span> <span class='ocrx_word' id='word_1_315' title='bbox 659 2865 773 2938; x_wconf 79' lang='lat' dir='ltr'><strong>Deq</strong></span> <span class='ocrx_word' id='word_1_316' title='bbox 802 2878 1010 2920; x_wconf 85' lang='lat' dir='ltr'><strong>sacrata</strong></span> <span class='ocrx_word' id='word_1_317' title='bbox 1033 2867 1178 2920; x_wconf 85' lang='lat' dir='ltr'><strong>obiit.</strong></span> 
     </span>
    </p>
   </div>
   <div class='ocr_carea' id='block_1_47' title="bbox 1911 1678 3426 1752">
    <p class='ocr_par' dir='ltr' id='par_1_47' title="bbox 1911 1678 3426 1752">
     <span class='ocr_line' id='line_1_47' title="bbox 1911 1678 3426 1752; baseline -0.001 -20"><span class='ocrx_word' id='word_1_318' title='bbox 1911 1678 2138 1749; x_wconf 85' lang='lat' dir='ltr'><strong>Philippi</strong></span> <span class='ocrx_word' id='word_1_319' title='bbox 2184 1680 2422 1750; x_wconf 87' lang='lat' dir='ltr'><strong>episcopi</strong></span> <span class='ocrx_word' id='word_1_320' title='bbox 2461 1691 2516 1735; x_wconf 88' lang='lat' dir='ltr'><strong>et</strong></span> <span class='ocrx_word' id='word_1_321' title='bbox 2557 1679 2812 1752; x_wconf 88' lang='lat' dir='ltr'><strong>martyris</strong></span> <span class='ocrx_word' id='word_1_322' title='bbox 2857 1679 3026 1750; x_wconf 85' lang='lat' dir='ltr'><strong>patris</strong></span> <span class='ocrx_word' id='word_1_323' title='bbox 3057 1690 3275 1733; x_wconf 59' lang='lat' dir='ltr'><strong>.sanctte</strong></span> <span class='ocrx_word' id='word_1_324' title='bbox 3319 1678 3426 1732; x_wconf 78' lang='lat' dir='ltr'><strong>En-</strong></span> 
     </span>
    </p>
   </div>
   <div class='ocr_carea' id='block_1_48' title="bbox 1911 1769 3427 1841">
    <p class='ocr_par' dir='ltr' id='par_1_48' title="bbox 1911 1769 3427 1841">
     <span class='ocr_line' id='line_1_48' title="bbox 1911 1769 3427 1841; baseline -0.003 -17"><span class='ocrx_word' id='word_1_325' title='bbox 1911 1771 2082 1840; x_wconf 75' lang='lat' dir='ltr'><strong>genize</strong></span> <span class='ocrx_word' id='word_1_326' title='bbox 2128 1771 2373 1841; x_wconf 77' lang='lat' dir='ltr'><strong>virginis.</strong></span> <span class='ocrx_word' id='word_1_327' title='bbox 2419 1772 2540 1841; x_wconf 90' lang='lat' dir='ltr'><strong>Ipso</strong></span> <span class='ocrx_word' id='word_1_328' title='bbox 2586 1772 2672 1828; x_wconf 89' lang='lat' dir='ltr'><strong>die</strong></span> <span class='ocrx_word' id='word_1_329' title='bbox 2717 1773 2774 1826; x_wconf 91' lang='lat' dir='ltr'><strong>S.</strong></span> <span class='ocrx_word' id='word_1_330' title='bbox 2809 1771 2987 1824; x_wconf 88' lang='lat' dir='ltr'><strong>Amati</strong></span> <span class='ocrx_word' id='word_1_331' title='bbox 3028 1769 3322 1839; x_wconf 89' lang='lat' dir='ltr'><strong>presbyteri</strong></span> <span class='ocrx_word' id='word_1_332' title='bbox 3370 1775 3427 1821; x_wconf 90' lang='lat' dir='ltr'><strong>et</strong></span> 
     </span>
    </p>
   </div>
   <div class='ocr_carea' id='block_1_49' title="bbox 1911 1859 3428 1933">
    <p class='ocr_par' dir='ltr' id='par_1_49' title="bbox 1911 1859 3428 1933">
     <span class='ocr_line' id='line_1_49' title="bbox 1911 1859 3428 1933; baseline -0.002 -18"><span class='ocrx_word' id='word_1_333' title='bbox 1911 1862 2125 1917; x_wconf 85' lang='lat' dir='ltr'><strong>abbatis</strong></span> <span class='ocrx_word' id='word_1_334' title='bbox 2163 1863 2473 1918; x_wconf 88' lang='lat' dir='ltr'><strong>monasterii</strong></span> <span class='ocrx_word' id='word_1_335' title='bbox 2506 1863 2801 1920; x_wconf 68' lang='lat' dir='ltr'><strong>Homerici.</strong></span> <span class='ocrx_word' id='word_1_336' title='bbox 2830 1862 3136 1933; x_wconf 71' lang='lat' dir='ltr'><strong>Anzlegavis</strong></span> <span class='ocrx_word' id='word_1_337' title='bbox 3161 1859 3428 1931; x_wconf 90' lang='lat' dir='ltr'><strong>depositio</strong></span> 
     </span>
    </p>
   </div>
   <div class='ocr_carea' id='block_1_50' title="bbox 1910 1953 3428 2027">
    <p class='ocr_par' dir='ltr' id='par_1_50' title="bbox 1910 1953 3428 2027">
     <span class='ocr_line' id='line_1_50' title="bbox 1910 1953 3428 2027; baseline -0.001 -18"><span class='ocrx_word' id='word_1_338' title='bbox 1910 1955 2088 2010; x_wconf 88' lang='lat' dir='ltr'><strong>sancti</strong></span> <span class='ocrx_word' id='word_1_339' title='bbox 2121 1956 2459 2012; x_wconf 83' lang='lat' dir='ltr'><strong>Maurilionis</strong></span> <span class='ocrx_word' id='word_1_340' title='bbox 2512 1959 2767 2027; x_wconf 87' lang='lat' dir='ltr'><strong>episcopi.</strong></span> <span class='ocrx_word' id='word_1_341' title='bbox 2817 1956 3195 2026; x_wconf 82' lang='lat' dir='ltr'><strong>Angustiduno</strong></span> <span class='ocrx_word' id='word_1_342' title='bbox 3227 1954 3288 2007; x_wconf 84' lang='grc' dir='ltr'>Β.</span> <span class='ocrx_word' id='word_1_343' title='bbox 3319 1953 3428 2008; x_wconf 82' lang='lat' dir='ltr'><strong>Ne-</strong></span> 
     </span>
    </p>
   </div>
   <div class='ocr_carea' id='block_1_51' title="bbox 1911 2047 2342 2117">
    <p class='ocr_par' dir='ltr' id='par_1_51' title="bbox 1911 2047 2342 2117">
     <span class='ocr_line' id='line_1_51' title="bbox 1911 2047 2342 2117; baseline -0.005 -14"><span class='ocrx_word' id='word_1_344' title='bbox 1911 2047 2049 2103; x_wconf 82' lang='lat' dir='ltr'><strong>Ctari</strong></span> <span class='ocrx_word' id='word_1_345' title='bbox 2080 2048 2342 2117; x_wconf 81' lang='lat' dir='ltr'><strong>episcopi.</strong></span> 
     </span>
    </p>
   </div>
   <div class='ocr_carea' id='block_1_52' title="bbox 1842 2133 3427 2202">
    <p class='ocr_par' dir='ltr' id='par_1_52' title="bbox 1842 2133 3427 2202">
     <span class='ocr_line' id='line_1_52' title="bbox 1842 2133 3427 2202; baseline -0.003 -11"><span class='ocrx_word' id='word_1_346' title='bbox 1842 2135 2001 2192; x_wconf 75' lang='lat' dir='ltr'><strong>XV&quot;!</strong></span> <span class='ocrx_word' id='word_1_347' title='bbox 2028 2137 2146 2192; x_wconf 83' lang='lat' dir='ltr'><strong>Kal.</strong></span> <span class='ocrx_word' id='word_1_348' title='bbox 2171 2137 2438 2194; x_wconf 79' lang='lat' dir='ltr'><strong>Octobris.</strong></span> <span class='ocrx_word' id='word_1_349' title='bbox 2464 2137 2736 2192; x_wconf 71' lang='lat' dir='ltr'><strong>Exaltatio</strong></span> <span class='ocrx_word' id='word_1_350' title='bbox 2759 2147 2959 2192; x_wconf 67' lang='lat' dir='ltr'><strong>sancta:</strong></span> <span class='ocrx_word' id='word_1_351' title='bbox 2980 2136 3188 2200; x_wconf 87' lang='lat' dir='ltr'><strong>Crucis,</strong></span> <span class='ocrx_word' id='word_1_352' title='bbox 3211 2133 3427 2202; x_wconf 85' lang='lat' dir='ltr'><strong>quando</strong></span> 
     </span>
    </p>
   </div>
   <div class='ocr_carea' id='block_1_53' title="bbox 1910 2227 3427 2300">
    <p class='ocr_par' dir='ltr' id='par_1_53' title="bbox 1910 2227 3427 2300">
     <span class='ocr_line' id='line_1_53' title="bbox 1910 2227 3427 2300; baseline -0.003 -17"><span class='ocrx_word' id='word_1_353' title='bbox 1910 2230 2161 2284; x_wconf 88' lang='lat' dir='ltr'><strong>Eraclius</strong></span> <span class='ocrx_word' id='word_1_354' title='bbox 2197 2232 2491 2300; x_wconf 89' lang='lat' dir='ltr'><strong>imperator</strong></span> <span class='ocrx_word' id='word_1_355' title='bbox 2517 2248 2634 2285; x_wconf 86' lang='lat' dir='ltr'><strong>eam</strong></span> <span class='ocrx_word' id='word_1_356' title='bbox 2659 2232 2724 2285; x_wconf 91' lang='lat' dir='ltr'><strong>de</strong></span> <span class='ocrx_word' id='word_1_357' title='bbox 2752 2229 2972 2285; x_wconf 86' lang='lat' dir='ltr'><strong>Perside</strong></span> <span class='ocrx_word' id='word_1_358' title='bbox 3000 2227 3427 2297; x_wconf 85' lang='lat' dir='ltr'><strong>Hierosolymam</strong></span> 
     </span>
    </p>
   </div>
   <div class='ocr_carea' id='block_1_54' title="bbox 1913 2317 3429 2391">
    <p class='ocr_par' dir='ltr' id='par_1_54' title="bbox 1913 2317 3429 2391">
     <span class='ocr_line' id='line_1_54' title="bbox 1913 2317 3429 2391; baseline -0.002 -17"><span class='ocrx_word' id='word_1_359' title='bbox 1913 2322 2232 2389; x_wconf 87' lang='lat' dir='ltr'><strong>reportavit.</strong></span> <span class='ocrx_word' id='word_1_360' title='bbox 2285 2321 2471 2376; x_wconf 78' lang='lat' dir='ltr'><strong>Roma:</strong></span> <span class='ocrx_word' id='word_1_361' title='bbox 2506 2322 2590 2374; x_wconf 86' lang='lat' dir='ltr'><strong>via</strong></span> <span class='ocrx_word' id='word_1_362' title='bbox 2634 2321 2804 2391; x_wconf 90' lang='lat' dir='ltr'><strong>Appia</strong></span> <span class='ocrx_word' id='word_1_363' title='bbox 2837 2320 2890 2374; x_wconf 82' lang='lat' dir='ltr'><strong>in’</strong></span> <span class='ocrx_word' id='word_1_364' title='bbox 2935 2319 3204 2374; x_wconf 86' lang='lat' dir='ltr'><strong>cimiterio</strong></span> <span class='ocrx_word' id='word_1_365' title='bbox 3240 2317 3429 2373; x_wconf 88' lang='lat' dir='ltr'><strong>Calisti</strong></span> 
     </span>
    </p>
   </div>
   <div class='ocr_carea' id='block_1_55' title="bbox 1914 2409 3428 2482">
    <p class='ocr_par' dir='ltr' id='par_1_55' title="bbox 1914 2409 3428 2482">
     <span class='ocr_line' id='line_1_55' title="bbox 1914 2409 3428 2482; baseline 0.001 -17"><span class='ocrx_word' id='word_1_366' title='bbox 1914 2410 2094 2465; x_wconf 88' lang='lat' dir='ltr'><strong>natale</strong></span> <span class='ocrx_word' id='word_1_367' title='bbox 2149 2412 2324 2466; x_wconf 89' lang='lat' dir='ltr'><strong>sancti</strong></span> <span class='ocrx_word' id='word_1_368' title='bbox 2369 2411 2611 2466; x_wconf 86' lang='lat' dir='ltr'><strong>Cornelii.</strong></span> <span class='ocrx_word' id='word_1_369' title='bbox 2655 2427 2803 2482; x_wconf 72' lang='lat' dir='ltr'><strong>papa:</strong></span> <span class='ocrx_word' id='word_1_370' title='bbox 2850 2420 2905 2466; x_wconf 91' lang='lat' dir='ltr'><strong>et</strong></span> <span class='ocrx_word' id='word_1_371' title='bbox 2956 2411 3232 2481; x_wconf 83' lang='lat' dir='ltr'><strong>martyris.</strong></span> <span class='ocrx_word' id='word_1_372' title='bbox 3275 2409 3428 2466; x_wconf 86' lang='lat' dir='ltr'><strong>Passi</strong></span> 
     </span>
    </p>
   </div>
   <div class='ocr_carea' id='block_1_56' title="bbox 1915 2499 3432 2572">
    <p class='ocr_par' dir='ltr' id='par_1_56' title="bbox 1915 2499 3432 2572">
     <span class='ocr_line' id='line_1_56' title="bbox 1915 2499 3432 2572; baseline -0.001 -18"><span class='ocrx_word' id='word_1_373' title='bbox 1915 2510 2187 2554; x_wconf 90' lang='lat' dir='ltr'><strong>suntcum</strong></span> <span class='ocrx_word' id='word_1_374' title='bbox 2216 2516 2280 2555; x_wconf 92' lang='lat' dir='ltr'><strong>co</strong></span> <span class='ocrx_word' id='word_1_375' title='bbox 2311 2515 2446 2555; x_wconf 62' lang='grc' dir='ltr'>χχιιι</span> <span class='ocrx_word' id='word_1_376' title='bbox 2481 2499 2602 2555; x_wconf 90' lang='lat' dir='ltr'><strong>viri.</strong></span> <span class='ocrx_word' id='word_1_377' title='bbox 2635 2500 2791 2572; x_wconf 87' lang='lat' dir='ltr'><strong>Apud</strong></span> <span class='ocrx_word' id='word_1_378' title='bbox 2817 2501 3057 2556; x_wconf 86' lang='lat' dir='ltr'><strong>Africam</strong></span> <span class='ocrx_word' id='word_1_379' title='bbox 3087 2501 3145 2554; x_wconf 87' lang='grc' dir='ltr'><strong>Β.</strong></span> <span class='ocrx_word' id='word_1_380' title='bbox 3175 2499 3432 2572; x_wconf 84' lang='lat' dir='ltr'><strong>Cypriani</strong></span> 
     </span>
    </p>
   </div>
   <div class='ocr_carea' id='block_1_57' title="bbox 1913 2590 3428 2663">
    <p class='ocr_par' dir='ltr' id='par_1_57' title="bbox 1913 2590 3428 2663">
     <span class='ocr_line' id='line_1_57' title="bbox 1913 2590 3428 2663; baseline -0.003 -17"><span class='ocrx_word' id='word_1_381' title='bbox 1913 2591 2150 2662; x_wconf 90' lang='lat' dir='ltr'><strong>episcopi</strong></span> <span class='ocrx_word' id='word_1_382' title='bbox 2171 2601 2226 2646; x_wconf 88' lang='lat' dir='ltr'><strong>et</strong></span> <span class='ocrx_word' id='word_1_383' title='bbox 2254 2591 2532 2663; x_wconf 86' lang='lat' dir='ltr'><strong>martyris,</strong></span> <span class='ocrx_word' id='word_1_384' title='bbox 2564 2591 2716 2660; x_wconf 85' lang='lat' dir='ltr'><strong>cujus</strong></span> <span class='ocrx_word' id='word_1_385' title='bbox 2745 2592 3111 2648; x_wconf 83' lang='lat' dir='ltr'><strong>sacratissima</strong></span> <span class='ocrx_word' id='word_1_386' title='bbox 3137 2606 3262 2646; x_wconf 88' lang='lat' dir='ltr'><strong>ossa</strong></span> <span class='ocrx_word' id='word_1_387' title='bbox 3304 2590 3428 2645; x_wconf 84' lang='lat' dir='ltr'><strong>cum</strong></span> 
     </span>
    </p>
   </div>
   <div class='ocr_carea' id='block_1_58' title="bbox 1906 2683 3430 2754">
    <p class='ocr_par' dir='ltr' id='par_1_58' title="bbox 1906 2683 3430 2754">
     <span class='ocr_line' id='line_1_58' title="bbox 1906 2683 3430 2754; baseline -0.005 -13"><span class='ocrx_word' id='word_1_388' title='bbox 1906 2685 2081 2754; x_wconf 83' lang='lat' dir='ltr'><strong>capite</strong></span> <span class='ocrx_word' id='word_1_389' title='bbox 2109 2685 2168 2738; x_wconf 92' lang='lat' dir='ltr'><strong>S.</strong></span> <span class='ocrx_word' id='word_1_390' title='bbox 2201 2685 2543 2741; x_wconf 82' lang='lat' dir='ltr'><strong>Pantaleonis</strong></span> <span class='ocrx_word' id='word_1_391' title='bbox 2565 2694 2618 2740; x_wconf 89' lang='lat' dir='ltr'><strong>et</strong></span> <span class='ocrx_word' id='word_1_392' title='bbox 2651 2686 2908 2741; x_wconf 89' lang='lat' dir='ltr'><strong>membris</strong></span> <span class='ocrx_word' id='word_1_393' title='bbox 2936 2685 2997 2738; x_wconf 88' lang='lat' dir='ltr'><strong>B.</strong></span> <span class='ocrx_word' id='word_1_394' title='bbox 3037 2683 3252 2753; x_wconf 86' lang='lat' dir='ltr'><strong>Sporati</strong></span> <span class='ocrx_word' id='word_1_395' title='bbox 3283 2697 3430 2736; x_wconf 87' lang='lat' dir='ltr'><strong>mar-</strong></span> 
     </span>
    </p>
   </div>
   <div class='ocr_carea' id='block_1_59' title="bbox 1919 2771 3433 2845">
    <p class='ocr_par' dir='ltr' id='par_1_59' title="bbox 1919 2771 3433 2845">
     <span class='ocr_line' id='line_1_59' title="bbox 1919 2771 3433 2845; baseline -0.003 -17"><span class='ocrx_word' id='word_1_396' title='bbox 1919 2775 2057 2845; x_wconf 90' lang='lat' dir='ltr'><strong>tyris</strong></span> <span class='ocrx_word' id='word_1_397' title='bbox 2089 2783 2332 2844; x_wconf 89' lang='lat' dir='ltr'><strong>tempore</strong></span> <span class='ocrx_word' id='word_1_398' title='bbox 2363 2775 2541 2830; x_wconf 88' lang='lat' dir='ltr'><strong>Caroli</strong></span> <span class='ocrx_word' id='word_1_399' title='bbox 2567 2775 2742 2845; x_wconf 83' lang='lat' dir='ltr'><strong>Magni</strong></span> <span class='ocrx_word' id='word_1_400' title='bbox 2773 2774 3091 2841; x_wconf 79' lang='lat' dir='ltr'><strong>Lugdunum</strong></span> <span class='ocrx_word' id='word_1_401' title='bbox 3123 2772 3300 2828; x_wconf 89' lang='lat' dir='ltr'><strong>delata</strong></span> <span class='ocrx_word' id='word_1_402' title='bbox 3333 2771 3433 2824; x_wconf 84' lang='lat' dir='ltr'><strong>he-</strong></span> 
     </span>
    </p>
   </div>
   <div class='ocr_carea' id='block_1_60' title="bbox 1914 2867 3432 2922">
    <p class='ocr_par' dir='ltr' id='par_1_60' title="bbox 1914 2867 3432 2922">
     <span class='ocr_line' id='line_1_60' title="bbox 1914 2867 3432 2922; baseline -0.001 -2"><span class='ocrx_word' id='word_1_403' title='bbox 1914 2867 2139 2922; x_wconf 85' lang='lat' dir='ltr'><strong>norilice</strong></span> <span class='ocrx_word' id='word_1_404' title='bbox 2177 2867 2437 2922; x_wconf 88' lang='lat' dir='ltr'><strong>tumulata</strong></span> <span class='ocrx_word' id='word_1_405' title='bbox 2465 2877 2608 2921; x_wconf 87' lang='lat' dir='ltr'><strong>sunt.</strong></span> <span class='ocrx_word' id='word_1_406' title='bbox 2645 2867 2977 2922; x_wconf 78' lang='lat' dir='ltr'><strong>Referuntur</strong></span> <span class='ocrx_word' id='word_1_407' title='bbox 3004 2876 3188 2920; x_wconf 89' lang='lat' dir='ltr'><strong>autem</strong></span> <span class='ocrx_word' id='word_1_408' title='bbox 3212 2880 3336 2920; x_wconf 91' lang='lat' dir='ltr'><strong>cum</strong></span> <span class='ocrx_word' id='word_1_409' title='bbox 3365 2879 3432 2919; x_wconf 89' lang='lat' dir='ltr'><strong>eo</strong></span> 
     </span>
    </p>
   </div>
   <div class='ocr_carea' id='block_1_61' title="bbox 159 2947 3432 3034">
    <p class='ocr_par' dir='ltr' id='par_1_61' title="bbox 159 2947 3432 3034">
     <span class='ocr_line' id='line_1_61' title="bbox 159 2947 3432 3034; baseline 0.001 -29"><span class='ocrx_word' id='word_1_410' title='bbox 159 2949 264 3006; x_wconf 73' lang='lat' dir='ltr'><strong>Vlll</strong></span> <span class='ocrx_word' id='word_1_411' title='bbox 307 2952 430 3006; x_wconf 86' lang='lat' dir='ltr'><strong>ldus</strong></span> <span class='ocrx_word' id='word_1_412' title='bbox 452 2953 808 3024; x_wconf 88' lang='lat' dir='ltr'><strong>Septembris.</strong></span> <span class='ocrx_word' id='word_1_413' title='bbox 836 2955 1028 3011; x_wconf 89' lang='lat' dir='ltr'><strong>Obitus</strong></span> <span class='ocrx_word' id='word_1_414' title='bbox 1057 2956 1334 3010; x_wconf 73' lang='lat' dir='ltr'><strong>Zacharia:</strong></span> <span class='ocrx_word' id='word_1_415' title='bbox 1359 2955 1654 3034; x_wconf 61' lang='lat' dir='ltr'><strong>prophetat,</strong></span> <span class='ocrx_word' id='word_1_416' title='bbox 1687 2960 1740 3009; x_wconf 84' lang='lat' dir='ltr'><strong>et</strong></span> <span class='ocrx_word' id='word_1_417' title='bbox 1767 2947 1812 3010; x_wconf 90' lang='lat' dir='ltr'><strong>C</strong></span> <span class='ocrx_word' id='word_1_418' title='bbox 1914 2959 2057 3028; x_wconf 85' lang='lat' dir='ltr'><strong>passi</strong></span> <span class='ocrx_word' id='word_1_419' title='bbox 2097 2957 2536 3021; x_wconf 87' lang='lat' dir='ltr'><strong>Crescentianus,</strong></span> <span class='ocrx_word' id='word_1_420' title='bbox 2568 2957 2773 3021; x_wconf 74' lang='lat' dir='ltr'><strong>Victor,</strong></span> <span class='ocrx_word' id='word_1_421' title='bbox 2811 2957 3009 3013; x_wconf 78' lang='lat' dir='ltr'><strong>Rosula</strong></span> <span class='ocrx_word' id='word_1_422' title='bbox 3047 2965 3102 3011; x_wconf 91' lang='lat' dir='ltr'><strong>et</strong></span> <span class='ocrx_word' id='word_1_423' title='bbox 3128 2954 3432 3012; x_wconf 86' lang='lat' dir='ltr'><strong>Generalis.</strong></span> 
     </span>
    </p>
   </div>
   <div class='ocr_carea' id='block_1_62' title="bbox 218 3042 3436 3117">
    <p class='ocr_par' dir='ltr' id='par_1_62' title="bbox 218 3042 3436 3117">
     <span class='ocr_line' id='line_1_62' title="bbox 218 3042 3436 3117; baseline 0.001 -21"><span class='ocrx_word' id='word_1_424' title='bbox 218 3042 394 3098; x_wconf 90' lang='lat' dir='ltr'><strong>natale</strong></span> <span class='ocrx_word' id='word_1_425' title='bbox 431 3043 486 3098; x_wconf 91' lang='lat' dir='ltr'><strong>S.</strong></span> <span class='ocrx_word' id='word_1_426' title='bbox 543 3044 970 3116; x_wconf 84' lang='lat' dir='ltr'><strong>Honesyppheri,</strong></span> <span class='ocrx_word' id='word_1_427' title='bbox 1021 3045 1089 3100; x_wconf 86' lang='lat' dir='ltr'><strong>de</strong></span> <span class='ocrx_word' id='word_1_428' title='bbox 1129 3060 1238 3114; x_wconf 86' lang='lat' dir='ltr'><strong>quo</strong></span> <span class='ocrx_word' id='word_1_429' title='bbox 1279 3046 1347 3098; x_wconf 83' lang='lat' dir='ltr'><strong>ad</strong></span> <span class='ocrx_word' id='word_1_430' title='bbox 1394 3045 1735 3100; x_wconf 78' lang='lat' dir='ltr'><strong>Timotheum</strong></span> <span class='ocrx_word' id='word_1_431' title='bbox 1842 3048 1980 3105; x_wconf 76' lang='lat' dir='ltr'><strong>XVll</strong></span> <span class='ocrx_word' id='word_1_432' title='bbox 2009 3049 2128 3103; x_wconf 81' lang='lat' dir='ltr'><strong>Kal.</strong></span> <span class='ocrx_word' id='word_1_433' title='bbox 2159 3049 2350 3104; x_wconf 90' lang='lat' dir='ltr'><strong>Octob.</strong></span> <span class='ocrx_word' id='word_1_434' title='bbox 2383 3049 2572 3103; x_wconf 79' lang='lat' dir='ltr'><strong>Natale</strong></span> <span class='ocrx_word' id='word_1_435' title='bbox 2609 3047 2666 3103; x_wconf 93' lang='lat' dir='ltr'><strong>S.</strong></span> <span class='ocrx_word' id='word_1_436' title='bbox 2710 3047 3018 3102; x_wconf 80' lang='lat' dir='ltr'><strong>Nicomedis</strong></span> <span class='ocrx_word' id='word_1_437' title='bbox 3054 3044 3352 3117; x_wconf 87' lang='lat' dir='ltr'><strong>presbyteri</strong></span> <span class='ocrx_word' id='word_1_438' title='bbox 3380 3053 3436 3099; x_wconf 91' lang='lat' dir='ltr'><strong>et</strong></span> 
     </span>
    </p>
   </div>
   <div class='ocr_carea' id='block_1_63' title="bbox 215 3133 1738 3203">
    <p class='ocr_par' dir='ltr' id='par_1_63' title="bbox 215 3133 1738 3203">
     <span class='ocr_line' id='line_1_63' title="bbox 215 3133 1738 3203; baseline 0.001 -15"><span class='ocrx_word' id='word_1_439' title='bbox 215 3133 406 3188; x_wconf 80' lang='lat' dir='ltr'><strong>scribit</strong></span> <span class='ocrx_word' id='word_1_440' title='bbox 457 3135 788 3203; x_wconf 82' lang='lat' dir='ltr'><strong>Apostolus:</strong></span> <span class='ocrx_word' id='word_1_441' title='bbox 847 3135 945 3189; x_wconf 88' lang='lat' dir='ltr'><strong>Det</strong></span> <span class='ocrx_word' id='word_1_442' title='bbox 1007 3136 1425 3190; x_wconf 84' lang='lat' dir='ltr'><strong>misericordiam</strong></span> <span class='ocrx_word' id='word_1_443' title='bbox 1477 3136 1738 3190; x_wconf 77' lang='lat' dir='ltr'><strong>Dominus</strong></span> 
     </span>
    </p>
   </div>
   <div class='ocr_carea' id='block_1_64' title="bbox 222 3220 1736 3296">
    <p class='ocr_par' dir='ltr' id='par_1_64' title="bbox 222 3220 1736 3296">
     <span class='ocr_line' id='line_1_64' title="bbox 222 3220 1736 3296; baseline 0.005 -21"><span class='ocrx_word' id='word_1_444' title='bbox 222 3220 615 3295; x_wconf 79' lang='lat' dir='ltr'><strong>Honesyppheri</strong></span> <span class='ocrx_word' id='word_1_445' title='bbox 655 3227 866 3290; x_wconf 86' lang='lat' dir='ltr'><strong>domui,</strong></span> <span class='ocrx_word' id='word_1_446' title='bbox 917 3234 974 3281; x_wconf 90' lang='lat' dir='ltr'><strong>et</strong></span> <span class='ocrx_word' id='word_1_447' title='bbox 1015 3227 1242 3296; x_wconf 90' lang='lat' dir='ltr'><strong>reliqua.</strong></span> <span class='ocrx_word' id='word_1_448' title='bbox 1286 3228 1442 3295; x_wconf 89' lang='lat' dir='ltr'><strong>Apud</strong></span> <span class='ocrx_word' id='word_1_449' title='bbox 1495 3228 1736 3283; x_wconf 85' lang='lat' dir='ltr'><strong>Africam</strong></span> 
     </span>
    </p>
   </div>
   <div class='ocr_carea' id='block_1_65' title="bbox 217 3313 1734 3389">
    <p class='ocr_par' dir='ltr' id='par_1_65' title="bbox 217 3313 1734 3389">
     <span class='ocr_line' id='line_1_65' title="bbox 217 3313 1734 3389; baseline 0.006 -21"><span class='ocrx_word' id='word_1_450' title='bbox 217 3313 650 3372; x_wconf 87' lang='lat' dir='ltr'><strong>beatissimorum</strong></span> <span class='ocrx_word' id='word_1_451' title='bbox 696 3320 1074 3388; x_wconf 89' lang='lat' dir='ltr'><strong>episcoporum</strong></span> <span class='ocrx_word' id='word_1_452' title='bbox 1122 3322 1430 3386; x_wconf 89' lang='lat' dir='ltr'><strong>Donatiani,</strong></span> <span class='ocrx_word' id='word_1_453' title='bbox 1472 3321 1734 3389; x_wconf 66' lang='lat' dir='ltr'><strong>Prmsidii,</strong></span> 
     </span>
    </p>
   </div>
   <div class='ocr_carea' id='block_1_66' title="bbox 213 3403 1074 3476">
    <p class='ocr_par' dir='ltr' id='par_1_66' title="bbox 213 3403 1074 3476">
     <span class='ocr_line' id='line_1_66' title="bbox 213 3403 1074 3476; baseline 0.009 -19"><span class='ocrx_word' id='word_1_454' title='bbox 213 3403 498 3474; x_wconf 84' lang='lat' dir='ltr'><strong>Mansueti,</strong></span> <span class='ocrx_word' id='word_1_455' title='bbox 526 3408 802 3476; x_wconf 88' lang='lat' dir='ltr'><strong>Germani,</strong></span> <span class='ocrx_word' id='word_1_456' title='bbox 836 3409 1074 3465; x_wconf 85' lang='lat' dir='ltr'><strong>Fusculi.</strong></span> 
     </span>
    </p>
   </div>
   <div class='ocr_carea' id='block_1_67' title="bbox 157 3494 1736 3569">
    <p class='ocr_par' dir='ltr' id='par_1_67' title="bbox 157 3494 1736 3569">
     <span class='ocr_line' id='line_1_67' title="bbox 157 3494 1736 3569; baseline 0.006 -19"><span class='ocrx_word' id='word_1_457' title='bbox 157 3494 238 3550; x_wconf 79' lang='lat' dir='ltr'><strong>Vll</strong></span> <span class='ocrx_word' id='word_1_458' title='bbox 269 3497 391 3553; x_wconf 90' lang='lat' dir='ltr'><strong>ldus</strong></span> <span class='ocrx_word' id='word_1_459' title='bbox 422 3500 778 3569; x_wconf 86' lang='lat' dir='ltr'><strong>Septembris.</strong></span> <span class='ocrx_word' id='word_1_460' title='bbox 828 3501 884 3556; x_wconf 89' lang='lat' dir='ltr'><strong>lu</strong></span> <span class='ocrx_word' id='word_1_461' title='bbox 913 3502 1102 3558; x_wconf 88' lang='lat' dir='ltr'><strong>Galliis</strong></span> <span class='ocrx_word' id='word_1_462' title='bbox 1131 3503 1407 3560; x_wconf 90' lang='lat' dir='ltr'><strong>territurio</strong></span> <span class='ocrx_word' id='word_1_463' title='bbox 1438 3504 1736 3559; x_wconf 68' lang='lat' dir='ltr'><strong>Aiduorum</strong></span> 
     </span>
    </p>
   </div>
   <div class='ocr_carea' id='block_1_68' title="bbox 219 3592 1738 3664">
    <p class='ocr_par' dir='ltr' id='par_1_68' title="bbox 219 3592 1738 3664">
     <span class='ocr_line' id='line_1_68' title="bbox 219 3592 1738 3664; baseline 0.006 -23"><span class='ocrx_word' id='word_1_464' title='bbox 219 3601 530 3660; x_wconf 85' lang='lat' dir='ltr'><strong>nuneupato</strong></span> <span class='ocrx_word' id='word_1_465' title='bbox 573 3592 691 3646; x_wconf 92' lang='lat' dir='ltr'><strong>loco</strong></span> <span class='ocrx_word' id='word_1_466' title='bbox 731 3592 932 3658; x_wconf 83' lang='lat' dir='ltr'><strong>Alesia,</strong></span> <span class='ocrx_word' id='word_1_467' title='bbox 979 3609 1099 3664; x_wconf 64' lang='lat' dir='ltr'><strong>quae</strong></span> <span class='ocrx_word' id='word_1_468' title='bbox 1141 3593 1268 3649; x_wconf 91' lang='lat' dir='ltr'><strong>olim</strong></span> <span class='ocrx_word' id='word_1_469' title='bbox 1317 3594 1610 3650; x_wconf 90' lang='lat' dir='ltr'><strong>fortissima</strong></span> <span class='ocrx_word' id='word_1_470' title='bbox 1662 3598 1738 3650; x_wconf 84' lang='lat' dir='ltr'><strong>ci-</strong></span> 
     </span>
    </p>
   </div>
   <div class='ocr_carea' id='block_1_69' title="bbox 223 3678 1739 3751">
    <p class='ocr_par' dir='ltr' id='par_1_69' title="bbox 223 3678 1739 3751">
     <span class='ocr_line' id='line_1_69' title="bbox 223 3678 1739 3751; baseline 0.008 -22"><span class='ocrx_word' id='word_1_471' title='bbox 223 3678 355 3733; x_wconf 89' lang='lat' dir='ltr'><strong>vitas</strong></span> <span class='ocrx_word' id='word_1_472' title='bbox 395 3679 597 3746; x_wconf 89' lang='lat' dir='ltr'><strong>fuerat,</strong></span> <span class='ocrx_word' id='word_1_473' title='bbox 627 3683 719 3736; x_wconf 90' lang='lat' dir='ltr'><strong>sed</strong></span> <span class='ocrx_word' id='word_1_474' title='bbox 748 3697 778 3736; x_wconf 89' lang='lat' dir='ltr'><strong>a</strong></span> <span class='ocrx_word' id='word_1_475' title='bbox 806 3682 947 3736; x_wconf 87' lang='lat' dir='ltr'><strong>Julio</strong></span> <span class='ocrx_word' id='word_1_476' title='bbox 978 3683 1190 3740; x_wconf 66' lang='lat' dir='ltr'><strong>Caesare</strong></span> <span class='ocrx_word' id='word_1_477' title='bbox 1221 3686 1516 3751; x_wconf 86' lang='lat' dir='ltr'><strong>destructa,</strong></span> <span class='ocrx_word' id='word_1_478' title='bbox 1561 3688 1739 3742; x_wconf 88' lang='lat' dir='ltr'><strong>natale</strong></span> 
     </span>
    </p>
   </div>
   <div class='ocr_carea' id='block_1_70' title="bbox 219 3767 1740 3849">
    <p class='ocr_par' dir='ltr' id='par_1_70' title="bbox 219 3767 1740 3849">
     <span class='ocr_line' id='line_1_70' title="bbox 219 3767 1740 3849; baseline 0.007 -26"><span class='ocrx_word' id='word_1_479' title='bbox 219 3767 331 3824; x_wconf 84' lang='lat' dir='ltr'><strong>sive</strong></span> <span class='ocrx_word' id='word_1_480' title='bbox 376 3773 563 3840; x_wconf 89' lang='lat' dir='ltr'><strong>passio</strong></span> <span class='ocrx_word' id='word_1_481' title='bbox 604 3775 986 3829; x_wconf 60' lang='lat' dir='ltr'><strong>sacratissima</strong></span> <span class='ocrx_word' id='word_1_482' title='bbox 1030 3775 1249 3846; x_wconf 77' lang='lat' dir='ltr'><strong>Regina.-</strong></span> <span class='ocrx_word' id='word_1_483' title='bbox 1290 3777 1533 3849; x_wconf 80' lang='lat' dir='ltr'><strong>virginis.</strong></span> <span class='ocrx_word' id='word_1_484' title='bbox 1578 3777 1740 3834; x_wconf 88' lang='lat' dir='ltr'><strong>Nico-</strong></span> 
     </span>
    </p>
   </div>
   <div class='ocr_carea' id='block_1_71' title="bbox 223 3860 1741 3923">
    <p class='ocr_par' dir='ltr' id='par_1_71' title="bbox 223 3860 1741 3923">
     <span class='ocr_line' id='line_1_71' title="bbox 223 3860 1741 3923; baseline 0.008 -12"><span class='ocrx_word' id='word_1_485' title='bbox 223 3860 396 3916; x_wconf 88' lang='lat' dir='ltr'><strong>media</strong></span> <span class='ocrx_word' id='word_1_486' title='bbox 427 3862 608 3916; x_wconf 85' lang='lat' dir='ltr'><strong>natale</strong></span> <span class='ocrx_word' id='word_1_487' title='bbox 645 3863 789 3918; x_wconf 86' lang='lat' dir='ltr'><strong>beati</strong></span> <span class='ocrx_word' id='word_1_488' title='bbox 828 3863 1092 3919; x_wconf 83' lang='lat' dir='ltr'><strong>Johannis</strong></span> <span class='ocrx_word' id='word_1_489' title='bbox 1133 3865 1233 3919; x_wconf 85' lang='lat' dir='ltr'><strong>viri</strong></span> <span class='ocrx_word' id='word_1_490' title='bbox 1277 3866 1392 3920; x_wconf 88' lang='lat' dir='ltr'><strong>Dei.</strong></span> <span class='ocrx_word' id='word_1_491' title='bbox 1435 3867 1741 3923; x_wconf 88' lang='lat' dir='ltr'><strong>Aurelianis</strong></span> 
     </span>
    </p>
   </div>
   <div class='ocr_carea' id='block_1_72' title="bbox 226 3946 1739 4023">
    <p class='ocr_par' dir='ltr' id='par_1_72' title="bbox 226 3946 1739 4023">
     <span class='ocr_line' id='line_1_72' title="bbox 226 3946 1739 4023; baseline 0.007 -21"><span class='ocrx_word' id='word_1_492' title='bbox 226 3946 486 4020; x_wconf 88' lang='lat' dir='ltr'><strong>depositio</strong></span> <span class='ocrx_word' id='word_1_493' title='bbox 511 3950 572 4006; x_wconf 82' lang='grc' dir='ltr'>Β.</span> <span class='ocrx_word' id='word_1_494' title='bbox 607 3951 814 4007; x_wconf 88' lang='lat' dir='ltr'><strong>Evurtii</strong></span> <span class='ocrx_word' id='word_1_495' title='bbox 847 3955 1104 4023; x_wconf 80' lang='lat' dir='ltr'><strong>episcopi.</strong></span> <span class='ocrx_word' id='word_1_496' title='bbox 1136 3954 1378 4012; x_wconf 89' lang='lat' dir='ltr'><strong>Parisins</strong></span> <span class='ocrx_word' id='word_1_497' title='bbox 1406 3956 1524 4012; x_wconf 91' lang='lat' dir='ltr'><strong>vico</strong></span> <span class='ocrx_word' id='word_1_498' title='bbox 1567 3956 1739 4012; x_wconf 88' lang='lat' dir='ltr'><strong>Nove-</strong></span> 
     </span>
    </p>
   </div>
   <div class='ocr_carea' id='block_1_73' title="bbox 225 4043 1666 4114">
    <p class='ocr_par' dir='ltr' id='par_1_73' title="bbox 225 4043 1666 4114">
     <span class='ocr_line' id='line_1_73' title="bbox 225 4043 1666 4114; baseline 0.006 -21"><span class='ocrx_word' id='word_1_499' title='bbox 225 4049 381 4108; x_wconf 79' lang='lat' dir='ltr'><strong>gento</strong></span> <span class='ocrx_word' id='word_1_500' title='bbox 405 4044 578 4098; x_wconf 90' lang='lat' dir='ltr'><strong>sancti</strong></span> <span class='ocrx_word' id='word_1_501' title='bbox 603 4043 877 4100; x_wconf 89' lang='lat' dir='ltr'><strong>Clodoaldi</strong></span> <span class='ocrx_word' id='word_1_502' title='bbox 905 4045 1210 4114; x_wconf 86' lang='lat' dir='ltr'><strong>presbyteri</strong></span> <span class='ocrx_word' id='word_1_503' title='bbox 1237 4055 1291 4100; x_wconf 90' lang='lat' dir='ltr'><strong>et</strong></span> <span class='ocrx_word' id='word_1_504' title='bbox 1317 4047 1666 4103; x_wconf 80' lang='lat' dir='ltr'><strong>confessoris.</strong></span> 
     </span>
    </p>
   </div>
   <div class='ocr_carea' id='block_1_74' title="bbox 163 4124 1741 4207">
    <p class='ocr_par' dir='ltr' id='par_1_74' title="bbox 163 4124 1741 4207">
     <span class='ocr_line' id='line_1_74' title="bbox 163 4124 1741 4207; baseline 0.009 -27"><span class='ocrx_word' id='word_1_505' title='bbox 163 4124 224 4180; x_wconf 73' lang='lat' dir='ltr'><strong>Vl</strong></span> <span class='ocrx_word' id='word_1_506' title='bbox 250 4128 368 4187; x_wconf 88' lang='lat' dir='ltr'><strong>ldus</strong></span> <span class='ocrx_word' id='word_1_507' title='bbox 395 4132 746 4204; x_wconf 85' lang='lat' dir='ltr'><strong>Septembris.</strong></span> <span class='ocrx_word' id='word_1_508' title='bbox 791 4134 1056 4189; x_wconf 74' lang='lat' dir='ltr'><strong>Nativitas</strong></span> <span class='ocrx_word' id='word_1_509' title='bbox 1089 4145 1291 4190; x_wconf 82' lang='lat' dir='ltr'><strong>sanctae</strong></span> <span class='ocrx_word' id='word_1_510' title='bbox 1341 4137 1432 4191; x_wconf 88' lang='lat' dir='ltr'><strong>Dei</strong></span> <span class='ocrx_word' id='word_1_511' title='bbox 1462 4139 1741 4207; x_wconf 88' lang='lat' dir='ltr'><strong>genitricis</strong></span> 
     </span>
    </p>
   </div>
   <div class='ocr_carea' id='block_1_75' title="bbox 225 4225 1741 4296">
    <p class='ocr_par' dir='ltr' id='par_1_75' title="bbox 225 4225 1741 4296">
     <span class='ocr_line' id='line_1_75' title="bbox 225 4225 1741 4296; baseline 0.009 -25"><span class='ocrx_word' id='word_1_512' title='bbox 225 4230 277 4271; x_wconf 89' lang='lat' dir='ltr'><strong>et</strong></span> <span class='ocrx_word' id='word_1_513' title='bbox 297 4233 566 4291; x_wconf 77' lang='lat' dir='ltr'><strong>perpetutn</strong></span> <span class='ocrx_word' id='word_1_514' title='bbox 589 4225 818 4295; x_wconf 79' lang='lat' dir='ltr'><strong>Virginis</strong></span> <span class='ocrx_word' id='word_1_515' title='bbox 845 4225 1048 4289; x_wconf 65' lang='lat' dir='ltr'><strong>Mariae,</strong></span> <span class='ocrx_word' id='word_1_516' title='bbox 1071 4242 1231 4294; x_wconf 72' lang='lat' dir='ltr'><strong>quam</strong></span> <span class='ocrx_word' id='word_1_517' title='bbox 1257 4225 1490 4296; x_wconf 89' lang='lat' dir='ltr'><strong>Spiritus</strong></span> <span class='ocrx_word' id='word_1_518' title='bbox 1519 4239 1741 4285; x_wconf 89' lang='lat' dir='ltr'><strong>sanctus</strong></span> 
     </span>
    </p>
   </div>
   <div class='ocr_carea' id='block_1_76' title="bbox 227 4303 1817 4378">
    <p class='ocr_par' dir='ltr' id='par_1_76' title="bbox 227 4303 1817 4378">
     <span class='ocr_line' id='line_1_76' title="bbox 227 4303 1817 4378; baseline 0.008 -18"><span class='ocrx_word' id='word_1_519' title='bbox 227 4311 534 4377; x_wconf 88' lang='lat' dir='ltr'><strong>custodivit,</strong></span> <span class='ocrx_word' id='word_1_520' title='bbox 583 4323 639 4368; x_wconf 88' lang='lat' dir='ltr'><strong>et</strong></span> <span class='ocrx_word' id='word_1_521' title='bbox 684 4313 912 4369; x_wconf 89' lang='lat' dir='ltr'><strong>electam</strong></span> <span class='ocrx_word' id='word_1_522' title='bbox 959 4316 1338 4378; x_wconf 79' lang='lat' dir='ltr'><strong>sanctificavit,</strong></span> <span class='ocrx_word' id='word_1_523' title='bbox 1380 4323 1441 4370; x_wconf 88' lang='lat' dir='ltr'><strong>ut</strong></span> <span class='ocrx_word' id='word_1_524' title='bbox 1478 4332 1543 4372; x_wconf 85' lang='lat' dir='ltr'><strong>ex</strong></span> <span class='ocrx_word' id='word_1_525' title='bbox 1583 4327 1738 4372; x_wconf 88' lang='lat' dir='ltr'><strong>utero</strong></span> <span class='ocrx_word' id='word_1_526' title='bbox 1771 4303 1817 4360; x_wconf 73' lang='grc' dir='ltr'><strong>ί)</strong></span> 
     </span>
    </p>
   </div>
   <div class='ocr_carea' id='block_1_77' title="bbox 226 4393 1736 4461">
    <p class='ocr_par' dir='ltr' id='par_1_77' title="bbox 226 4393 1736 4461">
     <span class='ocr_line' id='line_1_77' title="bbox 226 4393 1736 4461; baseline 0.01 -15"><span class='ocrx_word' id='word_1_527' title='bbox 226 4393 364 4453; x_wconf 89' lang='lat' dir='ltr'><strong>illius</strong></span> <span class='ocrx_word' id='word_1_528' title='bbox 417 4411 734 4458; x_wconf 89' lang='lat' dir='ltr'><strong>nasceretur</strong></span> <span class='ocrx_word' id='word_1_529' title='bbox 782 4402 956 4458; x_wconf 84' lang='lat' dir='ltr'><strong>Homo</strong></span> <span class='ocrx_word' id='word_1_530' title='bbox 989 4404 1128 4459; x_wconf 88' lang='lat' dir='ltr'><strong>Deus</strong></span> <span class='ocrx_word' id='word_1_531' title='bbox 1179 4404 1491 4459; x_wconf 87' lang='lat' dir='ltr'><strong>altissimus.</strong></span> <span class='ocrx_word' id='word_1_532' title='bbox 1549 4405 1736 4461; x_wconf 71' lang='lat' dir='ltr'><strong>Romae</strong></span> 
     </span>
    </p>
   </div>
   <div class='ocr_carea' id='block_1_78' title="bbox 227 4480 1732 4563">
    <p class='ocr_par' dir='ltr' id='par_1_78' title="bbox 227 4480 1732 4563">
     <span class='ocr_line' id='line_1_78' title="bbox 227 4480 1732 4563; baseline 0.008 -25"><span class='ocrx_word' id='word_1_533' title='bbox 227 4480 489 4546; x_wconf 76' lang='lat' dir='ltr'><strong>festivitas</strong></span> <span class='ocrx_word' id='word_1_534' title='bbox 529 4491 820 4562; x_wconf 61' lang='lat' dir='ltr'><strong>sepulturae</strong></span> <span class='ocrx_word' id='word_1_535' title='bbox 869 4491 928 4546; x_wconf 93' lang='lat' dir='ltr'><strong>S.</strong></span> <span class='ocrx_word' id='word_1_536' title='bbox 975 4492 1220 4558; x_wconf 84' lang='lat' dir='ltr'><strong>Adriani,</strong></span> <span class='ocrx_word' id='word_1_537' title='bbox 1267 4493 1361 4563; x_wconf 89' lang='lat' dir='ltr'><strong>qui</strong></span> <span class='ocrx_word' id='word_1_538' title='bbox 1395 4494 1536 4562; x_wconf 89' lang='lat' dir='ltr'><strong>apud</strong></span> <span class='ocrx_word' id='word_1_539' title='bbox 1570 4494 1732 4550; x_wconf 90' lang='lat' dir='ltr'><strong>Nico-</strong></span> 
     </span>
    </p>
   </div>
   <div class='ocr_carea' id='block_1_79' title="bbox 231 4576 1733 4650">
    <p class='ocr_par' dir='ltr' id='par_1_79' title="bbox 231 4576 1733 4650">
     <span class='ocr_line' id='line_1_79' title="bbox 231 4576 1733 4650; baseline 0.009 -24"><span class='ocrx_word' id='word_1_540' title='bbox 231 4576 455 4633; x_wconf 87' lang='lat' dir='ltr'><strong>mediam</strong></span> <span class='ocrx_word' id='word_1_541' title='bbox 512 4596 636 4636; x_wconf 89' lang='lat' dir='ltr'><strong>cum</strong></span> <span class='ocrx_word' id='word_1_542' title='bbox 685 4581 807 4636; x_wconf 90' lang='lat' dir='ltr'><strong>aliis</strong></span> <span class='ocrx_word' id='word_1_543' title='bbox 872 4597 1004 4636; x_wconf 80' lang='lat' dir='ltr'><strong>mn</strong></span> <span class='ocrx_word' id='word_1_544' title='bbox 1057 4597 1253 4650; x_wconf 89' lang='lat' dir='ltr'><strong>passus</strong></span> <span class='ocrx_word' id='word_1_545' title='bbox 1302 4593 1386 4638; x_wconf 88' lang='lat' dir='ltr'><strong>est</strong></span> <span class='ocrx_word' id='word_1_546' title='bbox 1441 4599 1493 4639; x_wconf 89' lang='lat' dir='ltr'><strong>tv</strong></span> <span class='ocrx_word' id='word_1_547' title='bbox 1551 4583 1733 4640; x_wconf 87' lang='lat' dir='ltr'><strong>Nonas</strong></span> 
     </span>
    </p>
   </div>
   <div class='ocr_carea' id='block_1_80' title="bbox 230 4659 422 4721">
    <p class='ocr_par' dir='ltr' id='par_1_80' title="bbox 230 4659 422 4721">
     <span class='ocr_line' id='line_1_80' title="bbox 230 4659 422 4721; baseline 0.036 -7"><span class='ocrx_word' id='word_1_548' title='bbox 230 4659 422 4721; x_wconf 80' lang='lat' dir='ltr'><strong>Martii.</strong></span> 
     </span>
    </p>
   </div>
   <div class='ocr_carea' id='block_1_81' title="bbox 301 4752 1732 4835">
    <p class='ocr_par' dir='ltr' id='par_1_81' title="bbox 301 4752 1732 4835">
     <span class='ocr_line' id='line_1_81' title="bbox 301 4752 1732 4835; baseline 0.01 -29"><span class='ocrx_word' id='word_1_549' title='bbox 301 4752 439 4809; x_wconf 83' lang='lat' dir='ltr'><strong>Obiit</strong></span> <span class='ocrx_word' id='word_1_550' title='bbox 478 4759 763 4814; x_wconf 82' lang='lat' dir='ltr'><strong>Eribaldus</strong></span> <span class='ocrx_word' id='word_1_551' title='bbox 795 4759 948 4814; x_wconf 84' lang='lat' dir='ltr'><strong>levita</strong></span> <span class='ocrx_word' id='word_1_552' title='bbox 982 4771 1028 4814; x_wconf 88' lang='lat' dir='ltr'><strong>et</strong></span> <span class='ocrx_word' id='word_1_553' title='bbox 1059 4761 1390 4828; x_wconf 79' lang='lat' dir='ltr'><strong>arclticlavis,</strong></span> <span class='ocrx_word' id='word_1_554' title='bbox 1433 4764 1520 4833; x_wconf 96' lang='lat' dir='ltr'><strong>qui</strong></span> <span class='ocrx_word' id='word_1_555' title='bbox 1557 4767 1732 4835; x_wconf 80' lang='lat' dir='ltr'><strong>inspe—</strong></span> 
     </span>
    </p>
   </div>
   <div class='ocr_carea' id='block_1_82' title="bbox 231 4848 1737 4922">
    <p class='ocr_par' dir='ltr' id='par_1_82' title="bbox 231 4848 1737 4922">
     <span class='ocr_line' id='line_1_82' title="bbox 231 4848 1737 4922; baseline 0.012 -31"><span class='ocrx_word' id='word_1_556' title='bbox 231 4853 335 4896; x_wconf 83' lang='lat' dir='ltr'><strong>rate</strong></span> <span class='ocrx_word' id='word_1_557' title='bbox 376 4848 438 4900; x_wconf 89' lang='lat' dir='ltr'><strong>ab</strong></span> <span class='ocrx_word' id='word_1_558' title='bbox 471 4850 696 4906; x_wconf 88' lang='lat' dir='ltr'><strong>inimicis</strong></span> <span class='ocrx_word' id='word_1_559' title='bbox 733 4853 910 4922; x_wconf 84' lang='lat' dir='ltr'><strong>gladio</strong></span> <span class='ocrx_word' id='word_1_560' title='bbox 953 4853 1255 4906; x_wconf 79' lang='lat' dir='ltr'><strong>interemtus</strong></span> <span class='ocrx_word' id='word_1_561' title='bbox 1283 4862 1378 4907; x_wconf 86' lang='lat' dir='ltr'><strong>est.</strong></span> <span class='ocrx_word' id='word_1_562' title='bbox 1420 4854 1618 4910; x_wconf 83' lang='lat' dir='ltr'><strong>Eodem</strong></span> <span class='ocrx_word' id='word_1_563' title='bbox 1651 4857 1737 4909; x_wconf 85' lang='lat' dir='ltr'><strong>die</strong></span> 
     </span>
    </p>
   </div>
   <div class='ocr_carea' id='block_1_83' title="bbox 228 4924 1732 5017">
    <p class='ocr_par' dir='ltr' id='par_1_83' title="bbox 228 4924 1732 5017">
     <span class='ocr_line' id='line_1_83' title="bbox 228 4924 1732 5017; baseline 0.011 -36"><span class='ocrx_word' id='word_1_564' title='bbox 228 4924 372 5017; x_wconf 69' lang='lat' dir='ltr'><strong>Oodo</strong></span> <span class='ocrx_word' id='word_1_565' title='bbox 399 4938 641 4992; x_wconf 77' lang='lat' dir='ltr'><strong>sacerdos</strong></span> <span class='ocrx_word' id='word_1_566' title='bbox 679 4941 878 4994; x_wconf 84' lang='lat' dir='ltr'><strong>occisus</strong></span> <span class='ocrx_word' id='word_1_567' title='bbox 911 4948 984 4993; x_wconf 83' lang='lat' dir='ltr'><strong>est</strong></span> <span class='ocrx_word' id='word_1_568' title='bbox 1016 4939 1068 4992; x_wconf 87' lang='lat' dir='ltr'><strong>in</strong></span> <span class='ocrx_word' id='word_1_569' title='bbox 1099 4940 1251 4994; x_wconf 92' lang='lat' dir='ltr'><strong>bello.</strong></span> <span class='ocrx_word' id='word_1_570' title='bbox 1286 4939 1411 5009; x_wconf 84' lang='lat' dir='ltr'><strong>Ipso</strong></span> <span class='ocrx_word' id='word_1_571' title='bbox 1439 4943 1525 4997; x_wconf 88' lang='lat' dir='ltr'><strong>die</strong></span> <span class='ocrx_word' id='word_1_572' title='bbox 1554 4943 1732 5017; x_wconf 77' lang='lat' dir='ltr'><strong>lnge!-</strong></span> 
     </span>
    </p>
   </div>
   <div class='ocr_carea' id='block_1_84' title="bbox 236 5015 1658 5100">
    <p class='ocr_par' dir='ltr' id='par_1_84' title="bbox 236 5015 1658 5100">
     <span class='ocr_line' id='line_1_84' title="bbox 236 5015 1658 5100; baseline 0.017 -32"><span class='ocrx_word' id='word_1_573' title='bbox 236 5015 413 5078; x_wconf 71' lang='lat' dir='ltr'><strong>baldus</strong></span> <span class='ocrx_word' id='word_1_574' title='bbox 436 5029 676 5083; x_wconf 83' lang='lat' dir='ltr'><strong>sacerdos</strong></span> <span class='ocrx_word' id='word_1_575' title='bbox 704 5041 859 5100; x_wconf 85' lang='lat' dir='ltr'><strong>atque</strong></span> <span class='ocrx_word' id='word_1_576' title='bbox 895 5030 1120 5084; x_wconf 85' lang='lat' dir='ltr'><strong>decanus</strong></span> <span class='ocrx_word' id='word_1_577' title='bbox 1148 5029 1210 5084; x_wconf 88' lang='lat' dir='ltr'><strong>S.</strong></span> <span class='ocrx_word' id='word_1_578' title='bbox 1241 5027 1489 5098; x_wconf 81' lang='lat' dir='ltr'><strong>Stephani</strong></span> <span class='ocrx_word' id='word_1_579' title='bbox 1511 5015 1658 5091; x_wconf 84' lang='lat' dir='ltr'><strong>obiit.</strong></span> 
     </span>
    </p>
   </div>
   <div class='ocr_carea' id='block_1_85' title="bbox 180 5096 1733 5190">
    <p class='ocr_par' dir='ltr' id='par_1_85' title="bbox 180 5096 1733 5190">
     <span class='ocr_line' id='line_1_85' title="bbox 180 5096 1733 5190; baseline 0.022 -35"><span class='ocrx_word' id='word_1_580' title='bbox 180 5096 213 5155; x_wconf 72' lang='grc' dir='ltr'><strong>ν</strong></span> <span class='ocrx_word' id='word_1_581' title='bbox 235 5104 351 5166; x_wconf 86' lang='lat' dir='ltr'><strong>ldus</strong></span> <span class='ocrx_word' id='word_1_582' title='bbox 377 5113 675 5186; x_wconf 84' lang='lat' dir='ltr'><strong>Septembr.</strong></span> <span class='ocrx_word' id='word_1_583' title='bbox 707 5096 863 5190; x_wconf 84' lang='lat' dir='ltr'><strong>Apud</strong></span> <span class='ocrx_word' id='word_1_584' title='bbox 892 5119 1259 5180; x_wconf 85' lang='lat' dir='ltr'><strong>Nicomediam</strong></span> <span class='ocrx_word' id='word_1_585' title='bbox 1289 5096 1470 5190; x_wconf 85' lang='lat' dir='ltr'><strong>passio</strong></span> <span class='ocrx_word' id='word_1_586' title='bbox 1494 5127 1594 5186; x_wconf 88' lang='lat' dir='ltr'><strong>SS.</strong></span> <span class='ocrx_word' id='word_1_587' title='bbox 1628 5131 1733 5186; x_wconf 74' lang='grc' dir='ltr'><strong>Ι)ου</strong></span> 
     </span>
    </p>
   </div>
   <div class='ocr_carea' id='block_1_86' title="bbox 239 5202 1729 5281">
    <p class='ocr_par' dir='ltr' id='par_1_86' title="bbox 239 5202 1729 5281">
     <span class='ocr_line' id='line_1_86' title="bbox 239 5202 1729 5281; baseline 0.015 -32"><span class='ocrx_word' id='word_1_588' title='bbox 239 5202 400 5258; x_wconf 88' lang='lat' dir='ltr'><strong>rothei</strong></span> <span class='ocrx_word' id='word_1_589' title='bbox 423 5217 474 5262; x_wconf 93' lang='lat' dir='ltr'><strong>et</strong></span> <span class='ocrx_word' id='word_1_590' title='bbox 491 5210 742 5281; x_wconf 89' lang='lat' dir='ltr'><strong>Gorgonii</strong></span> <span class='ocrx_word' id='word_1_591' title='bbox 766 5219 1080 5280; x_wconf 90' lang='lat' dir='ltr'><strong>martyrum.</strong></span> <span class='ocrx_word' id='word_1_592' title='bbox 1100 5213 1298 5269; x_wconf 86' lang='lat' dir='ltr'><strong>Eodem</strong></span> <span class='ocrx_word' id='word_1_593' title='bbox 1319 5213 1408 5269; x_wconf 89' lang='lat' dir='ltr'><strong>die</strong></span> <span class='ocrx_word' id='word_1_594' title='bbox 1431 5216 1729 5278; x_wconf 87' lang='lat' dir='ltr'><strong>Audomari</strong></span> 
     </span>
    </p>
   </div>
   <div class='ocr_carea' id='block_1_87' title="bbox 235 5283 1724 5350">
    <p class='ocr_par' dir='ltr' id='par_1_87' title="bbox 235 5283 1724 5350">
     <span class='ocr_line' id='line_1_87' title="bbox 235 5283 1724 5350; baseline 0.005 -8"><span class='ocrx_word' id='word_1_595' title='bbox 235 5283 584 5350; x_wconf 82' lang='lat' dir='ltr'><strong>Tarvanensis</strong></span> <span class='ocrx_word' id='word_1_596' title='bbox 635 5300 891 5350; x_wconf 76' lang='lat' dir='ltr'><strong>enisconi.</strong></span> <span class='ocrx_word' id='word_1_597' title='bbox 945 5300 1130 5350; x_wconf 68' lang='lat' dir='ltr'><strong>Romm</strong></span> <span class='ocrx_word' id='word_1_598' title='bbox 1189 5302 1367 5350; x_wconf 78' lang='lat' dir='ltr'><strong>natale</strong></span> <span class='ocrx_word' id='word_1_599' title='bbox 1415 5304 1473 5350; x_wconf 64' lang='grc' dir='ltr'><strong>Β-</strong></span> <span class='ocrx_word' id='word_1_600' title='bbox 1549 5308 1724 5350; x_wconf 61' lang='lat' dir='ltr'><strong>Rau-aii</strong></span> 
     </span>
    </p>
   </div>
   <div class='ocr_carea' id='block_1_88' title="bbox 1913 3136 3440 3211">
    <p class='ocr_par' dir='ltr' id='par_1_88' title="bbox 1913 3136 3440 3211">
     <span class='ocr_line' id='line_1_88' title="bbox 1913 3136 3440 3211; baseline -0.003 -18"><span class='ocrx_word' id='word_1_601' title='bbox 1913 3140 2191 3211; x_wconf 90' lang='lat' dir='ltr'><strong>martyris.</strong></span> <span class='ocrx_word' id='word_1_602' title='bbox 2235 3141 2292 3194; x_wconf 90' lang='lat' dir='ltr'><strong>ln</strong></span> <span class='ocrx_word' id='word_1_603' title='bbox 2345 3141 2624 3195; x_wconf 89' lang='lat' dir='ltr'><strong>territurio</strong></span> <span class='ocrx_word' id='word_1_604' title='bbox 2662 3139 3036 3194; x_wconf 87' lang='lat' dir='ltr'><strong>Cavillonense</strong></span> <span class='ocrx_word' id='word_1_605' title='bbox 3082 3147 3260 3192; x_wconf 85' lang='lat' dir='ltr'><strong>castro</strong></span> <span class='ocrx_word' id='word_1_606' title='bbox 3306 3136 3440 3190; x_wconf 77' lang='lat' dir='ltr'><strong>Tre-</strong></span> 
     </span>
    </p>
   </div>
   <div class='ocr_carea' id='block_1_89' title="bbox 1910 3222 3436 3298">
    <p class='ocr_par' dir='ltr' id='par_1_89' title="bbox 1910 3222 3436 3298">
     <span class='ocr_line' id='line_1_89' title="bbox 1910 3222 3436 3298; baseline -0.005 -14"><span class='ocrx_word' id='word_1_607' title='bbox 1910 3230 2098 3286; x_wconf 89' lang='lat' dir='ltr'><strong>norcio</strong></span> <span class='ocrx_word' id='word_1_608' title='bbox 2151 3230 2209 3286; x_wconf 86' lang='grc'><strong>8.</strong></span> <span class='ocrx_word' id='word_1_609' title='bbox 2268 3227 2542 3285; x_wconf 84' lang='lat' dir='ltr'><strong>Valeriani</strong></span> <span class='ocrx_word' id='word_1_610' title='bbox 2604 3228 2880 3298; x_wconf 88' lang='lat' dir='ltr'><strong>martyris.</strong></span> <span class='ocrx_word' id='word_1_611' title='bbox 2936 3227 3201 3298; x_wconf 79' lang='lat' dir='ltr'><strong>Lugdune</strong></span> <span class='ocrx_word' id='word_1_612' title='bbox 3249 3222 3436 3280; x_wconf 78' lang='lat' dir='ltr'><strong>Galliae</strong></span> 
     </span>
    </p>
   </div>
   <div class='ocr_carea' id='block_1_90' title="bbox 1911 3314 3436 3390">
    <p class='ocr_par' dir='ltr' id='par_1_90' title="bbox 1911 3314 3436 3390">
     <span class='ocr_line' id='line_1_90' title="bbox 1911 3314 3436 3390; baseline -0.003 -16"><span class='ocrx_word' id='word_1_613' title='bbox 1911 3322 1971 3375; x_wconf 90' lang='lat' dir='ltr'><strong>B.</strong></span> <span class='ocrx_word' id='word_1_614' title='bbox 2015 3321 2194 3375; x_wconf 88' lang='lat' dir='ltr'><strong>Albini</strong></span> <span class='ocrx_word' id='word_1_615' title='bbox 2236 3321 2496 3390; x_wconf 88' lang='lat' dir='ltr'><strong>episcopi.</strong></span> <span class='ocrx_word' id='word_1_616' title='bbox 2533 3319 2688 3374; x_wconf 90' lang='lat' dir='ltr'><strong>Tullo</strong></span> <span class='ocrx_word' id='word_1_617' title='bbox 2723 3320 2902 3373; x_wconf 90' lang='lat' dir='ltr'><strong>natale</strong></span> <span class='ocrx_word' id='word_1_618' title='bbox 2946 3318 3119 3373; x_wconf 89' lang='lat' dir='ltr'><strong>sancti</strong></span> <span class='ocrx_word' id='word_1_619' title='bbox 3148 3317 3280 3386; x_wconf 90' lang='lat' dir='ltr'><strong>Apri</strong></span> <span class='ocrx_word' id='word_1_620' title='bbox 3323 3314 3436 3384; x_wconf 82' lang='lat' dir='ltr'><strong>epi-</strong></span> 
     </span>
    </p>
   </div>
   <div class='ocr_carea' id='block_1_91' title="bbox 1912 3411 3360 3480">
    <p class='ocr_par' dir='ltr' id='par_1_91' title="bbox 1912 3411 3360 3480">
     <span class='ocr_line' id='line_1_91' title="bbox 1912 3411 3360 3480; baseline 0.001 -15"><span class='ocrx_word' id='word_1_621' title='bbox 1912 3411 2060 3480; x_wconf 88' lang='lat' dir='ltr'><strong>scopi</strong></span> <span class='ocrx_word' id='word_1_622' title='bbox 2091 3420 2145 3465; x_wconf 88' lang='lat' dir='ltr'><strong>et</strong></span> <span class='ocrx_word' id='word_1_623' title='bbox 2178 3411 2508 3466; x_wconf 90' lang='lat' dir='ltr'><strong>confessoris</strong></span> <span class='ocrx_word' id='word_1_624' title='bbox 3358 3428 3360 3430; x_wconf 74' lang='lat'><strong>&#39;</strong></span> 
     </span>
    </p>
   </div>
   <div class='ocr_carea' id='block_1_92' title="bbox 1986 3500 3434 3573">
    <p class='ocr_par' dir='ltr' id='par_1_92' title="bbox 1986 3500 3434 3573">
     <span class='ocr_line' id='line_1_92' title="bbox 1986 3500 3434 3573; baseline -0.002 -18"><span class='ocrx_word' id='word_1_625' title='bbox 1986 3502 2236 3556; x_wconf 76' lang='lat' dir='ltr'><strong>Obierunt</strong></span> <span class='ocrx_word' id='word_1_626' title='bbox 2276 3501 2559 3556; x_wconf 84' lang='lat' dir='ltr'><strong>Dadoenus</strong></span> <span class='ocrx_word' id='word_1_627' title='bbox 2604 3512 2651 3558; x_wconf 83' lang='lat' dir='ltr'><strong>et</strong></span> <span class='ocrx_word' id='word_1_628' title='bbox 2701 3502 2946 3573; x_wconf 78' lang='lat' dir='ltr'><strong>Alfaldus</strong></span> <span class='ocrx_word' id='word_1_629' title='bbox 2985 3501 3299 3570; x_wconf 83' lang='lat' dir='ltr'><strong>presbyteri,</strong></span> <span class='ocrx_word' id='word_1_630' title='bbox 3345 3500 3434 3569; x_wconf 82' lang='lat' dir='ltr'><strong>qui</strong></span> 
     </span>
    </p>
   </div>
   <div class='ocr_carea' id='block_1_93' title="bbox 1906 3590 3438 3658">
    <p class='ocr_par' dir='ltr' id='par_1_93' title="bbox 1906 3590 3438 3658">
     <span class='ocr_line' id='line_1_93' title="bbox 1906 3590 3438 3658; baseline 0 -14"><span class='ocrx_word' id='word_1_631' title='bbox 1906 3591 2160 3645; x_wconf 87' lang='lat' dir='ltr'><strong>dederunt</strong></span> <span class='ocrx_word' id='word_1_632' title='bbox 2205 3593 2421 3646; x_wconf 85' lang='lat' dir='ltr'><strong>alodum</strong></span> <span class='ocrx_word' id='word_1_633' title='bbox 2468 3609 2620 3648; x_wconf 87' lang='lat' dir='ltr'><strong>suum</strong></span> <span class='ocrx_word' id='word_1_634' title='bbox 2673 3595 2729 3647; x_wconf 88' lang='lat' dir='ltr'><strong>in</strong></span> <span class='ocrx_word' id='word_1_635' title='bbox 2772 3593 2900 3648; x_wconf 81' lang='lat' dir='ltr'><strong>villa</strong></span> <span class='ocrx_word' id='word_1_636' title='bbox 2949 3592 3272 3646; x_wconf 74' lang='lat' dir='ltr'><strong>Mantiniam</strong></span> <span class='ocrx_word' id='word_1_637' title='bbox 3322 3590 3438 3658; x_wconf 81' lang='lat' dir='ltr'><strong>fra-</strong></span> 
     </span>
    </p>
   </div>
   <div class='ocr_carea' id='block_1_94' title="bbox 1913 3683 2101 3736">
    <p class='ocr_par' dir='ltr' id='par_1_94' title="bbox 1913 3683 2101 3736">
     <span class='ocr_line' id='line_1_94' title="bbox 1913 3683 2101 3736; baseline 0 0"><span class='ocrx_word' id='word_1_638' title='bbox 1913 3683 2101 3736; x_wconf 84' lang='lat' dir='ltr'><strong>tribus.</strong></span> 
     </span>
    </p>
   </div>
   <div class='ocr_carea' id='block_1_95' title="bbox 1842 3769 3429 3830">
    <p class='ocr_par' dir='ltr' id='par_1_95' title="bbox 1842 3769 3429 3830">
     <span class='ocr_line' id='line_1_95' title="bbox 1842 3769 3429 3830; baseline -0.003 -3"><span class='ocrx_word' id='word_1_639' title='bbox 1842 3772 1967 3827; x_wconf 75' lang='lat' dir='ltr'><strong>XVI</strong></span> <span class='ocrx_word' id='word_1_640' title='bbox 2006 3771 2123 3826; x_wconf 86' lang='lat' dir='ltr'><strong>Kal.</strong></span> <span class='ocrx_word' id='word_1_641' title='bbox 2165 3773 2355 3828; x_wconf 90' lang='lat' dir='ltr'><strong>Octob.</strong></span> <span class='ocrx_word' id='word_1_642' title='bbox 2399 3774 2629 3830; x_wconf 89' lang='lat' dir='ltr'><strong>Civitate</strong></span> <span class='ocrx_word' id='word_1_643' title='bbox 2672 3774 2970 3830; x_wconf 88' lang='lat' dir='ltr'><strong>Calcedona</strong></span> <span class='ocrx_word' id='word_1_644' title='bbox 3005 3775 3183 3826; x_wconf 88' lang='lat' dir='ltr'><strong>natale</strong></span> <span class='ocrx_word' id='word_1_645' title='bbox 3215 3770 3274 3826; x_wconf 93' lang='lat' dir='ltr'><strong>S.</strong></span> <span class='ocrx_word' id='word_1_646' title='bbox 3319 3769 3429 3825; x_wconf 83' lang='lat' dir='ltr'><strong>En-</strong></span> 
     </span>
    </p>
   </div>
   <div class='ocr_carea' id='block_1_96' title="bbox 1912 3863 3430 3938">
    <p class='ocr_par' dir='ltr' id='par_1_96' title="bbox 1912 3863 3430 3938">
     <span class='ocr_line' id='line_1_96' title="bbox 1912 3863 3430 3938; baseline -0.001 -21"><span class='ocrx_word' id='word_1_647' title='bbox 1912 3865 2140 3935; x_wconf 68' lang='lat' dir='ltr'><strong>phemias</strong></span> <span class='ocrx_word' id='word_1_648' title='bbox 2164 3865 2388 3936; x_wconf 86' lang='lat' dir='ltr'><strong>virginis</strong></span> <span class='ocrx_word' id='word_1_649' title='bbox 2414 3876 2468 3920; x_wconf 89' lang='lat' dir='ltr'><strong>et</strong></span> <span class='ocrx_word' id='word_1_650' title='bbox 2497 3868 2752 3938; x_wconf 86' lang='lat' dir='ltr'><strong>martyris</strong></span> <span class='ocrx_word' id='word_1_651' title='bbox 2776 3880 2896 3920; x_wconf 91' lang='lat' dir='ltr'><strong>cum</strong></span> <span class='ocrx_word' id='word_1_652' title='bbox 2924 3866 3044 3920; x_wconf 89' lang='lat' dir='ltr'><strong>aliis</strong></span> <span class='ocrx_word' id='word_1_653' title='bbox 3068 3881 3212 3919; x_wconf 77' lang='lat' dir='ltr'><strong>xux.</strong></span> <span class='ocrx_word' id='word_1_654' title='bbox 3242 3863 3430 3918; x_wconf 76' lang='lat' dir='ltr'><strong>Roma:</strong></span> 
     </span>
    </p>
   </div>
   <div class='ocr_carea' id='block_1_97' title="bbox 1910 3953 3432 4027">
    <p class='ocr_par' dir='ltr' id='par_1_97' title="bbox 1910 3953 3432 4027">
     <span class='ocr_line' id='line_1_97' title="bbox 1910 3953 3432 4027; baseline -0.001 -18"><span class='ocrx_word' id='word_1_655' title='bbox 1910 3955 2091 4010; x_wconf 89' lang='lat' dir='ltr'><strong>natale</strong></span> <span class='ocrx_word' id='word_1_656' title='bbox 2127 3955 2184 4010; x_wconf 92' lang='lat' dir='ltr'><strong>S.</strong></span> <span class='ocrx_word' id='word_1_657' title='bbox 2231 3957 2410 4012; x_wconf 58' lang='lat' dir='ltr'><strong>Lucina</strong></span> <span class='ocrx_word' id='word_1_658' title='bbox 2439 3958 2612 4012; x_wconf 78' lang='lat' dir='ltr'><strong>viduae</strong></span> <span class='ocrx_word' id='word_1_659' title='bbox 2642 3967 2697 4012; x_wconf 91' lang='lat' dir='ltr'><strong>ct</strong></span> <span class='ocrx_word' id='word_1_660' title='bbox 2743 3956 3016 4027; x_wconf 82' lang='lat' dir='ltr'><strong>martyris.</strong></span> <span class='ocrx_word' id='word_1_661' title='bbox 3061 3956 3215 4021; x_wconf 88' lang='lat' dir='ltr'><strong>Item,</strong></span> <span class='ocrx_word' id='word_1_662' title='bbox 3246 3953 3432 4007; x_wconf 67' lang='lat' dir='ltr'><strong>Romae</strong></span> 
     </span>
    </p>
   </div>
   <div class='ocr_carea' id='block_1_98' title="bbox 1912 4046 3099 4118">
    <p class='ocr_par' dir='ltr' id='par_1_98' title="bbox 1912 4046 3099 4118">
     <span class='ocr_line' id='line_1_98' title="bbox 1912 4046 3099 4118; baseline -0.001 -18"><span class='ocrx_word' id='word_1_663' title='bbox 1912 4047 1975 4100; x_wconf 91' lang='grc' dir='ltr'>Β.</span> <span class='ocrx_word' id='word_1_664' title='bbox 2002 4046 2308 4103; x_wconf 88' lang='lat' dir='ltr'><strong>Geminiani</strong></span> <span class='ocrx_word' id='word_1_665' title='bbox 2335 4050 2589 4118; x_wconf 87' lang='lat' dir='ltr'><strong>martyris</strong></span> <span class='ocrx_word' id='word_1_666' title='bbox 2613 4063 2734 4103; x_wconf 91' lang='lat' dir='ltr'><strong>cum</strong></span> <span class='ocrx_word' id='word_1_667' title='bbox 2767 4048 2887 4102; x_wconf 89' lang='lat' dir='ltr'><strong>aliis</strong></span> <span class='ocrx_word' id='word_1_668' title='bbox 2912 4062 3072 4100; x_wconf 78' lang='lat' dir='ltr'><strong>uxv.</strong></span> <span class='ocrx_word' id='word_1_669' title='bbox 3097 4077 3099 4079; x_wconf 62' lang='grc' dir='ltr'><strong>ι</strong></span> 
     </span>
    </p>
   </div>
   <div class='ocr_carea' id='block_1_99' title="bbox 1984 4126 3426 4207">
    <p class='ocr_par' dir='ltr' id='par_1_99' title="bbox 1984 4126 3426 4207">
     <span class='ocr_line' id='line_1_99' title="bbox 1984 4126 3426 4207; baseline -0.002 -16"><span class='ocrx_word' id='word_1_670' title='bbox 1984 4135 2126 4192; x_wconf 89' lang='lat' dir='ltr'><strong>Obiit</strong></span> <span class='ocrx_word' id='word_1_671' title='bbox 2179 4137 2432 4207; x_wconf 78' lang='lat' dir='ltr'><strong>Gofridns</strong></span> <span class='ocrx_word' id='word_1_672' title='bbox 2467 4139 2644 4193; x_wconf 87' lang='lat' dir='ltr'><strong>clarus</strong></span> <span class='ocrx_word' id='word_1_673' title='bbox 2688 4139 2930 4203; x_wconf 87' lang='lat' dir='ltr'><strong>consilio,</strong></span> <span class='ocrx_word' id='word_1_674' title='bbox 2961 4126 3163 4192; x_wconf 82' lang='lat' dir='ltr'><strong>amicus</strong></span> <span class='ocrx_word' id='word_1_675' title='bbox 3200 4136 3346 4206; x_wconf 83' lang='lat' dir='ltr'><strong>pacis</strong></span> <span class='ocrx_word' id='word_1_676' title='bbox 3377 4144 3426 4189; x_wconf 89' lang='lat' dir='ltr'><strong>et</strong></span> 
     </span>
    </p>
   </div>
   <div class='ocr_carea' id='block_1_100' title="bbox 1911 4227 3433 4298">
    <p class='ocr_par' dir='ltr' id='par_1_100' title="bbox 1911 4227 3433 4298">
     <span class='ocr_line' id='line_1_100' title="bbox 1911 4227 3433 4298; baseline -0.001 -18"><span class='ocrx_word' id='word_1_677' title='bbox 1911 4227 2142 4296; x_wconf 85' lang='lat' dir='ltr'><strong>pietatis,</strong></span> <span class='ocrx_word' id='word_1_678' title='bbox 2173 4229 2443 4296; x_wconf 84' lang='lat' dir='ltr'><strong>episcopus</strong></span> <span class='ocrx_word' id='word_1_679' title='bbox 2473 4229 2705 4283; x_wconf 75' lang='lat' dir='ltr'><strong>ecclesia:</strong></span> <span class='ocrx_word' id='word_1_680' title='bbox 2734 4229 2942 4298; x_wconf 82' lang='lat' dir='ltr'><strong>quidem</strong></span> <span class='ocrx_word' id='word_1_681' title='bbox 2975 4243 3087 4282; x_wconf 68' lang='lat' dir='ltr'><strong>suae</strong></span> <span class='ocrx_word' id='word_1_682' title='bbox 3109 4228 3298 4296; x_wconf 81' lang='lat' dir='ltr'><strong>dignus</strong></span> <span class='ocrx_word' id='word_1_683' title='bbox 3327 4241 3433 4280; x_wconf 83' lang='lat' dir='ltr'><strong>me-</strong></span> 
     </span>
    </p>
   </div>
   <div class='ocr_carea' id='block_1_101' title="bbox 1911 4313 3430 4386">
    <p class='ocr_par' dir='ltr' id='par_1_101' title="bbox 1911 4313 3430 4386">
     <span class='ocr_line' id='line_1_101' title="bbox 1911 4313 3430 4386; baseline -0.002 -18"><span class='ocrx_word' id='word_1_684' title='bbox 1911 4315 2102 4379; x_wconf 86' lang='lat' dir='ltr'><strong>moria,</strong></span> <span class='ocrx_word' id='word_1_685' title='bbox 2153 4314 2456 4385; x_wconf 82' lang='lat' dir='ltr'><strong>lacltrymis,</strong></span> <span class='ocrx_word' id='word_1_686' title='bbox 2507 4327 2555 4370; x_wconf 90' lang='lat' dir='ltr'><strong>et</strong></span> <span class='ocrx_word' id='word_1_687' title='bbox 2596 4316 3054 4386; x_wconf 84' lang='lat' dir='ltr'><strong>benedictionibus.</strong></span> <span class='ocrx_word' id='word_1_688' title='bbox 3086 4315 3244 4377; x_wconf 86' lang='lat' dir='ltr'><strong>Item,</strong></span> <span class='ocrx_word' id='word_1_689' title='bbox 3297 4313 3430 4368; x_wconf 83' lang='lat' dir='ltr'><strong>Gui-</strong></span> 
     </span>
    </p>
   </div>
   <div class='ocr_carea' id='block_1_102' title="bbox 1911 4405 3434 4477">
    <p class='ocr_par' dir='ltr' id='par_1_102' title="bbox 1911 4405 3434 4477">
     <span class='ocr_line' id='line_1_102' title="bbox 1911 4405 3434 4477; baseline -0.001 -18"><span class='ocrx_word' id='word_1_690' title='bbox 1911 4407 2083 4460; x_wconf 80' lang='lat' dir='ltr'><strong>bertus</strong></span> <span class='ocrx_word' id='word_1_691' title='bbox 2125 4405 2274 4458; x_wconf 83' lang='lat' dir='ltr'><strong>miles</strong></span> <span class='ocrx_word' id='word_1_692' title='bbox 2321 4407 2473 4470; x_wconf 86' lang='lat' dir='ltr'><strong>obiit,</strong></span> <span class='ocrx_word' id='word_1_693' title='bbox 2529 4410 2619 4477; x_wconf 86' lang='lat' dir='ltr'><strong>qui</strong></span> <span class='ocrx_word' id='word_1_694' title='bbox 2670 4409 2726 4459; x_wconf 85' lang='lat' dir='ltr'><strong>in</strong></span> <span class='ocrx_word' id='word_1_695' title='bbox 2757 4423 2974 4460; x_wconf 87' lang='lat' dir='ltr'><strong>manum</strong></span> <span class='ocrx_word' id='word_1_696' title='bbox 3007 4406 3297 4459; x_wconf 76' lang='lat' dir='ltr'><strong>Humbrddi</strong></span> <span class='ocrx_word' id='word_1_697' title='bbox 3327 4407 3434 4474; x_wconf 84' lang='lat' dir='ltr'><strong>epi-</strong></span> 
     </span>
    </p>
   </div>
   <div class='ocr_carea' id='block_1_103' title="bbox 1905 4486 3435 4566">
    <p class='ocr_par' dir='ltr' id='par_1_103' title="bbox 1905 4486 3435 4566">
     <span class='ocr_line' id='line_1_103' title="bbox 1905 4486 3435 4566; baseline 0 -16"><span class='ocrx_word' id='word_1_698' title='bbox 1905 4497 2046 4564; x_wconf 88' lang='lat' dir='ltr'><strong>scopi</strong></span> <span class='ocrx_word' id='word_1_699' title='bbox 2071 4493 2343 4548; x_wconf 82' lang='lat' dir='ltr'><strong>ecclesiam</strong></span> <span class='ocrx_word' id='word_1_700' title='bbox 2374 4497 2429 4548; x_wconf 84' lang='lat' dir='ltr'><strong>in</strong></span> <span class='ocrx_word' id='word_1_701' title='bbox 2459 4496 2686 4549; x_wconf 83' lang='lat' dir='ltr'><strong>Acolaco</strong></span> <span class='ocrx_word' id='word_1_702' title='bbox 2732 4495 2857 4556; x_wconf 83' lang='lat' dir='ltr'><strong>villa</strong></span> <span class='ocrx_word' id='word_1_703' title='bbox 2899 4486 3140 4566; x_wconf 81' lang='lat' dir='ltr'><strong>reliquit,</strong></span> <span class='ocrx_word' id='word_1_704' title='bbox 3171 4506 3435 4550; x_wconf 86' lang='lat' dir='ltr'><strong>annuente</strong></span> 
     </span>
    </p>
   </div>
   <div class='ocr_carea' id='block_1_104' title="bbox 1907 4585 3036 4654">
    <p class='ocr_par' dir='ltr' id='par_1_104' title="bbox 1907 4585 3036 4654">
     <span class='ocr_line' id='line_1_104' title="bbox 1907 4585 3036 4654; baseline -0.002 -12"><span class='ocrx_word' id='word_1_705' title='bbox 1907 4602 2072 4642; x_wconf 78' lang='lat' dir='ltr'><strong>uxore</strong></span> <span class='ocrx_word' id='word_1_706' title='bbox 2107 4601 2205 4639; x_wconf 84' lang='lat' dir='ltr'><strong>sua</strong></span> <span class='ocrx_word' id='word_1_707' title='bbox 2235 4595 2283 4640; x_wconf 88' lang='lat' dir='ltr'><strong>et</strong></span> <span class='ocrx_word' id='word_1_708' title='bbox 2310 4585 2515 4640; x_wconf 84' lang='lat' dir='ltr'><strong>duobus</strong></span> <span class='ocrx_word' id='word_1_709' title='bbox 2538 4585 2666 4654; x_wconf 78' lang='lat' dir='ltr'><strong>ﬁliis</strong></span> <span class='ocrx_word' id='word_1_710' title='bbox 2689 4585 2796 4638; x_wconf 83' lang='lat' dir='ltr'><strong>suis</strong></span> <span class='ocrx_word' id='word_1_711' title='bbox 2825 4595 2871 4638; x_wconf 90' lang='lat' dir='ltr'><strong>et</strong></span> <span class='ocrx_word' id='word_1_712' title='bbox 2900 4585 3036 4652; x_wconf 77' lang='lat' dir='ltr'><strong>filia.</strong></span> 
     </span>
    </p>
   </div>
   <div class='ocr_carea' id='block_1_105' title="bbox 1843 4669 3441 4736">
    <p class='ocr_par' dir='ltr' id='par_1_105' title="bbox 1843 4669 3441 4736">
     <span class='ocr_line' id='line_1_105' title="bbox 1843 4669 3441 4736; baseline 0.001 -2"><span class='ocrx_word' id='word_1_713' title='bbox 1843 4677 1959 4736; x_wconf 77' lang='lat' dir='ltr'><strong>KV.</strong></span> <span class='ocrx_word' id='word_1_714' title='bbox 1998 4678 2116 4734; x_wconf 88' lang='lat' dir='ltr'><strong>Kal.</strong></span> <span class='ocrx_word' id='word_1_715' title='bbox 2149 4675 2342 4732; x_wconf 91' lang='lat' dir='ltr'><strong>Octob.</strong></span> <span class='ocrx_word' id='word_1_716' title='bbox 2367 4676 2425 4730; x_wconf 84' lang='lat' dir='ltr'><strong>In</strong></span> <span class='ocrx_word' id='word_1_717' title='bbox 2447 4677 2748 4733; x_wconf 88' lang='lat' dir='ltr'><strong>Britanniis</strong></span> <span class='ocrx_word' id='word_1_718' title='bbox 2771 4669 2951 4731; x_wconf 84' lang='lat' dir='ltr'><strong>natale</strong></span> <span class='ocrx_word' id='word_1_719' title='bbox 2975 4676 3073 4732; x_wconf 89' lang='lat' dir='ltr'><strong>SS.</strong></span> <span class='ocrx_word' id='word_1_720' title='bbox 3107 4676 3353 4731; x_wconf 88' lang='lat' dir='ltr'><strong>Socratis</strong></span> <span class='ocrx_word' id='word_1_721' title='bbox 3381 4688 3441 4734; x_wconf 86' lang='lat' dir='ltr'><strong>et</strong></span> 
     </span>
    </p>
   </div>
   <div class='ocr_carea' id='block_1_106' title="bbox 1914 4765 3444 4841">
    <p class='ocr_par' dir='ltr' id='par_1_106' title="bbox 1914 4765 3444 4841">
     <span class='ocr_line' id='line_1_106' title="bbox 1914 4765 3444 4841; baseline -0.003 -16"><span class='ocrx_word' id='word_1_722' title='bbox 1914 4767 2198 4841; x_wconf 87' lang='lat' dir='ltr'><strong>Stephani.</strong></span> <span class='ocrx_word' id='word_1_723' title='bbox 2232 4767 2432 4823; x_wconf 80' lang='lat' dir='ltr'><strong>Eodem</strong></span> <span class='ocrx_word' id='word_1_724' title='bbox 2487 4769 2577 4822; x_wconf 90' lang='lat' dir='ltr'><strong>die</strong></span> <span class='ocrx_word' id='word_1_725' title='bbox 2628 4767 2812 4821; x_wconf 87' lang='lat' dir='ltr'><strong>natale</strong></span> <span class='ocrx_word' id='word_1_726' title='bbox 2849 4765 2907 4821; x_wconf 91' lang='lat' dir='ltr'><strong>S.</strong></span> <span class='ocrx_word' id='word_1_727' title='bbox 2961 4766 3241 4822; x_wconf 87' lang='lat' dir='ltr'><strong>Lamberti</strong></span> <span class='ocrx_word' id='word_1_728' title='bbox 3290 4765 3444 4820; x_wconf 73' lang='lat' dir='ltr'><strong>Tur.-</strong></span> 
     </span>
    </p>
   </div>
   <div class='ocr_carea' id='block_1_107' title="bbox 1916 4854 3450 4932">
    <p class='ocr_par' dir='ltr' id='par_1_107' title="bbox 1916 4854 3450 4932">
     <span class='ocr_line' id='line_1_107' title="bbox 1916 4854 3450 4932; baseline -0.004 -18"><span class='ocrx_word' id='word_1_729' title='bbox 1916 4859 2128 4932; x_wconf 89' lang='lat' dir='ltr'><strong>grcnsis</strong></span> <span class='ocrx_word' id='word_1_730' title='bbox 2153 4855 2396 4927; x_wconf 88' lang='lat' dir='ltr'><strong>episcopi</strong></span> <span class='ocrx_word' id='word_1_731' title='bbox 2419 4866 2474 4912; x_wconf 88' lang='lat' dir='ltr'><strong>et</strong></span> <span class='ocrx_word' id='word_1_732' title='bbox 2506 4857 2784 4929; x_wconf 86' lang='lat' dir='ltr'><strong>martyris.</strong></span> <span class='ocrx_word' id='word_1_733' title='bbox 2819 4854 3085 4924; x_wconf 68' lang='lat' dir='ltr'><strong>Cordubze</strong></span> <span class='ocrx_word' id='word_1_734' title='bbox 3121 4859 3450 4910; x_wconf 83' lang='lat' dir='ltr'><strong>sanctorum</strong></span> 
     </span>
    </p>
   </div>
   <div class='ocr_carea' id='block_1_108' title="bbox 1919 4941 3465 5024">
    <p class='ocr_par' dir='ltr' id='par_1_108' title="bbox 1919 4941 3465 5024">
     <span class='ocr_line' id='line_1_108' title="bbox 1919 4941 3465 5024; baseline -0.006 -15"><span class='ocrx_word' id='word_1_735' title='bbox 1919 4962 2212 5024; x_wconf 89' lang='lat' dir='ltr'><strong>tnartyrum</strong></span> <span class='ocrx_word' id='word_1_736' title='bbox 2249 4945 2500 5002; x_wconf 84' lang='lat' dir='ltr'><strong>Emiliani</strong></span> <span class='ocrx_word' id='word_1_737' title='bbox 2537 4945 2750 5004; x_wconf 88' lang='lat' dir='ltr'><strong>diaconi</strong></span> <span class='ocrx_word' id='word_1_738' title='bbox 2779 4953 2835 4999; x_wconf 89' lang='lat' dir='ltr'><strong>et</strong></span> <span class='ocrx_word' id='word_1_739' title='bbox 2864 4941 3171 4998; x_wconf 80' lang='lat' dir='ltr'><strong>Hieremiae,</strong></span> <span class='ocrx_word' id='word_1_740' title='bbox 3205 4951 3465 5024; x_wconf 83' lang='lat' dir='ltr'><strong>quorum</strong></span> 
     </span>
    </p>
   </div>
   <div class='ocr_carea' id='block_1_109' title="bbox 1853 5022 3474 5118">
    <p class='ocr_par' dir='ltr' id='par_1_109' title="bbox 1853 5022 3474 5118">
     <span class='ocr_line' id='line_1_109' title="bbox 1853 5022 3474 5118; baseline -0.015 -14"><span class='ocrx_word' id='word_1_741' title='bbox 1853 5101 1875 5118; x_wconf 74' lang='grc'>,</span> <span class='ocrx_word' id='word_1_742' title='bbox 1919 5022 2142 5118; x_wconf 84' lang='lat' dir='ltr'><strong>corpora</strong></span> <span class='ocrx_word' id='word_1_743' title='bbox 2172 5048 2291 5112; x_wconf 90' lang='lat' dir='ltr'><strong>post</strong></span> <span class='ocrx_word' id='word_1_744' title='bbox 2317 5038 2708 5096; x_wconf 86' lang='lat' dir='ltr'><strong>abscissionem</strong></span> <span class='ocrx_word' id='word_1_745' title='bbox 2737 5036 2936 5105; x_wconf 83' lang='lat' dir='ltr'><strong>capitis</strong></span> <span class='ocrx_word' id='word_1_746' title='bbox 2958 5037 3080 5103; x_wconf 86' lang='lat' dir='ltr'><strong>igne</strong></span> <span class='ocrx_word' id='word_1_747' title='bbox 3102 5022 3474 5094; x_wconf 62' lang='lat' dir='ltr'><strong>conflagrata</strong></span> 
     </span>
    </p>
   </div>
   <div class='ocr_carea' id='block_1_110' title="bbox 1926 5149 2065 5194">
    <p class='ocr_par' dir='ltr' id='par_1_110' title="bbox 1926 5149 2065 5194">
     <span class='ocr_line' id='line_1_110' title="bbox 1926 5149 2065 5194; baseline -0.014 0"><span class='ocrx_word' id='word_1_748' title='bbox 1926 5149 2065 5194; x_wconf 86' lang='lat' dir='ltr'><strong>sunt.</strong></span> 
     </span>
    </p>
   </div>
   <div class='ocr_carea' id='block_1_111' title="bbox 1854 5190 3542 5293">
    <p class='ocr_par' dir='ltr' id='par_1_111' title="bbox 1854 5190 3542 5293">
     <span class='ocr_line' id='line_1_111' title="bbox 1854 5190 3542 5293; baseline -0.024 -4"><span class='ocrx_word' id='word_1_749' title='bbox 1854 5190 2119 5293; x_wconf 55' lang='lat' dir='ltr'><strong>xiii...</strong></span> <span class='ocrx_word' id='word_1_750' title='bbox 2165 5221 2356 5280; x_wconf 84' lang='lat' dir='ltr'><strong>Octob.</strong></span> <span class='ocrx_word' id='word_1_751' title='bbox 2389 5220 2582 5278; x_wconf 87' lang='lat' dir='ltr'><strong>Natale</strong></span> <span class='ocrx_word' id='word_1_752' title='bbox 2630 5221 2692 5276; x_wconf 78' lang='grc' dir='ltr'>Β.</span> <span class='ocrx_word' id='word_1_753' title='bbox 2733 5213 2996 5272; x_wconf 86' lang='lat' dir='ltr'><strong>Methodii</strong></span> <span class='ocrx_word' id='word_1_754' title='bbox 3027 5201 3248 5293; x_wconf 78' lang='lat' dir='ltr'><strong>Olympi</strong></span> <span class='ocrx_word' id='word_1_755' title='bbox 3279 5201 3484 5270; x_wconf 53' lang='lat' dir='ltr'><strong>me;an</strong></span> <span class='ocrx_word' id='word_1_756' title='bbox 3538 5190 3542 5193; x_wconf 71' lang='lat'><strong><em>‘</em></strong></span> 
     </span>
    </p>
   </div>
   <div class='ocr_carea' id='block_1_112' title="bbox 1935 5291 3490 5350">
    <p class='ocr_par' dir='ltr' id='par_1_112' title="bbox 1935 5291 3490 5350">
     <span class='ocr_line' id='line_1_112' title="bbox 1935 5291 3490 5350; baseline 0 0"><span class='ocrx_word' id='word_1_757' title='bbox 1935 5331 1978 5350; x_wconf 73' lang='grc' dir='ltr'>..ι</span> <span class='ocrx_word' id='word_1_758' title='bbox 2031 5327 2215 5350; x_wconf 50' lang='lat' dir='ltr'><strong>“Anton</strong></span> <span class='ocrx_word' id='word_1_759' title='bbox 2272 5315 2400 5350; x_wconf 66' lang='grc' dir='ltr'><strong>Τειρὶ</strong></span> <span class='ocrx_word' id='word_1_760' title='bbox 2438 5314 2673 5350; x_wconf 68' lang='lat' dir='ltr'><strong>anim-nni</strong></span> <span class='ocrx_word' id='word_1_761' title='bbox 2731 5303 2826 5350; x_wconf 70' lang='lat' dir='ltr'><strong>(Illi</strong></span> <span class='ocrx_word' id='word_1_762' title='bbox 2871 5303 2977 5350; x_wconf 71' lang='lat' dir='ltr'><strong>Sllh</strong></span> <span class='ocrx_word' id='word_1_763' title='bbox 3025 5291 3377 5350; x_wconf 63' lang='grc' dir='ltr'><strong>Βιοειθιὶθῐιο</strong></span> <span class='ocrx_word' id='word_1_764' title='bbox 3415 5299 3490 5350; x_wconf 75' lang='lat' dir='ltr'><strong>in</strong></span> 
     </span>
    </p>
   </div>
  </div>
