3992 5350
561 271 699 329 124⁸5
1325 262 1613 322 APPEND.
1655 261 1746 316 AD
1782 260 1954 316 SEC.
1993 256 2060 314 Χ.
2099 287 2170 300 -—
2207 253 2635 314 MONUMENTA
2673 257 2953 316 LITURG.
3661 262 3776 317 liii

630 385 687 439 S.
707 379 976 436 Ambrosii
997 377 1251 451 episcopi.
1281 377 1336 430 In
1359 373 1686 430 Alexandria
1710 373 1887 426 natale
1914 371 1970 426 8.
1995 369 2127 426 Tro—
2155 373 2207 431 Α
2300 370 2452 442 tyris.
2492 369 2860 427 Autissiodero
2903 367 3168 440 depositio
3195 377 3248 424 et
3281 370 3564 428 translatio
3598 371 3656 428 S.
3686 375 3778 430 Au-

559 474 847 620 lelhlgl'lIi.
897 560 1086 616 Octob.
1143 558 1198 612 In
1261 555 1534 628 Neapolim
1593 553 1900 625 Campania:
1959 552 2136 608 natale

2306 461 2480 531 gnarii
2533 461 2768 532 episcopi
2821 469 2875 517 et
2920 460 3263 516 confessoris.
3315 462 3430 533 Ipso
3482 463 3575 519 die
3624 467 3780 521 natale

2307 553 2365 608 S.
2403 553 2711 608 Herculiani
2754 555 3031 624 martyris.

634 655 736 710 SS.
761 662 1054 723 martyrum
1076 651 1316 706 Januarii
1336 649 1728 703 Beneventana:
1758 647 1990 716 episcopi
2014 659 2135 699 cum

633 748 754 802 aliis
779 762 894 799 vm.
921 745 974 798 In
996 744 1278 797 Palaestina
1302 741 1484 794 natale
1510 739 1610 793 SS.
1636 748 1932 808 martyrum
1954 734 2054 788 Pili
2085 743 2138 789 et

632 839 734 892 Nili
764 839 1162 908 cpisc0porum.
1202 834 1355 902 Apud
1399 831 1685 885 Nuceriam
1725 828 1906 883 natale
1948 827 2138 881 S.-Feo

631 930 750 983 licis
780 927 1031 997 martyris
1080 935 1135 980 et
1178 927 1350 978 beata:
1397 921 1730 978 Constantize
1770 920 2042 990 martyris.
2081 919 2136 972 In

632 997 912 1074 territurio
934 1015 1238 1085 Lingoniczc
1262 1013 1500 1067 civitatis
1523 1012 1849 1066 monasterio
1867 1010 2138 1079 Segeslro,

633 1110 899 1178 depositio
941 1108 997 1160 S.
1047 1106 1280 1175 Sequani
1313 1105 1615 1175 presbyteri
1668 1112 1722 1156 et
1769 1101 2054 1166 monachi,
2088 1108 2142 1154 et

2274 670 2280 674 -
2374 643 2513 697 Obiit
2555 642 2814 698 Eldaldus
2841 643 3104 698 Senonum
3130 645 3571 716 archiepiscopus.
3609 641 3782 700 Eodem

2307 734 2390 788 die
2420 735 2561 788 Abba
2596 734 2746 789 levita
2787 746 2834 789 et
2879 737 3138 806 perfector
3159 737 3304 791 obiit.

2243 821 2305 877 VI
2353 823 2472 878 Kal.
2527 823 2747 879 Octobr.
2807 823 2992 879 Natale
3046 825 3147 880 SS.
3203 834 3508 894 martyrum
3561 826 3785 896 Cypriani

2299 916 2541 987 episcopi
2565 924 2620 972 et
2648 917 2886 972 doctoris
2919 918 3120 989 egregii
3142 927 3198 972 et
3221 918 3392 972 beata:
3420 915 3666 981 Justinaz,
3691 934 3786 986 qua:

2308 1007 2568 1076 praedicto
2596 1009 2871 1079 fepiscopo
2907 1025 3066 1064 causa
3091 1010 3288 1077 {extitit
3313 1009 3511 1086 salutis
3541 1025 3562 1064 :
3590 1025 3789 1080 quorum

2280 1143 2284 1146 .
2310 1114 2536 1168 corpora
2563 1102 2630 1154 ad
2663 1103 2858 1156 urbem
2890 1102 3072 1156 Roma:
3100 1102 3402 1173 deportata,
3451 1118 3521 1158 ac
3571 1118 3789 1156 reveren-

635 1200 760 1252 alibi
787 1197 844 1252 8.
876 1197 1036 1251 Potiti
1061 1196 1334 1266 martyris.
1368 1195 1422 1248 In
1452 1193 1643 1249 Galliis
1669 1193 1884 1247 civitate
1901 1191 2143 1260 Vigenna

635 1288 814 1341 natale
843 1287 900 1342 S.
928 1285 1166 1341 Ferreoli
1199 1285 1477 1355 martyris.

563 1378 659 1432 XII
711 1378 828 1432 Kal.
876 1375 1066 1432 Octob.
1126 1377 1182 1429 In
1224 1374 1406 1429 Cizico
1453 1374 1633 1427 natale
1693 1371 1792 1426 SS.
1846 1378 2145 1441 martyrum

634 1470 848 1524 Fausta:
885 1469 1111 1538 virginis
1141 1477 1196 1521 et
1226 1465 1472 1528 Evilasii,
1503 1465 1615 1533 qui,
1651 1461 1907 1516 inauditis
1956 1459 2139 1514 multi-

634 1562 891 1630 genisque
931 1560 1117 1614 laniati
1148 1559 1426 1613 tormentis
1447 1597 1462 1622 ,
1490 1556 1664 1611 vocati
1693 1555 1760 1608 de
1790 1553 1927 1609 caalo
1967 1552 2147 1607 reddi-

638 1652 836 1704 derunt
873 1651 1104 1704 animas.

2311 1198 2397 1245 ter
2433 1191 2694 1246 tumulata
2722 1201 2868 1246 sunt.
2908 1193 3036 1246 Item
3064 1191 3248 1247 Romae
3289 1195 3374 1248 via
3423 1194 3602 1262 Appia
3644 1194 3692 1245 in
3728 1194 3790 1246 ci-

2308 1282 2524 1336 miterio
2555 1282 2740 1337 Calisti
2783 1283 3050 1353 depositio
3085 1282 3143 1336 S.
3185 1283 3398 1339 Eusebii
3429 1285 3690 1353 episcopi.
3713 1285 3792 1337 Ar-

2311 1372 2496 1428 vernis
2520 1371 2844 1442 Apollinaris
2893 1372 3130 1443 episcopi
3165 1381 3219 1428 et
3252 1373 3606 1428 confessoris.

2243 1465 2288 1521 V
2317 1465 2434 1520 Kal.
2463 1465 2655 1521 Octob.
2691 1466 2847 1535 Apud
2877 1467 3076 1537 Egeam
3134 1468 3313 1522 natale
3353 1467 3459 1522 SS.
3512 1467 3713 1522 Cosme
3750 1478 3793 1521 et

2313 1554 2582 1609 Damiani.
2621 1556 2869 1611 Corduba
2911 1559 3129 1611 civitate
3169 1567 3497 1613 sanctorum
3527 1568 3792 1629 martyrum

2313 1644 2487 1698 Adulli
2517 1652 2572 1700 et
2591 1645 2852 1700 Johannis
2874 1647 3125 1703 fratrum.
3152 1648 3532 1704 In'territurio
3568 1649 3792 1718 Augusti-

568 1740 637 1796 XI
691 1741 808 1795 Kal.
851 1740 1042 1796 Octob.
1093 1739 1282 1794 Natale
1328 1739 1470 1793 beati
1519 1737 1753 1791 Matthaai
1810 1734 2035 1805 apostoli
2085 1743 2140 1788 et
2174 1742 2218 1798 Β
2315 1737 2542 1792 dunensi
2589 1738 2772 1808 passio
2812 1737 2914 1794 SS.
2946 1738 3240 1794 Florentini
3270 1748 3326 1794 et
3354 1739 3606 1794 Hilarii.-

637 1831 1003 1901 evangelistm,
1028 1832 1118 1901 qui
1144 1831 1348 1899 primus
1373 1830 1423 1882 in
1441 1827 1622 1884 Judzea
1640 1826 1978 1896 evangelium
1993 1825 2144 1880 Chri-

637 1922 705 1976 sti
753 1922 977 1976 Hebraeo
1026 1934 1278 1974 sermone
1323 1919 1560 1988 scripsit.
1596 1919 1786 1973 Postea
1825 1927 1956 1970 vero
2005 1915 2144 1984 apud

638 2010 970 2080 EthiOpiam
1000 2011 1302 2078 praedicans
1333 2009 1650 2078 martyrium
1682 2023 1872 2078 passus
1899 2015 2004 2060 est.
2037 2005 2144 2058 Eo-

642 2103 764 2156 dem
809 2102 896 2156 die
944 2102 1123 2156 natale
1175 2101 1234 2155 S.
1265 2101 1556 2155 Alexandri
1587 2101 1863 2171 martyris,
1893 2100 1980 2152 cui
1998 2113 2147 2169 'papa

641 2193 904 2247 Damasus
935 2202 1178 2262 cryptam
1219 2193 1545 2262 condignam
1594 2192 1834 2258 faciens,
1872 2191 1997 2246 illuc
2023 2205 2146 2244 eum

2244 1827 2313 1883 IV
2343 1827 2463 1881 Kal.
2511 1829 2702 1884 Octob.
2730 1830 2787 1884 In
2812 1828 3083 1899 Hispaniis
3110 1833 3330 1886 civitate
3354 1833 3616 1886 Corduba
3651 1831 3798 1885 natale

2318 1916 2419 1971 SS.
2473 1917 2710 1984 Fausti,
2766 1917 3007 1975 Januarii
3061 1929 3116 1976 et
3182 1920 3448 1977 Martialis
3510 1933 3796 1992 martyrum.

2317 2006 2502 2062 Romae
2558 2009 2625 2062 ad
2675 2007 2867 2064 Cuttas
2924 2009 3104 2064 natale
3157 2011 3330 2065 sancti
3383 2010 3614 2065 Stertei.
3650 2012 3799 2064 Autis-

2319 2099 2532 2154 siodero
2567 2100 2832 2170 depositio
2872 2098 2936 2155 S.
2989 2099 3164 2156 Alodii
3211 2103 3454 2173 episcopi
3509 2112 3567 2159 et
3619 2101 3798 2157 confes»

2319 2205 2481 2244 SOI‘IS.

639 2298 690 2335 vt
739 2282 1006 2336 Kalendas
1057 2282 1372 2336 Decembris
1431 2283 1794 2352 transposuit,
1829 2280 2046 2351 quando
2095 2287 2151 2334 et
2250 2275 2316 2331 IIl
2349 2278 2467 2332 Kal.
2511 2279 2702 2336 Octob.
2733 2281 2790 2335 In
2838 2291 3018 2337 monte
3056 2282 3308 2353 Gargano
3345 2282 3676 2338 venerabilis
3712 2295 3800 2335 me-

639 2371 991 2426 festivitatem
1038 2372 1154 2442 ejus
1197 2372 1486 2426 dedicavit.

585 2461 632 2516 ἰ
689 2461 808 2516 Kal.
861 2461 1049 2518 Octob.
1106 2461 1165 2516 In
1229 2462 1417 2519 Galliis
1476 2465 1698 2519 civitate
1761 2463 1978 2518 Seduno
2031 2462 2151 2516 loco

648 2554 912 2624 Augauno
937 2569 1030 2608 seu
1056 2552 1323 2609 Octodero
1353 2555 1528 2609 natale
1554 2555 1656 2609 SS.
1691 2563 1988 2624 martyrum
2013 2552 2152 2606 The-

650 2646 892 2712 breorum
940 2645 1206 2712 Mauricii,
1257 2645 1554 2717 Exuperii,
1606 2647 1853 2711 Candidi,
1894 2645 2151 2709 Victoris,

639 2736 956 2803 Innocentii,
982 2737 1172 2792 Vitalis
1202 2754 1326 2794 eum
1372 2740 1534 2794 sociis
1557 2755 1744 2796 eorum
1781 2754 1875 2794 sex
1907 2738 2152 2792 millibus

642 2827 915 2883 sexcentis
966 2828 1244 2898 sexaginta
1301 2845 1416 2884 sex.
1468 2830 1840 2884 Autissiodero
1886 2829 2151 2882 adventus

642 2916 781 2988 (seu)
826 2918 1074 2987 exceptio
1123 2919 1371 2988 corporis
1407 2919 1464 2972 S.
1515 2918 1774 2973 Germani
1822 2919 2061 2987 episcopi
2100 2926 2155 2971 et

642 3007 972 3064 confessoris
991 3009 1057 3063 ab
1083 3009 1253 3063 Italia.
1280 3009 1345 3063 Et
1369 3011 1420 3062 in
1444 3010 1680 3064 Reomau
1709 3010 1955 3064 crcuobio
1979 3017 2130 3062 trans

2321 2371 2495 2425 moria
2528 2371 2586 2425 S.
2621 2371 2900 2428 Michaelis
2944 2373 3272 2443 archangeli,
3318 2374 3411 2428 ubi
3443 2374 3619 2428 multa
3668 2374 3800 2428 mira-

2321 2459 2451 2514 bilia
2508 2460 2652 2516 Deus
2705 2463 2964 2517 ostendit.
3030 2463 3215 2518 Romae
3269 2464 3549 2518 dedicatio
3609 2463 3800 2517 oratorii

2323 2548 2382 2604 S.
2412 2550 2708 2616 Michaelis,
2739 2553 2882 2621 quod
2923 2553 3247 2608 venerabilis
3281 2553 3610 2609 Bonefacius
3660 2553 3802 2622 ponti-

2319 2641 2409 2697 fex
2447 2641 2714 2697 dedicavit
2739 2642 2791 2696 in
2822 2643 3133 2698 summitate
3161 2643 3292 2698 circi
3322 2644 3463 2698 miro
3493 2659 3655 2711 opere
3680 2643 3800 2695 altis-

2323 2734 2458 2788 sime
2501 2746 2830 2803 porrectum.
2869 2736 3244 2792 Autissiodero
3274 2738 3454 2806 passio
3496 2737 3555 2792 S.
3586 2735 3797 2788 Ft'alt‘r‘lti

2324 2825 2582 2895 episcopi,
2622 2841 2781 2896 quem
2834 2827 3053 2882 tradunt
3093 2827 3282 2882 eodem
3329 2828 3417 2881 die
3455 2827 3800 2885 iuteremtum,

2324 2932 2434 2986 quo
2472 2925 2528 2971 et
2558 2917 2869 2987 episcopum
2905 2934 3027 2974 esse
3052 2919 3381 2973 ordinatum.

2399 3009 2538 3063 Obiit
2572 3008 2854 3063 Walterius
2891 3009 3178 3063 .Eduensia
3218 3011 3517 3079 cpiscopus.

645 3096 773 3156 latio
799 3099 1045 3168 corporis
1077 3099 1247 3152 sancti
1291 3100 1462 3167 patris
1514 3099 1681 3153 nostri
1717 3099 2014 3152 beatissimi
2059 3099 2146 3152 ,Ιο-
2177 3089 2222 3151 C
2252 3097 2432 3152 Pridie
2453 3097 2572 3151 Kal.
2605 3096 2795 3152 Octob.
2838 3098 2894 3152 In
2929 3097 3119 3153 Galliis
3147 3107 3331 3153 castro
3365 3097 3664 3158 Solodoro,
3691 3095 3804 3163 quod

651 3187 850 3241 hannis
886 3187 1232 3244 confessoris.
1279 3189 1334 3242 In
1377 3189 1651 3258 provincia
1702 3189 1945 3258 Bajoaria
1977 3189 2155 3243 natale

648 3275 705 3328 S.
733 3275 1035 3330 Emeremni
1071 3278 1327 3346 martyris
1359 3286 1522 3346 atque
1554 3279 1847 3344 pontiﬁcis.

579 3363 651 3418 IK
702 3364 819 3418 Kal.
863 3365 1054 3420 Octob.
1087 3367 1142 3420 In
1187 3368 1481 3436 Campania
1515 3368 1692 3421 natale
1731 3367 1963 3424 S._Sosii
2017 3385 2158 3424 mar-

657 3456 794 3525 tyris
823 3456 1035 3517 diaconi
1079 3457 1364 3512 Mesenatze
1399 3458 1653 3513 civitatis.
1709 3459 1806 3514 llic
1834 3475 1955 3514 cum
1987 3461 2158 3528 quod-

649 3546 774 3600 dam
803 3547 1136 3618 evangelium
1170 3547 1371 3618 legerct
1411 3551 1461 3602 in
1511 3549 1736 3604 ecclesia
1785 3549 2018 3618 praefata:
2067 3566 2158 3604 ur-

653 3637 757 3699 bis,
785 3646 1051 3705 prazsente
1096 3638 1257 3692 beato
1304 3637 1584 3704 Januario,
1621 3638 1754 3693 vidit
1799 3639 1979 3694 subito
2020 3639 2160 3693 idem

655 3727 938 3797 episcopus
993 3727 1057 3782 de
1105 3729 1278 3796 capite
1333 3728 1449 3796 ejus
1502 3728 1769 3783 ﬂammam
1825 3744 2158 3798 exsurgere,

653 3833 813 3885 quam
843 3834 1001 3872 nemo
1029 3818 1166 3874 alius
1204 3819 1355 3885 vidit,
1388 3828 1438 3873 et
1470 3819 1846 3886 pr0nunciavit
1870 3835 1992 3874 eum
2023 3835 2162 3872 mar-

589 3955 596 3958 _
657 3917 828 3978 tyrcm
877 3908 1118 3963 futurum
1153 3928 1166 3963 :
1216 3912 1357 3978 quod
1394 3919 1578 3979 postea
1609 3911 1808 3964 veritas
1837 3910 1912 3962 rei
1968 3919 2074 3963 tam
2109 3909 2163 3965 in

657 4000 777 4068 ipso
804 4000 1076 4070 episc0po,
1123 4017 1286 4070 quam
1337 4001 1392 4056 in
1445 4001 1565 4056 aliis
1611 4003 1850 4070 quinque
1896 4001 2163 4056 ministris

655 4091 864 4161 ipsius,
924 4093 1329 4162 martyrizando
1371 4093 1766 4163 comprobavit.
1822 4092 2022 4146 Eodem
2075 4091 2164 4145 die

656 4182 838 4236 natale
867 4181 924 4236 S.
941 4183 1115 4238 Teclze
1135 4183 1363 4253 virginis
1391 4186 1533 4251 apud
1559 4184 1856 4238 Seleuciam
1880 4183 2166 4251 quiescen-

657 4270 748 4342 tis,
777 4285 897 4339 quae
925 4272 988 4324 de
1027 4271 1244 4325 civitate
1273 4271 1513 4341 Hyconio
1550 4289 1581 4327 a
1619 4273 1777 4328 beato
1809 4273 1981 4329 Paulo
2031 4289 2162 4344 apo-

661 4360 799 4412 stolo
837 4361 1101 4414 instructa
1132 4370 1236 4416 est.

591 4444 704 4504 VIII
730 4448 846 4502 Kal.
887 4449 1157 4505 Octobris.
1184 4451 1479 4522 Conceptio
1507 4453 1562 4508 S.
1592 4454 1854 4510 Johannis
1890 4456 2164 4526 Baptism.
2192 4443 2247 4503 D

615 4562 618 4564 ν
659 4538 719 4594 1η
751 4541 1028 4594 territurin
1058 4540 1361 4599 xEduorum
1399 4545 1536 4608 vico,
1587 4547 1678 4614 qui
1720 4547 1916 4602 dicitur
1942 4548 2167 4602 Sedelo-

662 4647 778 4696 cus,
821 4633 1000 4686 natale
1051 4633 1152 4690 SS.
1205 4647 1503 4707 martyrum
1552 4639 1848 4702 Audochii,
1909 4639 2066 4709 Tyrsi
2115 4647 2169 4694 et

662 4719 876 4788 Felicis,
903 4725 994 4790 qui
1043 4725 1108 4778 ad
1135 4726 1432 4781 docendam
1465 4726 1692 4781 Galliam
1739 4729 1805 4782 ab
1839 4729 2050 4783 oriente
2082 4729 2167 4782 di-

665 4811 820 4875 recti,
857 4814 953 4866 sub
1000 4815 1287 4870 Aureliano
1333 4818 1574 4887 principe
1619 4818 2006 4887 gloriosissime
2043 4826 2168 4872 sunt

665 4903 925 4955 coronati.
955 4903 1019 4956 Et
1049 4904 1171 4960 alibi
1205 4907 1305 4960 SS.
1335 4906 1558 4972 Juliaui,
1589 4908 1987 4978 Christopbori,
2027 4910 2169 4964 Lau-

665 4989 848 5043 rentii.
881 4990 936 5044 In
969 4994 1243 5048 territurio
1269 4997 1508 5052 Biturico
1533 5009 1713 5054 castro
1745 4999 2047 5056 Mediolano
2076 5016 2170 5056 na-

669 5080 772 5134 tale
801 5080 856 5135 S.
892 5082 1109 5137 Genesii
1143 5088 1421 5156 martyris.

597 5170 686 5224 VII
709 5170 825 5225 Kal.
855 5172 1046 5228 Octob.
1092 5175 1282 5230 Natale
1313 5177 1373 5230 Β.
1403 5178 1634 5247 Cleopae,
1668 5180 1761 5248 qui
1785 5196 1924 5235 unus
1963 5182 2066 5236 fuit
2103 5181 2171 5238 de

1167 5266 1342 5294 ‘a:l\e-‘:n
1423 5283 1576 5294 ’.Ι-[ιακ
1630 5270 1842 5294 ...Α-³..-ςι
1895 5271 1942 5294 ξ--
1999 5288 2036 5292 λη
2057 5272 2165 5292 1η.--

670 5274 771 5294 Ινγ
818 5260 1016 5294 [Ἰιυοῖοιί
1067 5266 1311 5294 ιιῖοιιῖιιι-Ῐξ

2326 3197 2409 3241 est
2443 3203 2608 3256 super
2636 3187 2855 3241 Arulam
2882 3187 3126 3250 ﬂuvium,
3152 3189 3334 3256 passio
3385 3186 3488 3242 SS.
3527 3185 3740 3241 Victoris
3763 3194 3805 3236 et

2331 3277 2452 3333 Ursi
2479 3292 2544 3330 ex
2573 3277 2807 3346 gloriosa
2847 3277 3056 3346 legione
3087 3276 3460 3332 Thebteorum.
3518 3276 3706 3330 Eodem
3739 3274 3805 3326 die

2329 3369 2470 3437 apud
2496 3367 2772 3422 Bethleem
2797 3367 2950 3422 Juda:
2979 3368 3243 3436 depositio
3271 3367 3330 3421 S.
3360 3367 3673 3437 Hieronymi
3703 3379 3807 3420 con-

2331 3457 2556 3514 fessoris
2601 3457 2836 3512 doctoris
2884 3458 3162 3527 praecipui,
3223 3457 3314 3528 qui
3363 3458 3538 3512 libros
3584 3471 3701 3512 suos
3731 3469 3806 3524 per

2333 3565 2363 3602 ι.
2414 3558 2470 3602 et
2519 3563 2572 3601 vr
2620 3563 2792 3602 annos
2842 3547 3116 3612 confecit,
3164 3554 3220 3602 et
3270 3562 3436 3602 xcvut
3501 3547 3674 3601 astatis
3719 3561 3806 3599 sua

2334 3653 2477 3691 anno
2530 3637 2582 3691 in
2618 3652 2750 3706 pace
2804 3637 3009 3704 quievit
3053 3635 3226 3705 pridie
3272 3635 3546 3690 Kalendas
3572 3635 3804 3690 Octobris.

2334 3728 2390 3783 In
2425 3726 2697 3783 Placentia
2745 3727 2963 3784 civitate
3003 3727 3104 3782 SS.
3135 3727 3378 3794 Antonii,
3409 3727 3567 3783 Gasti
3596 3739 3645 3782 et
3674 3727 3800 3780 Desi-

2332 3819 2489 3875 derii.

2403 3917 2543 3974 Obiit
2580 3919 2861 3973 Teubcrlus
2901 3917 3090 3984 laicus,
3113 3919 3204 3988 qui
3236 3917 3377 3972 dedit
3403 3919 3658 3987 praedium
3683 3930 3807 3969 suam

2335 4011 2600 4065 canonicis
2621 4011 2788 4064 sancti
2812 4009 3088 4078 Stephani,
3116 4009 3174 4062 in
3205 4025 3339 4078 pago
3379 4004 3806 4064 Autissiodemtsi,

2336 4101 2394 4154 in
2439 4101 2637 4155 vicaria
2686 4099 3058 4170 Baugiacensi,
3086 4100 3143 4153 in
3170 4097 3297 4153 villa
3325 4097 3610 4162 Matriaco,
3641 4103 3809 4164 propter

2339 4193 2624 4248 "inediam
2652 4194 2843 4246 anima:
2880 4209 2992 4247 sure
3029 4201 3078 4246 et
3121 4190 3191 4246 ad
3236 4191 3544 4245 memoriam
3581 4200 3808 4242 recensea-

2278 4309 2280 4312 ν
2338 4282 2482 4336 dam.

2886 4409 3224 4467 OCTOBER.

2277 4543 2546 4599 Kalendas
2573 4543 2845 4599 Octobris.
2876 4543 3250 4598 Autissiodero
3295 4543 3558 4612 depositio
3585 4537 3808 4596 sacratis-

2347 4636 2467 4690 simi
2501 4634 2744 4702 corporis
2777 4634 2922 4688 beati
2970 4631 3226 4688 Germani
3273 4633 3511 4702 episcopi
3554 4640 3608 4684 et
3641 4625 3809 4682 confes-

2342 4726 2502 4790 soris,
2535 4725 2626 4794 qui
2665 4725 2804 4793 apud
2855 4723 3165 4778 Ravennam
3211 4723 3386 4791 pridie
3424 4720 3681 4776 Kalendas
3717 4716 3807 4769 Au-

2345 4814 2485 4884 gusti
2512 4813 2739 4868 feliciter
2767 4813 2919 4876 obiit,
2951 4823 3004 4866 et
3028 4811 3284 4867 Kalendis
3312 4811 3560 4866 Octobris
3581 4823 3682 4862 suae
3709 4815 3806 4857 tan-

2343 4903 2462 4958 dem
2493 4904 2732 4958 redditus
2765 4902 2997 4966 civitati,
3037 4900 3331 4956 honorifice
3378 4900 3603 4954 traditus
3641 4903 3715 4949 est
3738 4907 3807 4945 se-

2341 4993 2591 5062 pulturae.
2617 4991 2820 5046 Eodem
2848 4993 2933 5046 die
2966 4991 3247 5045 translatio
3267 5005 3553 5058 corporum
3587 4985 3681 5040 SS.
3701 4997 3806 5036 conv

2343 5083 2604 5139 fessarum
2655 5083 2884 5153 Remigii
2937 5082 3220 5137 Remensis
3256 5081 3496 5150 episcopi
3523 5087 3578 5133 et
3622 5069 3806 5128 Vedasti

2343 5175 2736 5230 Atrebatensis.
2764 5174 2818 5227 In
2849 5189 2986 5243 pago
3021 5173 3435 5228 Medenenteuse
3466 5167 3638 5224 natale
3659 5163 3711 5218 8.
3733 5161 3808 5215 Pa-

2348 5266 2484 5292 ...ηερ
2515 5266 2768 5290 ....._.....:..
2825 5265 2875 5290 ι..
2913 5264 3076 5288 η--..-
3116 5264 3286 5288 μη..-
3325 5259 3557 5286 _-.-I-Q
3615 5253 3807 5286 υμνοι-,ζα
