  <div class='ocr_page' id='page_1' title='image "/cluster/home/n/w/nwhite01/storage/ocr_20150623/138/hvd.32044015471774/628.png"; bbox 0 0 3992 6304; ppageno 0'>
   <div class='ocr_carea' id='block_1_1' title="bbox 235 312 374 370">
    <p class='ocr_par' dir='ltr' id='par_1_1' title="bbox 235 312 374 370">
     <span class='ocr_line' id='line_1_1' title="bbox 235 312 374 370; baseline 0 0"><span class='ocrx_word' id='word_1_1' title='bbox 235 312 374 370; x_wconf 68' lang='grc'><strong>1215</strong></span> 
     </span>
    </p>
   </div>
   <div class='ocr_carea' id='block_1_2' title="bbox 1419 302 2339 366">
    <p class='ocr_par' dir='ltr' id='par_1_2' title="bbox 1419 302 2339 366">
     <span class='ocr_line' id='line_1_2' title="bbox 1419 302 2339 366; baseline 0 -2"><span class='ocrx_word' id='word_1_2' title='bbox 1419 302 1610 364; x_wconf 75' lang='lat' dir='ltr'><strong>MART</strong></span> <span class='ocrx_word' id='word_1_3' title='bbox 1620 302 1919 365; x_wconf 78' lang='lat' dir='ltr'><strong>YROLOG.</strong></span> <span class='ocrx_word' id='word_1_4' title='bbox 1956 304 2339 366; x_wconf 82' lang='lat' dir='ltr'><strong>ANTISSIOD.</strong></span> 
     </span>
    </p>
   </div>
   <div class='ocr_carea' id='block_1_3' title="bbox 3352 305 3491 361">
    <p class='ocr_par' dir='ltr' id='par_1_3' title="bbox 3352 305 3491 361">
     <span class='ocr_line' id='line_1_3' title="bbox 3352 305 3491 361; baseline 0 -1"><span class='ocrx_word' id='word_1_5' title='bbox 3352 305 3491 361; x_wconf 67' lang='grc'><strong>1216</strong></span> 
     </span>
    </p>
   </div>
   <div class='ocr_carea' id='block_1_4' title="bbox 276 418 3489 494">
    <p class='ocr_par' dir='ltr' id='par_1_4' title="bbox 276 418 3489 494">
     <span class='ocr_line' id='line_1_4' title="bbox 276 418 3489 494; baseline -0.002 -9"><span class='ocrx_word' id='word_1_6' title='bbox 276 431 363 485; x_wconf 82' lang='grc'>’8.</span> <span class='ocrx_word' id='word_1_7' title='bbox 393 418 613 483; x_wconf 79' lang='lat' dir='ltr'><strong>Eusebii</strong></span> <span class='ocrx_word' id='word_1_8' title='bbox 658 436 832 494; x_wconf 72' lang='lat' dir='ltr'><strong>papze,</strong></span> <span class='ocrx_word' id='word_1_9' title='bbox 863 419 962 477; x_wconf 85' lang='lat' dir='ltr'><strong>sub</strong></span> <span class='ocrx_word' id='word_1_10' title='bbox 990 418 1142 491; x_wconf 79' lang='lat' dir='ltr'><strong>cuius</strong></span> <span class='ocrx_word' id='word_1_11' title='bbox 1184 426 1427 490; x_wconf 84' lang='lat' dir='ltr'><strong>tempore</strong></span> <span class='ocrx_word' id='word_1_12' title='bbox 1474 420 1689 475; x_wconf 85' lang='lat' dir='ltr'><strong>inventa</strong></span> <span class='ocrx_word' id='word_1_13' title='bbox 1718 426 1805 473; x_wconf 88' lang='lat' dir='ltr'><strong>est</strong></span> <span class='ocrx_word' id='word_1_14' title='bbox 1830 422 1880 480; x_wconf 77' lang='grc' dir='ltr'><strong>Λ</strong></span> <span class='ocrx_word' id='word_1_15' title='bbox 1907 418 1972 475; x_wconf 84' lang='lat' dir='ltr'><strong>Vl</strong></span> <span class='ocrx_word' id='word_1_16' title='bbox 2001 420 2123 476; x_wconf 87' lang='lat' dir='ltr'><strong>ldus</strong></span> <span class='ocrx_word' id='word_1_17' title='bbox 2161 421 2352 477; x_wconf 94' lang='lat' dir='ltr'><strong>Octob.</strong></span> <span class='ocrx_word' id='word_1_18' title='bbox 2391 421 2545 492; x_wconf 86' lang='lat' dir='ltr'><strong>Apud</strong></span> <span class='ocrx_word' id='word_1_19' title='bbox 2572 421 2786 479; x_wconf 91' lang='lat' dir='ltr'><strong>Cretam</strong></span> <span class='ocrx_word' id='word_1_20' title='bbox 2812 423 2954 480; x_wconf 87' lang='lat' dir='ltr'><strong>beati</strong></span> <span class='ocrx_word' id='word_1_21' title='bbox 2993 420 3159 476; x_wconf 88' lang='lat' dir='ltr'><strong>Piuiti</strong></span> <span class='ocrx_word' id='word_1_22' title='bbox 3197 420 3342 476; x_wconf 90' lang='lat' dir='ltr'><strong>inter</strong></span> <span class='ocrx_word' id='word_1_23' title='bbox 3370 421 3489 491; x_wconf 87' lang='lat' dir='ltr'><strong>epi-</strong></span> 
     </span>
    </p>
   </div>
   <div class='ocr_carea' id='block_1_5' title="bbox 304 508 1368 576">
    <p class='ocr_par' dir='ltr' id='par_1_5' title="bbox 304 508 1368 576">
     <span class='ocr_line' id='line_1_5' title="bbox 304 508 1368 576; baseline -0.008 -1"><span class='ocrx_word' id='word_1_24' title='bbox 304 535 460 576; x_wconf 79' lang='lat' dir='ltr'><strong>crux.</strong></span> <span class='ocrx_word' id='word_1_25' title='bbox 488 518 554 571; x_wconf 87' lang='lat' dir='ltr'><strong>Et</strong></span> <span class='ocrx_word' id='word_1_26' title='bbox 581 512 709 572; x_wconf 85' lang='lat' dir='ltr'><strong>alibi</strong></span> <span class='ocrx_word' id='word_1_27' title='bbox 742 512 932 568; x_wconf 91' lang='lat' dir='ltr'><strong>Sereni</strong></span> <span class='ocrx_word' id='word_1_28' title='bbox 966 508 1312 568; x_wconf 73' lang='lat' dir='ltr'><strong>confessoris.</strong></span> <span class='ocrx_word' id='word_1_29' title='bbox 1365 564 1368 566; x_wconf 30' lang='grc' dir='ltr'><strong>ν</strong></span> 
     </span>
    </p>
   </div>
   <div class='ocr_carea' id='block_1_6' title="bbox 232 602 1818 681">
    <p class='ocr_par' dir='ltr' id='par_1_6' title="bbox 232 602 1818 681">
     <span class='ocr_line' id='line_1_6' title="bbox 232 602 1818 681; baseline -0.008 -13"><span class='ocrx_word' id='word_1_30' title='bbox 232 612 276 668; x_wconf 75' lang='grc' dir='ltr'><strong>ν</strong></span> <span class='ocrx_word' id='word_1_31' title='bbox 300 611 482 667; x_wconf 86' lang='lat' dir='ltr'><strong>Nonas</strong></span> <span class='ocrx_word' id='word_1_32' title='bbox 512 608 703 663; x_wconf 86' lang='lat' dir='ltr'><strong>Octob.</strong></span> <span class='ocrx_word' id='word_1_33' title='bbox 741 604 931 660; x_wconf 85' lang='lat' dir='ltr'><strong>Natale</strong></span> <span class='ocrx_word' id='word_1_34' title='bbox 958 603 1223 681; x_wconf 76' lang='lat' dir='ltr'><strong>Dionysii</strong></span> <span class='ocrx_word' id='word_1_35' title='bbox 1267 602 1606 672; x_wconf 76' lang='lat' dir='ltr'><strong>Areopagitae</strong></span> <span class='ocrx_word' id='word_1_36' title='bbox 1651 603 1818 657; x_wconf 89' lang='lat' dir='ltr'><strong>Athe-</strong></span> 
     </span>
    </p>
   </div>
   <div class='ocr_carea' id='block_1_7' title="bbox 303 692 1818 770">
    <p class='ocr_par' dir='ltr' id='par_1_7' title="bbox 303 692 1818 770">
     <span class='ocr_line' id='line_1_7' title="bbox 303 692 1818 770; baseline -0.007 -12"><span class='ocrx_word' id='word_1_37' title='bbox 303 703 503 758; x_wconf 90' lang='lat' dir='ltr'><strong>nisium</strong></span> <span class='ocrx_word' id='word_1_38' title='bbox 523 698 757 770; x_wconf 82' lang='lat' dir='ltr'><strong>episcopi</strong></span> <span class='ocrx_word' id='word_1_39' title='bbox 782 705 836 750; x_wconf 88' lang='lat' dir='ltr'><strong>et</strong></span> <span class='ocrx_word' id='word_1_40' title='bbox 857 696 1142 766; x_wconf 87' lang='lat' dir='ltr'><strong>martyris;</strong></span> <span class='ocrx_word' id='word_1_41' title='bbox 1171 703 1223 749; x_wconf 89' lang='lat' dir='ltr'><strong>et</strong></span> <span class='ocrx_word' id='word_1_42' title='bbox 1246 694 1371 748; x_wconf 86' lang='lat' dir='ltr'><strong>alibi</strong></span> <span class='ocrx_word' id='word_1_43' title='bbox 1396 693 1572 749; x_wconf 81' lang='lat' dir='ltr'><strong>natale</strong></span> <span class='ocrx_word' id='word_1_44' title='bbox 1596 692 1693 749; x_wconf 88' lang='lat' dir='ltr'><strong>SS.</strong></span> <span class='ocrx_word' id='word_1_45' title='bbox 1711 695 1818 748; x_wconf 87' lang='lat' dir='ltr'><strong>Eu-</strong></span> 
     </span>
    </p>
   </div>
   <div class='ocr_carea' id='block_1_8' title="bbox 301 782 1817 858">
    <p class='ocr_par' dir='ltr' id='par_1_8' title="bbox 301 782 1817 858">
     <span class='ocr_line' id='line_1_8' title="bbox 301 782 1817 858; baseline -0.006 -10"><span class='ocrx_word' id='word_1_46' title='bbox 301 792 582 848; x_wconf 88' lang='lat' dir='ltr'><strong>voldormn</strong></span> <span class='ocrx_word' id='word_1_47' title='bbox 612 788 1068 858; x_wconf 83' lang='lat' dir='ltr'><strong>presbyterorum,</strong></span> <span class='ocrx_word' id='word_1_48' title='bbox 1118 784 1209 854; x_wconf 94' lang='lat' dir='ltr'><strong>qui</strong></span> <span class='ocrx_word' id='word_1_49' title='bbox 1252 799 1375 840; x_wconf 88' lang='lat' dir='ltr'><strong>cum</strong></span> <span class='ocrx_word' id='word_1_50' title='bbox 1410 793 1598 838; x_wconf 86' lang='lat' dir='ltr'><strong>sancto</strong></span> <span class='ocrx_word' id='word_1_51' title='bbox 1629 782 1817 839; x_wconf 79' lang='lat' dir='ltr'><strong>Wille-</strong></span> 
     </span>
    </p>
   </div>
   <div class='ocr_carea' id='block_1_9' title="bbox 303 871 1821 948">
    <p class='ocr_par' dir='ltr' id='par_1_9' title="bbox 303 871 1821 948">
     <span class='ocr_line' id='line_1_9' title="bbox 303 871 1821 948; baseline -0.007 -13"><span class='ocrx_word' id='word_1_52' title='bbox 303 881 505 936; x_wconf 89' lang='lat' dir='ltr'><strong>brordo</strong></span> <span class='ocrx_word' id='word_1_53' title='bbox 520 879 775 948; x_wconf 88' lang='lat' dir='ltr'><strong>episcopo</strong></span> <span class='ocrx_word' id='word_1_54' title='bbox 796 876 1093 939; x_wconf 78' lang='lat' dir='ltr'><strong>venientes,</strong></span> <span class='ocrx_word' id='word_1_55' title='bbox 1118 875 1173 929; x_wconf 89' lang='lat' dir='ltr'><strong>in</strong></span> <span class='ocrx_word' id='word_1_56' title='bbox 1202 873 1551 929; x_wconf 88' lang='lat' dir='ltr'><strong>Germaniam</strong></span> <span class='ocrx_word' id='word_1_57' title='bbox 1576 871 1821 927; x_wconf 87' lang='lat' dir='ltr'><strong>transie-</strong></span> 
     </span>
    </p>
   </div>
   <div class='ocr_carea' id='block_1_10' title="bbox 306 964 1816 1035">
    <p class='ocr_par' dir='ltr' id='par_1_10' title="bbox 306 964 1816 1035">
     <span class='ocr_line' id='line_1_10' title="bbox 306 964 1816 1035; baseline -0.007 -8"><span class='ocrx_word' id='word_1_58' title='bbox 306 980 435 1028; x_wconf 86' lang='lat' dir='ltr'><strong>runt</strong></span> <span class='ocrx_word' id='word_1_59' title='bbox 464 971 527 1026; x_wconf 88' lang='lat' dir='ltr'><strong>ad</strong></span> <span class='ocrx_word' id='word_1_60' title='bbox 563 969 830 1030; x_wconf 76' lang='lat' dir='ltr'><strong>Saxones,</strong></span> <span class='ocrx_word' id='word_1_61' title='bbox 859 975 915 1022; x_wconf 87' lang='lat' dir='ltr'><strong>et</strong></span> <span class='ocrx_word' id='word_1_62' title='bbox 956 982 1081 1021; x_wconf 89' lang='lat' dir='ltr'><strong>cum</strong></span> <span class='ocrx_word' id='word_1_63' title='bbox 1113 965 1409 1035; x_wconf 59' lang='lat' dir='ltr'><strong>praedicare</strong></span> <span class='ocrx_word' id='word_1_64' title='bbox 1438 964 1507 1019; x_wconf 90' lang='lat' dir='ltr'><strong>ibi</strong></span> <span class='ocrx_word' id='word_1_65' title='bbox 1539 964 1816 1019; x_wconf 81' lang='lat' dir='ltr'><strong>Christum</strong></span> 
     </span>
    </p>
   </div>
   <div class='ocr_carea' id='block_1_11' title="bbox 268 1042 1812 1131">
    <p class='ocr_par' dir='ltr' id='par_1_11' title="bbox 268 1042 1812 1131">
     <span class='ocr_line' id='line_1_11' title="bbox 268 1042 1812 1131; baseline -0.008 -13"><span class='ocrx_word' id='word_1_66' title='bbox 268 1042 273 1047; x_wconf 15' lang='grc' dir='ltr'>ῃ</span> <span class='ocrx_word' id='word_1_67' title='bbox 303 1062 619 1131; x_wconf 59' lang='lat' dir='ltr'><strong>coepissent,</strong></span> <span class='ocrx_word' id='word_1_68' title='bbox 651 1045 1029 1127; x_wconf 87' lang='lat' dir='ltr'><strong>comprehensi</strong></span> <span class='ocrx_word' id='word_1_69' title='bbox 1076 1064 1202 1109; x_wconf 89' lang='lat' dir='ltr'><strong>sunt</strong></span> <span class='ocrx_word' id='word_1_70' title='bbox 1227 1071 1253 1108; x_wconf 91' lang='lat' dir='ltr'><strong>a</strong></span> <span class='ocrx_word' id='word_1_71' title='bbox 1282 1055 1504 1125; x_wconf 79' lang='lat' dir='ltr'><strong>paganis</strong></span> <span class='ocrx_word' id='word_1_72' title='bbox 1529 1063 1583 1107; x_wconf 90' lang='lat' dir='ltr'><strong>et</strong></span> <span class='ocrx_word' id='word_1_73' title='bbox 1625 1052 1812 1107; x_wconf 89' lang='lat' dir='ltr'><strong>occisi.</strong></span> 
     </span>
    </p>
   </div>
   <div class='ocr_carea' id='block_1_12' title="bbox 303 1143 1813 1225">
    <p class='ocr_par' dir='ltr' id='par_1_12' title="bbox 303 1143 1813 1225">
     <span class='ocr_line' id='line_1_12' title="bbox 303 1143 1813 1225; baseline -0.008 -16"><span class='ocrx_word' id='word_1_74' title='bbox 303 1151 676 1209; x_wconf 86' lang='lat' dir='ltr'><strong>Autissiodero</strong></span> <span class='ocrx_word' id='word_1_75' title='bbox 704 1149 973 1205; x_wconf 82' lang='lat' dir='ltr'><strong>dedicatio</strong></span> <span class='ocrx_word' id='word_1_76' title='bbox 1023 1157 1335 1225; x_wconf 88' lang='lat' dir='ltr'><strong>cryptarum</strong></span> <span class='ocrx_word' id='word_1_77' title='bbox 1367 1144 1667 1223; x_wconf 83' lang='lat' dir='ltr'><strong>beatissimi</strong></span> <span class='ocrx_word' id='word_1_78' title='bbox 1697 1143 1813 1199; x_wconf 85' lang='lat' dir='ltr'><strong>Ste-</strong></span> 
     </span>
    </p>
   </div>
   <div class='ocr_carea' id='block_1_13' title="bbox 302 1240 940 1320">
    <p class='ocr_par' dir='ltr' id='par_1_13' title="bbox 302 1240 940 1320">
     <span class='ocr_line' id='line_1_13' title="bbox 302 1240 940 1320; baseline -0.016 -18"><span class='ocrx_word' id='word_1_79' title='bbox 302 1246 468 1318; x_wconf 88' lang='lat' dir='ltr'><strong>phani</strong></span> <span class='ocrx_word' id='word_1_80' title='bbox 505 1240 940 1320; x_wconf 85' lang='lat' dir='ltr'><strong>protomartyris.</strong></span> 
     </span>
    </p>
   </div>
   <div class='ocr_carea' id='block_1_14' title="bbox 283 1327 1813 1406">
    <p class='ocr_par' dir='ltr' id='par_1_14' title="bbox 283 1327 1813 1406">
     <span class='ocr_line' id='line_1_14' title="bbox 283 1327 1813 1406; baseline -0.01 -12"><span class='ocrx_word' id='word_1_81' title='bbox 283 1392 287 1397; x_wconf 71' lang='grc'><strong>.</strong></span> <span class='ocrx_word' id='word_1_82' title='bbox 316 1332 319 1335; x_wconf 52' lang='grc'><em>’</em></span> <span class='ocrx_word' id='word_1_83' title='bbox 377 1337 516 1392; x_wconf 81' lang='lat' dir='ltr'><strong>Obiit</strong></span> <span class='ocrx_word' id='word_1_84' title='bbox 557 1333 894 1389; x_wconf 84' lang='lat' dir='ltr'><strong>Adhebaldus</strong></span> <span class='ocrx_word' id='word_1_85' title='bbox 921 1331 1168 1399; x_wconf 84' lang='lat' dir='ltr'><strong>sacerdos</strong></span> <span class='ocrx_word' id='word_1_86' title='bbox 1198 1339 1246 1383; x_wconf 89' lang='lat' dir='ltr'><strong>et</strong></span> <span class='ocrx_word' id='word_1_87' title='bbox 1272 1329 1521 1406; x_wconf 81' lang='lat' dir='ltr'><strong>magister</strong></span> <span class='ocrx_word' id='word_1_88' title='bbox 1541 1327 1700 1397; x_wconf 79' lang='lat' dir='ltr'><strong>hujus</strong></span> <span class='ocrx_word' id='word_1_89' title='bbox 1728 1342 1813 1380; x_wconf 90' lang='lat' dir='ltr'><strong>ec-</strong></span> 
     </span>
    </p>
   </div>
   <div class='ocr_carea' id='block_1_15' title="bbox 250 1427 1165 1489">
    <p class='ocr_par' dir='ltr' id='par_1_15' title="bbox 250 1427 1165 1489">
     <span class='ocr_line' id='line_1_15' title="bbox 250 1427 1165 1489; baseline -0.003 -7"><span class='ocrx_word' id='word_1_90' title='bbox 250 1486 253 1489; x_wconf 19' lang='lat'><strong>,</strong></span> <span class='ocrx_word' id='word_1_91' title='bbox 305 1427 497 1482; x_wconf 73' lang='lat' dir='ltr'><strong>clesite.</strong></span> <span class='ocrx_word' id='word_1_92' title='bbox 1164 1464 1165 1467; x_wconf 60' lang='grc' dir='ltr'><strong>η</strong></span> 
     </span>
    </p>
   </div>
   <div class='ocr_carea' id='block_1_16' title="bbox 229 1505 1816 1578">
    <p class='ocr_par' dir='ltr' id='par_1_16' title="bbox 229 1505 1816 1578">
     <span class='ocr_line' id='line_1_16' title="bbox 229 1505 1816 1578; baseline -0.009 -4"><span class='ocrx_word' id='word_1_93' title='bbox 229 1518 301 1577; x_wconf 72' lang='grc' dir='ltr'><strong>ιγ</strong></span> <span class='ocrx_word' id='word_1_94' title='bbox 333 1516 515 1573; x_wconf 85' lang='lat' dir='ltr'><strong>Nonas</strong></span> <span class='ocrx_word' id='word_1_95' title='bbox 541 1513 811 1571; x_wconf 85' lang='lat' dir='ltr'><strong>Octobris.</strong></span> <span class='ocrx_word' id='word_1_96' title='bbox 843 1510 1034 1565; x_wconf 89' lang='lat' dir='ltr'><strong>Natale</strong></span> <span class='ocrx_word' id='word_1_97' title='bbox 1058 1509 1157 1564; x_wconf 89' lang='lat' dir='ltr'><strong>SS.</strong></span> <span class='ocrx_word' id='word_1_98' title='bbox 1190 1509 1373 1578; x_wconf 80' lang='lat' dir='ltr'><strong>Crispi</strong></span> <span class='ocrx_word' id='word_1_99' title='bbox 1403 1516 1457 1561; x_wconf 92' lang='lat' dir='ltr'><strong>ct</strong></span> <span class='ocrx_word' id='word_1_100' title='bbox 1486 1505 1609 1561; x_wconf 83' lang='lat' dir='ltr'><strong>Gaii</strong></span> <span class='ocrx_word' id='word_1_101' title='bbox 1630 1546 1644 1567; x_wconf 88' lang='lat'><strong>,</strong></span> <span class='ocrx_word' id='word_1_102' title='bbox 1680 1518 1816 1572; x_wconf 86' lang='lat' dir='ltr'><strong>quos</strong></span> 
     </span>
    </p>
   </div>
   <div class='ocr_carea' id='block_1_17' title="bbox 305 1590 1815 1676">
    <p class='ocr_par' dir='ltr' id='par_1_17' title="bbox 305 1590 1815 1676">
     <span class='ocr_line' id='line_1_17' title="bbox 305 1590 1815 1676; baseline -0.009 -15"><span class='ocrx_word' id='word_1_103' title='bbox 305 1606 446 1676; x_wconf 90' lang='lat' dir='ltr'><strong>apud</strong></span> <span class='ocrx_word' id='word_1_104' title='bbox 474 1604 786 1662; x_wconf 82' lang='lat' dir='ltr'><strong>Corinthios</strong></span> <span class='ocrx_word' id='word_1_105' title='bbox 810 1603 1005 1657; x_wconf 90' lang='lat' dir='ltr'><strong>beatus</strong></span> <span class='ocrx_word' id='word_1_106' title='bbox 1037 1599 1315 1669; x_wconf 88' lang='lat' dir='ltr'><strong>apostolus</strong></span> <span class='ocrx_word' id='word_1_107' title='bbox 1344 1612 1402 1653; x_wconf 88' lang='lat' dir='ltr'><strong>se</strong></span> <span class='ocrx_word' id='word_1_108' title='bbox 1440 1590 1690 1651; x_wconf 88' lang='lat' dir='ltr'><strong>meminit</strong></span> <span class='ocrx_word' id='word_1_109' title='bbox 1717 1594 1815 1649; x_wconf 87' lang='lat' dir='ltr'><strong>ba-</strong></span> 
     </span>
    </p>
   </div>
   <div class='ocr_carea' id='block_1_18' title="bbox 286 1684 1815 1764">
    <p class='ocr_par' dir='ltr' id='par_1_18' title="bbox 286 1684 1815 1764">
     <span class='ocr_line' id='line_1_18' title="bbox 286 1684 1815 1764; baseline -0.009 -15"><span class='ocrx_word' id='word_1_110' title='bbox 286 1695 555 1764; x_wconf 23' lang='lat' dir='ltr'><strong>.ptizasse.</strong></span> <span class='ocrx_word' id='word_1_111' title='bbox 592 1692 747 1763; x_wconf 90' lang='lat' dir='ltr'><strong>Apud</strong></span> <span class='ocrx_word' id='word_1_112' title='bbox 795 1691 1086 1761; x_wconf 66' lang='lat' dir='ltr'><strong>ngyptutn</strong></span> <span class='ocrx_word' id='word_1_113' title='bbox 1139 1686 1320 1743; x_wconf 88' lang='lat' dir='ltr'><strong>natale</strong></span> <span class='ocrx_word' id='word_1_114' title='bbox 1366 1684 1467 1740; x_wconf 86' lang='lat' dir='ltr'><strong>SS.</strong></span> <span class='ocrx_word' id='word_1_115' title='bbox 1513 1693 1815 1754; x_wconf 85' lang='lat' dir='ltr'><strong>martyrum</strong></span> 
     </span>
    </p>
   </div>
   <div class='ocr_carea' id='block_1_19' title="bbox 1940 512 3490 584">
    <p class='ocr_par' dir='ltr' id='par_1_19' title="bbox 1940 512 3490 584">
     <span class='ocr_line' id='line_1_19' title="bbox 1940 512 3490 584; baseline 0.001 -18"><span class='ocrx_word' id='word_1_116' title='bbox 1940 529 1949 535; x_wconf 63' lang='grc'><strong><em>’</em></strong></span> <span class='ocrx_word' id='word_1_117' title='bbox 1989 526 2181 581; x_wconf 89' lang='lat' dir='ltr'><strong>scopos</strong></span> <span class='ocrx_word' id='word_1_118' title='bbox 2234 512 2580 583; x_wconf 79' lang='lat' dir='ltr'><strong>nobilissimi,</strong></span> <span class='ocrx_word' id='word_1_119' title='bbox 2616 515 2708 584; x_wconf 89' lang='lat' dir='ltr'><strong>qui</strong></span> <span class='ocrx_word' id='word_1_120' title='bbox 2756 515 2809 570; x_wconf 91' lang='lat' dir='ltr'><strong>in</strong></span> <span class='ocrx_word' id='word_1_121' title='bbox 2841 515 3058 584; x_wconf 83' lang='lat' dir='ltr'><strong>scriptis</strong></span> <span class='ocrx_word' id='word_1_122' title='bbox 3084 513 3203 569; x_wconf 88' lang='lat' dir='ltr'><strong>suis</strong></span> <span class='ocrx_word' id='word_1_123' title='bbox 3243 512 3390 568; x_wconf 89' lang='lat' dir='ltr'><strong>velut</strong></span> <span class='ocrx_word' id='word_1_124' title='bbox 3435 514 3490 568; x_wconf 92' lang='lat' dir='ltr'><strong>in</strong></span> 
     </span>
    </p>
   </div>
   <div class='ocr_carea' id='block_1_20' title="bbox 1936 598 3486 679">
    <p class='ocr_par' dir='ltr' id='par_1_20' title="bbox 1936 598 3486 679">
     <span class='ocr_line' id='line_1_20' title="bbox 1936 598 3486 679; baseline 0.003 -25"><span class='ocrx_word' id='word_1_125' title='bbox 1936 622 1941 626; x_wconf 61' lang='lat'>&#39;</span> <span class='ocrx_word' id='word_1_126' title='bbox 1986 603 2214 679; x_wconf 85' lang='lat' dir='ltr'><strong>quodam</strong></span> <span class='ocrx_word' id='word_1_127' title='bbox 2244 603 2460 672; x_wconf 81' lang='lat' dir='ltr'><strong>speculo</strong></span> <span class='ocrx_word' id='word_1_128' title='bbox 2483 604 2748 660; x_wconf 82' lang='lat' dir='ltr'><strong>viventem</strong></span> <span class='ocrx_word' id='word_1_129' title='bbox 2787 607 2887 661; x_wconf 89' lang='lat' dir='ltr'><strong>sibi</strong></span> <span class='ocrx_word' id='word_1_130' title='bbox 2917 605 3205 675; x_wconf 80' lang='lat' dir='ltr'><strong>imaginem</strong></span> <span class='ocrx_word' id='word_1_131' title='bbox 3250 598 3486 673; x_wconf 79' lang='lat' dir='ltr'><strong>reliquit.</strong></span> 
     </span>
    </p>
   </div>
   <div class='ocr_carea' id='block_1_21' title="bbox 1983 689 3494 762">
    <p class='ocr_par' dir='ltr' id='par_1_21' title="bbox 1983 689 3494 762">
     <span class='ocr_line' id='line_1_21' title="bbox 1983 689 3494 762; baseline 0.002 -18"><span class='ocrx_word' id='word_1_132' title='bbox 1983 689 2137 760; x_wconf 88' lang='lat' dir='ltr'><strong>Apud</strong></span> <span class='ocrx_word' id='word_1_133' title='bbox 2166 690 2577 762; x_wconf 84' lang='lat' dir='ltr'><strong>Agripinensem</strong></span> <span class='ocrx_word' id='word_1_134' title='bbox 2602 695 2789 750; x_wconf 91' lang='lat' dir='ltr'><strong>urbem</strong></span> <span class='ocrx_word' id='word_1_135' title='bbox 2814 694 2989 749; x_wconf 89' lang='lat' dir='ltr'><strong>natale</strong></span> <span class='ocrx_word' id='word_1_136' title='bbox 3012 702 3320 749; x_wconf 90' lang='lat' dir='ltr'><strong>sanctorum</strong></span> <span class='ocrx_word' id='word_1_137' title='bbox 3349 708 3494 747; x_wconf 90' lang='lat' dir='ltr'><strong>mar-</strong></span> 
     </span>
    </p>
   </div>
   <div class='ocr_carea' id='block_1_22' title="bbox 1988 781 3494 851">
    <p class='ocr_par' dir='ltr' id='par_1_22' title="bbox 1988 781 3494 851">
     <span class='ocr_line' id='line_1_22' title="bbox 1988 781 3494 851; baseline 0.004 -17"><span class='ocrx_word' id='word_1_138' title='bbox 1988 788 2167 851; x_wconf 90' lang='lat' dir='ltr'><strong>tyrum</strong></span> <span class='ocrx_word' id='word_1_139' title='bbox 2224 781 2433 837; x_wconf 85' lang='lat' dir='ltr'><strong>Mallosi</strong></span> <span class='ocrx_word' id='word_1_140' title='bbox 2495 793 2552 839; x_wconf 90' lang='lat' dir='ltr'><strong>et</strong></span> <span class='ocrx_word' id='word_1_141' title='bbox 2597 783 2850 839; x_wconf 78' lang='lat' dir='ltr'><strong>Victoris.</strong></span> <span class='ocrx_word' id='word_1_142' title='bbox 2885 786 2942 840; x_wconf 88' lang='lat' dir='ltr'><strong>lu</strong></span> <span class='ocrx_word' id='word_1_143' title='bbox 2982 785 3264 839; x_wconf 86' lang='lat' dir='ltr'><strong>Britannia</strong></span> <span class='ocrx_word' id='word_1_144' title='bbox 3313 784 3494 840; x_wconf 82' lang='lat' dir='ltr'><strong>natale</strong></span> 
     </span>
    </p>
   </div>
   <div class='ocr_carea' id='block_1_23' title="bbox 1988 869 2834 942">
    <p class='ocr_par' dir='ltr' id='par_1_23' title="bbox 1988 869 2834 942">
     <span class='ocr_line' id='line_1_23' title="bbox 1988 869 2834 942; baseline 0.007 -19"><span class='ocrx_word' id='word_1_145' title='bbox 1988 869 2047 924; x_wconf 89' lang='lat' dir='ltr'><strong>S.</strong></span> <span class='ocrx_word' id='word_1_146' title='bbox 2077 870 2285 925; x_wconf 88' lang='lat' dir='ltr'><strong>Paulini</strong></span> <span class='ocrx_word' id='word_1_147' title='bbox 2316 872 2554 942; x_wconf 88' lang='lat' dir='ltr'><strong>episcopi</strong></span> <span class='ocrx_word' id='word_1_148' title='bbox 2579 872 2834 929; x_wconf 84' lang='lat' dir='ltr'><strong>Eburaci.</strong></span> 
     </span>
    </p>
   </div>
   <div class='ocr_carea' id='block_1_24' title="bbox 2055 958 3501 1035">
    <p class='ocr_par' dir='ltr' id='par_1_24' title="bbox 2055 958 3501 1035">
     <span class='ocr_line' id='line_1_24' title="bbox 2055 958 3501 1035; baseline 0 -22"><span class='ocrx_word' id='word_1_149' title='bbox 2055 958 2197 1013; x_wconf 82' lang='lat' dir='ltr'><strong>Obiit</strong></span> <span class='ocrx_word' id='word_1_150' title='bbox 2222 959 2524 1015; x_wconf 87' lang='lat' dir='ltr'><strong>Trutbertus</strong></span> <span class='ocrx_word' id='word_1_151' title='bbox 2560 961 2747 1029; x_wconf 86' lang='lat' dir='ltr'><strong>laicus,</strong></span> <span class='ocrx_word' id='word_1_152' title='bbox 2779 964 2867 1035; x_wconf 88' lang='lat' dir='ltr'><strong>qui</strong></span> <span class='ocrx_word' id='word_1_153' title='bbox 2891 963 3033 1016; x_wconf 84' lang='lat' dir='ltr'><strong>dedit</strong></span> <span class='ocrx_word' id='word_1_154' title='bbox 3080 961 3337 1032; x_wconf 84' lang='lat' dir='ltr'><strong>fratribus</strong></span> <span class='ocrx_word' id='word_1_155' title='bbox 3382 976 3501 1029; x_wconf 10' lang='lat' dir='ltr'><strong>ma-r</strong></span> 
     </span>
    </p>
   </div>
   <div class='ocr_carea' id='block_1_25' title="bbox 1982 1050 3495 1126">
    <p class='ocr_par' dir='ltr' id='par_1_25' title="bbox 1982 1050 3495 1126">
     <span class='ocr_line' id='line_1_25' title="bbox 1982 1050 3495 1126; baseline 0 -22"><span class='ocrx_word' id='word_1_156' title='bbox 1982 1050 2135 1104; x_wconf 86' lang='lat' dir='ltr'><strong>sinile</strong></span> <span class='ocrx_word' id='word_1_157' title='bbox 2160 1069 2313 1105; x_wconf 85' lang='lat' dir='ltr'><strong>suum</strong></span> <span class='ocrx_word' id='word_1_158' title='bbox 2349 1069 2465 1106; x_wconf 89' lang='lat' dir='ltr'><strong>cum</strong></span> <span class='ocrx_word' id='word_1_159' title='bbox 2494 1054 2652 1108; x_wconf 86' lang='lat' dir='ltr'><strong>vineis</strong></span> <span class='ocrx_word' id='word_1_160' title='bbox 2680 1054 2727 1108; x_wconf 82' lang='lat' dir='ltr'><strong>et</strong></span> <span class='ocrx_word' id='word_1_161' title='bbox 2764 1055 2958 1126; x_wconf 88' lang='lat' dir='ltr'><strong>campis</strong></span> <span class='ocrx_word' id='word_1_162' title='bbox 2990 1054 3043 1107; x_wconf 87' lang='lat' dir='ltr'><strong>in</strong></span> <span class='ocrx_word' id='word_1_163' title='bbox 3077 1069 3212 1123; x_wconf 85' lang='lat' dir='ltr'><strong>pago</strong></span> <span class='ocrx_word' id='word_1_164' title='bbox 3237 1051 3495 1107; x_wconf 85' lang='lat' dir='ltr'><strong>Senanico</strong></span> 
     </span>
    </p>
   </div>
   <div class='ocr_carea' id='block_1_26' title="bbox 1984 1140 2759 1196">
    <p class='ocr_par' dir='ltr' id='par_1_26' title="bbox 1984 1140 2759 1196">
     <span class='ocr_line' id='line_1_26' title="bbox 1984 1140 2759 1196; baseline 0.006 -3"><span class='ocrx_word' id='word_1_165' title='bbox 1984 1140 2039 1195; x_wconf 88' lang='lat' dir='ltr'><strong>in</strong></span> <span class='ocrx_word' id='word_1_166' title='bbox 2062 1140 2185 1194; x_wconf 84' lang='lat' dir='ltr'><strong>villa</strong></span> <span class='ocrx_word' id='word_1_167' title='bbox 2219 1140 2465 1196; x_wconf 86' lang='lat' dir='ltr'><strong>Caciaco.</strong></span> <span class='ocrx_word' id='word_1_168' title='bbox 2756 1148 2759 1151; x_wconf 76' lang='grc'>’</span> 
     </span>
    </p>
   </div>
   <div class='ocr_carea' id='block_1_27' title="bbox 1916 1230 3494 1304">
    <p class='ocr_par' dir='ltr' id='par_1_27' title="bbox 1916 1230 3494 1304">
     <span class='ocr_line' id='line_1_27' title="bbox 1916 1230 3494 1304; baseline 0.001 -19"><span class='ocrx_word' id='word_1_169' title='bbox 1916 1231 1961 1285; x_wconf 71' lang='grc' dir='ltr'><strong>γ</strong></span> <span class='ocrx_word' id='word_1_170' title='bbox 1991 1230 2114 1286; x_wconf 88' lang='lat' dir='ltr'><strong>ldus</strong></span> <span class='ocrx_word' id='word_1_171' title='bbox 2139 1231 2327 1287; x_wconf 86' lang='lat' dir='ltr'><strong>Octob.</strong></span> <span class='ocrx_word' id='word_1_172' title='bbox 2357 1233 2412 1288; x_wconf 90' lang='lat' dir='ltr'><strong>lu</strong></span> <span class='ocrx_word' id='word_1_173' title='bbox 2440 1233 2648 1288; x_wconf 87' lang='lat' dir='ltr'><strong>Acervo</strong></span> <span class='ocrx_word' id='word_1_174' title='bbox 2680 1232 2879 1291; x_wconf 70' lang='lat' dir='ltr'><strong>Siciliae</strong></span> <span class='ocrx_word' id='word_1_175' title='bbox 2926 1234 2985 1289; x_wconf 86' lang='lat' dir='ltr'><strong>S.</strong></span> <span class='ocrx_word' id='word_1_176' title='bbox 3010 1232 3241 1288; x_wconf 49' lang='lat' dir='ltr'><strong>’Zanasii</strong></span> <span class='ocrx_word' id='word_1_177' title='bbox 3270 1233 3494 1304; x_wconf 86' lang='lat' dir='ltr'><strong>presby-</strong></span> 
     </span>
    </p>
   </div>
   <div class='ocr_carea' id='block_1_28' title="bbox 1993 1322 3490 1395">
    <p class='ocr_par' dir='ltr' id='par_1_28' title="bbox 1993 1322 3490 1395">
     <span class='ocr_line' id='line_1_28' title="bbox 1993 1322 3490 1395; baseline 0.001 -18"><span class='ocrx_word' id='word_1_178' title='bbox 1993 1323 2112 1378; x_wconf 87' lang='lat' dir='ltr'><strong>teri.</strong></span> <span class='ocrx_word' id='word_1_179' title='bbox 2151 1324 2304 1392; x_wconf 85' lang='lat' dir='ltr'><strong>Apud</strong></span> <span class='ocrx_word' id='word_1_180' title='bbox 2347 1323 2615 1379; x_wconf 88' lang='lat' dir='ltr'><strong>Tharsum</strong></span> <span class='ocrx_word' id='word_1_181' title='bbox 2666 1322 3002 1395; x_wconf 72' lang='lat' dir='ltr'><strong>metropblim</strong></span> <span class='ocrx_word' id='word_1_182' title='bbox 3039 1324 3241 1380; x_wconf 60' lang='lat' dir='ltr'><strong>Ciliciae</strong></span> <span class='ocrx_word' id='word_1_183' title='bbox 3283 1336 3490 1379; x_wconf 83' lang='lat' dir='ltr'><strong>sancto-</strong></span> 
     </span>
    </p>
   </div>
   <div class='ocr_carea' id='block_1_29' title="bbox 1985 1406 3501 1489">
    <p class='ocr_par' dir='ltr' id='par_1_29' title="bbox 1985 1406 3501 1489">
     <span class='ocr_line' id='line_1_29' title="bbox 1985 1406 3501 1489; baseline 0.001 -20"><span class='ocrx_word' id='word_1_184' title='bbox 1985 1431 2103 1470; x_wconf 86' lang='lat' dir='ltr'><strong>rum</strong></span> <span class='ocrx_word' id='word_1_185' title='bbox 2147 1418 2442 1485; x_wconf 83' lang='lat' dir='ltr'><strong>martyrum</strong></span> <span class='ocrx_word' id='word_1_186' title='bbox 2478 1415 2732 1483; x_wconf 81' lang='lat' dir='ltr'><strong>T-haraci,</strong></span> <span class='ocrx_word' id='word_1_187' title='bbox 2762 1417 2923 1471; x_wconf 86' lang='lat' dir='ltr'><strong>Probi</strong></span> <span class='ocrx_word' id='word_1_188' title='bbox 2960 1408 3025 1489; x_wconf 63' lang='lat' dir='ltr'><strong>et~</strong></span> <span class='ocrx_word' id='word_1_189' title='bbox 3048 1406 3359 1473; x_wconf 78' lang='lat' dir='ltr'><strong>Andronici.</strong></span> <span class='ocrx_word' id='word_1_190' title='bbox 3395 1414 3501 1470; x_wconf 78' lang='grc' dir='ltr'><strong>Τυ-</strong></span> 
     </span>
    </p>
   </div>
   <div class='ocr_carea' id='block_1_30' title="bbox 1990 1492 3503 1583">
    <p class='ocr_par' dir='ltr' id='par_1_30' title="bbox 1990 1492 3503 1583">
     <span class='ocr_line' id='line_1_30' title="bbox 1990 1492 3503 1583; baseline 0.002 -23"><span class='ocrx_word' id='word_1_191' title='bbox 1990 1507 2138 1583; x_wconf 80' lang='lat' dir='ltr'><strong>ronis</strong></span> <span class='ocrx_word' id='word_1_192' title='bbox 2166 1500 2431 1577; x_wconf 75' lang='lat' dir='ltr'><strong>depositio</strong></span> <span class='ocrx_word' id='word_1_193' title='bbox 2462 1508 2637 1563; x_wconf 85' lang='lat' dir='ltr'><strong>sancti</strong></span> <span class='ocrx_word' id='word_1_194' title='bbox 2671 1498 2920 1564; x_wconf 66' lang='lat' dir='ltr'><strong>venantii</strong></span> <span class='ocrx_word' id='word_1_195' title='bbox 2948 1492 3158 1565; x_wconf 76' lang='lat' dir='ltr'><strong>abbatis</strong></span> <span class='ocrx_word' id='word_1_196' title='bbox 3205 1519 3258 1565; x_wconf 89' lang='lat' dir='ltr'><strong>et</strong></span> <span class='ocrx_word' id='word_1_197' title='bbox 3291 1506 3503 1565; x_wconf 79' lang='lat' dir='ltr'><strong>confes-</strong></span> 
     </span>
    </p>
   </div>
   <div class='ocr_carea' id='block_1_31' title="bbox 1989 1584 3361 1652">
    <p class='ocr_par' dir='ltr' id='par_1_31' title="bbox 1989 1584 3361 1652">
     <span class='ocr_line' id='line_1_31' title="bbox 1989 1584 3361 1652; baseline -0.001 0"><span class='ocrx_word' id='word_1_198' title='bbox 1989 1598 2153 1652; x_wconf 88' lang='lat' dir='ltr'><strong>soris.</strong></span> <span class='ocrx_word' id='word_1_199' title='bbox 2842 1584 2845 1585; x_wconf 15' lang='grc' dir='ltr'><em>ν</em></span> <span class='ocrx_word' id='word_1_200' title='bbox 3358 1594 3361 1595; x_wconf 52' lang='grc'><strong><em>⁷</em></strong></span> 
     </span>
    </p>
   </div>
   <div class='ocr_carea' id='block_1_32' title="bbox 2002 1687 3503 1762">
    <p class='ocr_par' dir='ltr' id='par_1_32' title="bbox 2002 1687 3503 1762">
     <span class='ocr_line' id='line_1_32' title="bbox 2002 1687 3503 1762; baseline 0 -18"><span class='ocrx_word' id='word_1_201' title='bbox 2002 1742 2006 1744; x_wconf 13' lang='grc' dir='ltr'><strong>Ἴ</strong></span> <span class='ocrx_word' id='word_1_202' title='bbox 2058 1687 2184 1757; x_wconf 84' lang='lat' dir='ltr'><strong>Ipso</strong></span> <span class='ocrx_word' id='word_1_203' title='bbox 2220 1690 2304 1744; x_wconf 87' lang='lat' dir='ltr'><strong>die</strong></span> <span class='ocrx_word' id='word_1_204' title='bbox 2338 1691 2439 1744; x_wconf 72' lang='grc' dir='ltr'><strong>Δία</strong></span> <span class='ocrx_word' id='word_1_205' title='bbox 2473 1692 2888 1762; x_wconf 79' lang='lat' dir='ltr'><strong>archipresbyter</strong></span> <span class='ocrx_word' id='word_1_206' title='bbox 2934 1701 2983 1746; x_wconf 91' lang='lat' dir='ltr'><strong>et</strong></span> <span class='ocrx_word' id='word_1_207' title='bbox 3017 1692 3316 1755; x_wconf 85' lang='lat' dir='ltr'><strong>canonicus,</strong></span> <span class='ocrx_word' id='word_1_208' title='bbox 3348 1693 3503 1745; x_wconf 88' lang='lat' dir='ltr'><strong>homo</strong></span> 
     </span>
    </p>
   </div>
   <div class='ocr_carea' id='block_1_33' title="bbox 303 1753 3506 1853">
    <p class='ocr_par' dir='ltr' id='par_1_33' title="bbox 303 1753 3506 1853">
     <span class='ocr_line' id='line_1_33' title="bbox 303 1753 3506 1853; baseline -0.002 -13"><span class='ocrx_word' id='word_1_209' title='bbox 303 1786 461 1840; x_wconf 83' lang='lat' dir='ltr'><strong>Marii</strong></span> <span class='ocrx_word' id='word_1_210' title='bbox 509 1793 566 1840; x_wconf 91' lang='lat' dir='ltr'><strong>et</strong></span> <span class='ocrx_word' id='word_1_211' title='bbox 592 1782 872 1836; x_wconf 66' lang='lat' dir='ltr'><strong>i-Marciani</strong></span> <span class='ocrx_word' id='word_1_212' title='bbox 904 1780 1154 1843; x_wconf 85' lang='lat' dir='ltr'><strong>fratrum,</strong></span> <span class='ocrx_word' id='word_1_213' title='bbox 1184 1787 1240 1832; x_wconf 89' lang='lat' dir='ltr'><strong>et</strong></span> <span class='ocrx_word' id='word_1_214' title='bbox 1286 1794 1408 1853; x_wconf 86' lang='lat' dir='ltr'><strong>cum</strong></span> <span class='ocrx_word' id='word_1_215' title='bbox 1446 1777 1524 1830; x_wconf 90' lang='lat' dir='ltr'><strong>cis</strong></span> <span class='ocrx_word' id='word_1_216' title='bbox 1565 1775 1813 1830; x_wconf 89' lang='lat' dir='ltr'><strong>innume-</strong></span> <span class='ocrx_word' id='word_1_217' title='bbox 1849 1753 1892 1811; x_wconf 69' lang='grc' dir='ltr'><strong>Β</strong></span> <span class='ocrx_word' id='word_1_218' title='bbox 1932 1770 1935 1773; x_wconf 69' lang='grc'><em>’</em></span> <span class='ocrx_word' id='word_1_219' title='bbox 1986 1778 2206 1847; x_wconf 69' lang='lat' dir='ltr'><strong>simplex</strong></span> <span class='ocrx_word' id='word_1_220' title='bbox 2240 1789 2287 1833; x_wconf 90' lang='lat' dir='ltr'><strong>et</strong></span> <span class='ocrx_word' id='word_1_221' title='bbox 2314 1776 2503 1845; x_wconf 77' lang='lat' dir='ltr'><strong>rectus,</strong></span> <span class='ocrx_word' id='word_1_222' title='bbox 2545 1793 2593 1835; x_wconf 86' lang='lat' dir='ltr'><strong>et</strong></span> <span class='ocrx_word' id='word_1_223' title='bbox 2640 1784 2825 1836; x_wconf 88' lang='lat' dir='ltr'><strong>timens</strong></span> <span class='ocrx_word' id='word_1_224' title='bbox 2868 1782 3053 1846; x_wconf 80' lang='lat' dir='ltr'><strong>Deum,</strong></span> <span class='ocrx_word' id='word_1_225' title='bbox 3097 1783 3382 1836; x_wconf 85' lang='lat' dir='ltr'><strong>monachus</strong></span> <span class='ocrx_word' id='word_1_226' title='bbox 3423 1783 3506 1851; x_wconf 85' lang='lat' dir='ltr'><strong>fa-</strong></span> 
     </span>
    </p>
   </div>
   <div class='ocr_carea' id='block_1_34' title="bbox 280 1866 1810 1943">
    <p class='ocr_par' dir='ltr' id='par_1_34' title="bbox 280 1866 1810 1943">
     <span class='ocr_line' id='line_1_34' title="bbox 280 1866 1810 1943; baseline -0.007 -15"><span class='ocrx_word' id='word_1_227' title='bbox 280 1873 505 1939; x_wconf 18' lang='lat' dir='ltr'><strong>,rabiles</strong></span> <span class='ocrx_word' id='word_1_228' title='bbox 544 1873 632 1928; x_wconf 86' lang='lat' dir='ltr'><strong>alii</strong></span> <span class='ocrx_word' id='word_1_229' title='bbox 666 1873 810 1943; x_wconf 88' lang='lat' dir='ltr'><strong>passi</strong></span> <span class='ocrx_word' id='word_1_230' title='bbox 854 1880 995 1926; x_wconf 93' lang='lat' dir='ltr'><strong>sunt.</strong></span> <span class='ocrx_word' id='word_1_231' title='bbox 1047 1870 1233 1924; x_wconf 68' lang='lat' dir='ltr'><strong>Romae</strong></span> <span class='ocrx_word' id='word_1_232' title='bbox 1277 1868 1360 1922; x_wconf 90' lang='lat' dir='ltr'><strong>via</strong></span> <span class='ocrx_word' id='word_1_233' title='bbox 1394 1867 1562 1937; x_wconf 88' lang='lat' dir='ltr'><strong>Appia</strong></span> <span class='ocrx_word' id='word_1_234' title='bbox 1594 1867 1651 1921; x_wconf 90' lang='lat' dir='ltr'><strong>S.</strong></span> <span class='ocrx_word' id='word_1_235' title='bbox 1686 1866 1810 1921; x_wconf 85' lang='lat' dir='ltr'><strong>Bal-</strong></span> 
     </span>
    </p>
   </div>
   <div class='ocr_carea' id='block_1_35' title="bbox 300 1957 1811 2035">
    <p class='ocr_par' dir='ltr' id='par_1_35' title="bbox 300 1957 1811 2035">
     <span class='ocr_line' id='line_1_35' title="bbox 300 1957 1811 2035; baseline -0.004 -19"><span class='ocrx_word' id='word_1_236' title='bbox 300 1963 444 2017; x_wconf 70' lang='lat' dir='ltr'><strong>bina:</strong></span> <span class='ocrx_word' id='word_1_237' title='bbox 474 1962 791 2035; x_wconf 81' lang='lat' dir='ltr'><strong>virginisot</strong></span> <span class='ocrx_word' id='word_1_238' title='bbox 836 1958 1073 2015; x_wconf 82' lang='lat' dir='ltr'><strong>Marcelli</strong></span> <span class='ocrx_word' id='word_1_239' title='bbox 1122 1959 1381 2026; x_wconf 80' lang='lat' dir='ltr'><strong>episcOpi.</strong></span> <span class='ocrx_word' id='word_1_240' title='bbox 1434 1957 1811 2011; x_wconf 87' lang='lat' dir='ltr'><strong>Antissiodcro</strong></span> 
     </span>
    </p>
   </div>
   <div class='ocr_carea' id='block_1_36' title="bbox 304 2045 1810 2123">
    <p class='ocr_par' dir='ltr' id='par_1_36' title="bbox 304 2045 1810 2123">
     <span class='ocr_line' id='line_1_36' title="bbox 304 2045 1810 2123; baseline -0.006 -16"><span class='ocrx_word' id='word_1_241' title='bbox 304 2051 363 2107; x_wconf 91' lang='lat' dir='ltr'><strong>S.</strong></span> <span class='ocrx_word' id='word_1_242' title='bbox 391 2052 548 2107; x_wconf 84' lang='lat' dir='ltr'><strong>Marsi</strong></span> <span class='ocrx_word' id='word_1_243' title='bbox 580 2050 879 2123; x_wconf 88' lang='lat' dir='ltr'><strong>presbyteri</strong></span> <span class='ocrx_word' id='word_1_244' title='bbox 906 2059 958 2105; x_wconf 90' lang='lat' dir='ltr'><strong>et</strong></span> <span class='ocrx_word' id='word_1_245' title='bbox 989 2047 1338 2104; x_wconf 79' lang='lat' dir='ltr'><strong>confessoris.</strong></span> <span class='ocrx_word' id='word_1_246' title='bbox 1360 2047 1601 2101; x_wconf 72' lang='lat' dir='ltr'><strong>Parisios</strong></span> <span class='ocrx_word' id='word_1_247' title='bbox 1628 2045 1685 2101; x_wconf 98' lang='grc'><strong>8.</strong></span> <span class='ocrx_word' id='word_1_248' title='bbox 1705 2047 1810 2099; x_wconf 87' lang='lat' dir='ltr'><strong>Au-</strong></span> 
     </span>
    </p>
   </div>
   <div class='ocr_carea' id='block_1_37' title="bbox 301 2144 1203 2215">
    <p class='ocr_par' dir='ltr' id='par_1_37' title="bbox 301 2144 1203 2215">
     <span class='ocr_line' id='line_1_37' title="bbox 301 2144 1203 2215; baseline 0.001 -16"><span class='ocrx_word' id='word_1_249' title='bbox 301 2159 412 2200; x_wconf 66' lang='lat' dir='ltr'><strong>rem</strong></span> <span class='ocrx_word' id='word_1_250' title='bbox 444 2144 689 2215; x_wconf 76' lang='lat' dir='ltr'><strong>virginis.</strong></span> <span class='ocrx_word' id='word_1_251' title='bbox 1200 2214 1203 2215; x_wconf 17' lang='grc' dir='ltr'><em>ν</em></span> 
     </span>
    </p>
   </div>
   <div class='ocr_carea' id='block_1_38' title="bbox 226 2230 1816 2291">
    <p class='ocr_par' dir='ltr' id='par_1_38' title="bbox 226 2230 1816 2291">
     <span class='ocr_line' id='line_1_38' title="bbox 226 2230 1816 2291; baseline -0.002 -3"><span class='ocrx_word' id='word_1_252' title='bbox 226 2233 299 2288; x_wconf 78' lang='lat' dir='ltr'><strong>Ill</strong></span> <span class='ocrx_word' id='word_1_253' title='bbox 332 2233 514 2290; x_wconf 87' lang='lat' dir='ltr'><strong>Nonas</strong></span> <span class='ocrx_word' id='word_1_254' title='bbox 557 2233 746 2291; x_wconf 91' lang='lat' dir='ltr'><strong>Octob.</strong></span> <span class='ocrx_word' id='word_1_255' title='bbox 783 2233 841 2288; x_wconf 91' lang='lat' dir='ltr'><strong>ln</strong></span> <span class='ocrx_word' id='word_1_256' title='bbox 881 2232 1070 2288; x_wconf 86' lang='lat' dir='ltr'><strong>Galliis</strong></span> <span class='ocrx_word' id='word_1_257' title='bbox 1105 2232 1325 2289; x_wconf 83' lang='lat' dir='ltr'><strong>civitate</strong></span> <span class='ocrx_word' id='word_1_258' title='bbox 1358 2230 1604 2287; x_wconf 78' lang='lat' dir='ltr'><strong>Valentia</strong></span> <span class='ocrx_word' id='word_1_259' title='bbox 1637 2233 1816 2286; x_wconf 90' lang='lat' dir='ltr'><strong>natale</strong></span> 
     </span>
    </p>
   </div>
   <div class='ocr_carea' id='block_1_39' title="bbox 301 2325 1817 2397">
    <p class='ocr_par' dir='ltr' id='par_1_39' title="bbox 301 2325 1817 2397">
     <span class='ocr_line' id='line_1_39' title="bbox 301 2325 1817 2397; baseline -0.003 -15"><span class='ocrx_word' id='word_1_260' title='bbox 301 2325 362 2383; x_wconf 93' lang='lat' dir='ltr'><strong>S.</strong></span> <span class='ocrx_word' id='word_1_261' title='bbox 403 2326 749 2396; x_wconf 89' lang='lat' dir='ltr'><strong>Apollonaris</strong></span> <span class='ocrx_word' id='word_1_262' title='bbox 797 2326 1036 2397; x_wconf 84' lang='lat' dir='ltr'><strong>episcopi</strong></span> <span class='ocrx_word' id='word_1_263' title='bbox 1089 2325 1519 2381; x_wconf 85' lang='lat' dir='ltr'><strong>ctcont‘cssoris.</strong></span> <span class='ocrx_word' id='word_1_264' title='bbox 1551 2325 1817 2379; x_wconf 85' lang='lat' dir='ltr'><strong>Autissio-</strong></span> 
     </span>
    </p>
   </div>
   <div class='ocr_carea' id='block_1_40' title="bbox 302 2412 1813 2486">
    <p class='ocr_par' dir='ltr' id='par_1_40' title="bbox 302 2412 1813 2486">
     <span class='ocr_line' id='line_1_40' title="bbox 302 2412 1813 2486; baseline -0.004 -15"><span class='ocrx_word' id='word_1_265' title='bbox 302 2415 434 2471; x_wconf 88' lang='lat' dir='ltr'><strong>dero</strong></span> <span class='ocrx_word' id='word_1_266' title='bbox 463 2416 727 2486; x_wconf 86' lang='lat' dir='ltr'><strong>depositio</strong></span> <span class='ocrx_word' id='word_1_267' title='bbox 766 2412 866 2470; x_wconf 90' lang='lat' dir='ltr'><strong>SS.</strong></span> <span class='ocrx_word' id='word_1_268' title='bbox 897 2430 1277 2484; x_wconf 84' lang='lat' dir='ltr'><strong>germanorum</strong></span> <span class='ocrx_word' id='word_1_269' title='bbox 1309 2414 1535 2468; x_wconf 86' lang='lat' dir='ltr'><strong>Firmati</strong></span> <span class='ocrx_word' id='word_1_270' title='bbox 1579 2414 1813 2479; x_wconf 86' lang='lat' dir='ltr'><strong>diaconi,</strong></span> 
     </span>
    </p>
   </div>
   <div class='ocr_carea' id='block_1_41' title="bbox 300 2504 1815 2576">
    <p class='ocr_par' dir='ltr' id='par_1_41' title="bbox 300 2504 1815 2576">
     <span class='ocr_line' id='line_1_41' title="bbox 300 2504 1815 2576; baseline -0.001 -16"><span class='ocrx_word' id='word_1_271' title='bbox 300 2504 573 2561; x_wconf 65' lang='lat' dir='ltr'><strong>Flaviana:</strong></span> <span class='ocrx_word' id='word_1_272' title='bbox 614 2506 843 2576; x_wconf 85' lang='lat' dir='ltr'><strong>virginis</strong></span> <span class='ocrx_word' id='word_1_273' title='bbox 876 2505 985 2560; x_wconf 90' lang='lat' dir='ltr'><strong>Deo</strong></span> <span class='ocrx_word' id='word_1_274' title='bbox 1013 2513 1262 2560; x_wconf 76' lang='lat' dir='ltr'><strong>sacratae.</strong></span> <span class='ocrx_word' id='word_1_275' title='bbox 1297 2504 1455 2574; x_wconf 86' lang='lat' dir='ltr'><strong>Apud</strong></span> <span class='ocrx_word' id='word_1_276' title='bbox 1497 2505 1815 2561; x_wconf 86' lang='lat' dir='ltr'><strong>Eumeniam</strong></span> 
     </span>
    </p>
   </div>
   <div class='ocr_carea' id='block_1_42' title="bbox 301 2594 1367 2667">
    <p class='ocr_par' dir='ltr' id='par_1_42' title="bbox 301 2594 1367 2667">
     <span class='ocr_line' id='line_1_42' title="bbox 301 2594 1367 2667; baseline -0.001 -17"><span class='ocrx_word' id='word_1_277' title='bbox 301 2594 447 2650; x_wconf 85' lang='lat' dir='ltr'><strong>beati</strong></span> <span class='ocrx_word' id='word_1_278' title='bbox 479 2595 692 2651; x_wconf 72' lang='lat' dir='ltr'><strong>Trasea:</strong></span> <span class='ocrx_word' id='word_1_279' title='bbox 725 2595 963 2667; x_wconf 91' lang='lat' dir='ltr'><strong>episcopi</strong></span> <span class='ocrx_word' id='word_1_280' title='bbox 1004 2604 1060 2650; x_wconf 88' lang='lat' dir='ltr'><strong>et.</strong></span> <span class='ocrx_word' id='word_1_281' title='bbox 1093 2596 1367 2667; x_wconf 89' lang='lat' dir='ltr'><strong>martyris.</strong></span> 
     </span>
    </p>
   </div>
   <div class='ocr_carea' id='block_1_43' title="bbox 230 2684 1814 2765">
    <p class='ocr_par' dir='ltr' id='par_1_43' title="bbox 230 2684 1814 2765">
     <span class='ocr_line' id='line_1_43' title="bbox 230 2684 1814 2765; baseline 0.001 -26"><span class='ocrx_word' id='word_1_282' title='bbox 230 2684 416 2765; x_wconf 82' lang='lat' dir='ltr'><strong>Pridie</strong></span> <span class='ocrx_word' id='word_1_283' title='bbox 442 2684 620 2742; x_wconf 89' lang='lat' dir='ltr'><strong>Nonas</strong></span> <span class='ocrx_word' id='word_1_284' title='bbox 641 2685 911 2743; x_wconf 82' lang='lat' dir='ltr'><strong>Octobris.</strong></span> <span class='ocrx_word' id='word_1_285' title='bbox 941 2687 1316 2741; x_wconf 84' lang='lat' dir='ltr'><strong>Antissiodero</strong></span> <span class='ocrx_word' id='word_1_286' title='bbox 1353 2686 1617 2757; x_wconf 80' lang='lat' dir='ltr'><strong>depositio</strong></span> <span class='ocrx_word' id='word_1_287' title='bbox 1634 2686 1692 2742; x_wconf 94' lang='lat' dir='ltr'><strong>S.</strong></span> <span class='ocrx_word' id='word_1_288' title='bbox 1709 2688 1814 2741; x_wconf 83' lang='lat' dir='ltr'><strong>Ro-</strong></span> 
     </span>
    </p>
   </div>
   <div class='ocr_carea' id='block_1_44' title="bbox 303 2778 1817 2850">
    <p class='ocr_par' dir='ltr' id='par_1_44' title="bbox 303 2778 1817 2850">
     <span class='ocr_line' id='line_1_44' title="bbox 303 2778 1817 2850; baseline -0.001 -16"><span class='ocrx_word' id='word_1_289' title='bbox 303 2779 449 2834; x_wconf 87' lang='lat' dir='ltr'><strong>mani</strong></span> <span class='ocrx_word' id='word_1_290' title='bbox 494 2780 753 2850; x_wconf 87' lang='lat' dir='ltr'><strong>episcopi,</strong></span> <span class='ocrx_word' id='word_1_291' title='bbox 801 2778 894 2849; x_wconf 90' lang='lat' dir='ltr'><strong>qui</strong></span> <span class='ocrx_word' id='word_1_292' title='bbox 941 2795 1066 2833; x_wconf 91' lang='lat' dir='ltr'><strong>cum</strong></span> <span class='ocrx_word' id='word_1_293' title='bbox 1106 2779 1339 2832; x_wconf 80' lang='lat' dir='ltr'><strong>rexisset</strong></span> <span class='ocrx_word' id='word_1_294' title='bbox 1387 2779 1672 2833; x_wconf 75' lang='lat' dir='ltr'><strong>ecclesiam</strong></span> <span class='ocrx_word' id='word_1_295' title='bbox 1713 2778 1817 2834; x_wconf 84' lang='lat' dir='ltr'><strong>sibi</strong></span> 
     </span>
    </p>
   </div>
   <div class='ocr_carea' id='block_1_45' title="bbox 305 2868 1816 2935">
    <p class='ocr_par' dir='ltr' id='par_1_45' title="bbox 305 2868 1816 2935">
     <span class='ocr_line' id='line_1_45' title="bbox 305 2868 1816 2935; baseline -0.001 -11"><span class='ocrx_word' id='word_1_296' title='bbox 305 2870 648 2925; x_wconf 85' lang='lat' dir='ltr'><strong>commissam</strong></span> <span class='ocrx_word' id='word_1_297' title='bbox 681 2884 851 2925; x_wconf 92' lang='lat' dir='ltr'><strong>annos</strong></span> <span class='ocrx_word' id='word_1_298' title='bbox 880 2885 964 2935; x_wconf 79' lang='grc' dir='ltr'>ιιι,</span> <span class='ocrx_word' id='word_1_299' title='bbox 991 2869 1105 2922; x_wconf 87' lang='lat' dir='ltr'><strong>dies</strong></span> <span class='ocrx_word' id='word_1_300' title='bbox 1136 2885 1223 2931; x_wconf 80' lang='lat' dir='ltr'><strong>xv,</strong></span> <span class='ocrx_word' id='word_1_301' title='bbox 1259 2868 1496 2931; x_wconf 87' lang='lat' dir='ltr'><strong>tandem,</strong></span> <span class='ocrx_word' id='word_1_302' title='bbox 1528 2876 1585 2921; x_wconf 91' lang='lat' dir='ltr'><strong>ut</strong></span> <span class='ocrx_word' id='word_1_303' title='bbox 1626 2868 1816 2932; x_wconf 80' lang='lat' dir='ltr'><strong>fertur,</strong></span> 
     </span>
    </p>
   </div>
   <div class='ocr_carea' id='block_1_46' title="bbox 304 2956 1820 3030">
    <p class='ocr_par' dir='ltr' id='par_1_46' title="bbox 304 2956 1820 3030">
     <span class='ocr_line' id='line_1_46' title="bbox 304 2956 1820 3030; baseline 0.001 -17"><span class='ocrx_word' id='word_1_304' title='bbox 304 2960 567 3030; x_wconf 85' lang='lat' dir='ltr'><strong>martyrio</strong></span> <span class='ocrx_word' id='word_1_305' title='bbox 593 2960 758 3014; x_wconf 88' lang='lat' dir='ltr'><strong>vitam</strong></span> <span class='ocrx_word' id='word_1_306' title='bbox 789 2959 980 3013; x_wconf 83' lang='lat' dir='ltr'><strong>ﬁnivit.</strong></span> <span class='ocrx_word' id='word_1_307' title='bbox 1028 2958 1280 3012; x_wconf 85' lang='lat' dir='ltr'><strong>Laodicia</strong></span> <span class='ocrx_word' id='word_1_308' title='bbox 1306 2956 1383 3027; x_wconf 9' lang='lat' dir='ltr'><strong>VB.</strong></span> <span class='ocrx_word' id='word_1_309' title='bbox 1435 2958 1659 3028; x_wconf 84' lang='lat' dir='ltr'><strong>Sagaris</strong></span> <span class='ocrx_word' id='word_1_310' title='bbox 1705 2960 1820 3030; x_wconf 86' lang='lat' dir='ltr'><strong>epi-</strong></span> 
     </span>
    </p>
   </div>
   <div class='ocr_carea' id='block_1_47' title="bbox 303 3049 1818 3122">
    <p class='ocr_par' dir='ltr' id='par_1_47' title="bbox 303 3049 1818 3122">
     <span class='ocr_line' id='line_1_47' title="bbox 303 3049 1818 3122; baseline 0 -17"><span class='ocrx_word' id='word_1_311' title='bbox 303 3050 447 3120; x_wconf 90' lang='lat' dir='ltr'><strong>scopi</strong></span> <span class='ocrx_word' id='word_1_312' title='bbox 479 3059 532 3105; x_wconf 92' lang='lat' dir='ltr'><strong>et</strong></span> <span class='ocrx_word' id='word_1_313' title='bbox 566 3050 840 3122; x_wconf 83' lang='lat' dir='ltr'><strong>martyris.</strong></span> <span class='ocrx_word' id='word_1_314' title='bbox 865 3049 920 3103; x_wconf 89' lang='lat' dir='ltr'><strong>lu</strong></span> <span class='ocrx_word' id='word_1_315' title='bbox 972 3049 1196 3105; x_wconf 85' lang='lat' dir='ltr'><strong>civitate</strong></span> <span class='ocrx_word' id='word_1_316' title='bbox 1225 3050 1450 3120; x_wconf 81' lang='lat' dir='ltr'><strong>Agenno</strong></span> <span class='ocrx_word' id='word_1_317' title='bbox 1480 3052 1659 3106; x_wconf 89' lang='lat' dir='ltr'><strong>natale</strong></span> <span class='ocrx_word' id='word_1_318' title='bbox 1697 3066 1818 3106; x_wconf 90' lang='lat' dir='ltr'><strong>san-</strong></span> 
     </span>
    </p>
   </div>
   <div class='ocr_carea' id='block_1_48' title="bbox 306 3139 1230 3210">
    <p class='ocr_par' dir='ltr' id='par_1_48' title="bbox 306 3139 1230 3210">
     <span class='ocr_line' id='line_1_48' title="bbox 306 3139 1230 3210; baseline -0.003 -14"><span class='ocrx_word' id='word_1_319' title='bbox 306 3148 408 3196; x_wconf 83' lang='lat' dir='ltr'><strong>ctae</strong></span> <span class='ocrx_word' id='word_1_320' title='bbox 436 3139 581 3194; x_wconf 88' lang='lat' dir='ltr'><strong>Fidis</strong></span> <span class='ocrx_word' id='word_1_321' title='bbox 610 3140 835 3210; x_wconf 78' lang='lat' dir='ltr'><strong>virginis</strong></span> <span class='ocrx_word' id='word_1_322' title='bbox 864 3149 915 3194; x_wconf 89' lang='lat' dir='ltr'><strong>et</strong></span> <span class='ocrx_word' id='word_1_323' title='bbox 953 3140 1230 3210; x_wconf 83' lang='lat' dir='ltr'><strong>martyris.</strong></span> 
     </span>
    </p>
   </div>
   <div class='ocr_carea' id='block_1_49' title="bbox 377 3228 1820 3300">
    <p class='ocr_par' dir='ltr' id='par_1_49' title="bbox 377 3228 1820 3300">
     <span class='ocr_line' id='line_1_49' title="bbox 377 3228 1820 3300; baseline -0.001 -16"><span class='ocrx_word' id='word_1_324' title='bbox 377 3228 520 3284; x_wconf 83' lang='lat' dir='ltr'><strong>Obiit</strong></span> <span class='ocrx_word' id='word_1_325' title='bbox 563 3229 784 3283; x_wconf 78' lang='lat' dir='ltr'><strong>Carolus</strong></span> <span class='ocrx_word' id='word_1_326' title='bbox 817 3230 1104 3299; x_wconf 78' lang='lat' dir='ltr'><strong>imperator</strong></span> <span class='ocrx_word' id='word_1_327' title='bbox 1144 3240 1194 3284; x_wconf 89' lang='lat' dir='ltr'><strong>et</strong></span> <span class='ocrx_word' id='word_1_328' title='bbox 1243 3228 1416 3284; x_wconf 83' lang='lat' dir='ltr'><strong>Guido</strong></span> <span class='ocrx_word' id='word_1_329' title='bbox 1467 3230 1663 3286; x_wconf 77' lang='lat' dir='ltr'><strong>abbas.&#39;</strong></span> <span class='ocrx_word' id='word_1_330' title='bbox 1693 3230 1820 3300; x_wconf 84' lang='lat' dir='ltr'><strong>Ipso</strong></span> 
     </span>
    </p>
   </div>
   <div class='ocr_carea' id='block_1_50' title="bbox 307 3318 1826 3389">
    <p class='ocr_par' dir='ltr' id='par_1_50' title="bbox 307 3318 1826 3389">
     <span class='ocr_line' id='line_1_50' title="bbox 307 3318 1826 3389; baseline 0 -18"><span class='ocrx_word' id='word_1_331' title='bbox 307 3318 392 3372; x_wconf 86' lang='lat' dir='ltr'><strong>die</strong></span> <span class='ocrx_word' id='word_1_332' title='bbox 435 3318 716 3389; x_wconf 75' lang='lat' dir='ltr'><strong>Aginulfus</strong></span> <span class='ocrx_word' id='word_1_333' title='bbox 746 3319 1097 3372; x_wconf 74' lang='lat' dir='ltr'><strong>subdiaconus</strong></span> <span class='ocrx_word' id='word_1_334' title='bbox 1143 3320 1289 3379; x_wconf 86' lang='lat' dir='ltr'><strong>obiit,</strong></span> <span class='ocrx_word' id='word_1_335' title='bbox 1332 3321 1422 3389; x_wconf 85' lang='lat' dir='ltr'><strong>qui</strong></span> <span class='ocrx_word' id='word_1_336' title='bbox 1459 3319 1599 3373; x_wconf 83' lang='lat' dir='ltr'><strong>dedit</strong></span> <span class='ocrx_word' id='word_1_337' title='bbox 1641 3319 1826 3388; x_wconf 88' lang='lat' dir='ltr'><strong>fratri-</strong></span> 
     </span>
    </p>
   </div>
   <div class='ocr_carea' id='block_1_51' title="bbox 317 3410 1820 3479">
    <p class='ocr_par' dir='ltr' id='par_1_51' title="bbox 317 3410 1820 3479">
     <span class='ocr_line' id='line_1_51' title="bbox 317 3410 1820 3479; baseline -0.001 -16"><span class='ocrx_word' id='word_1_338' title='bbox 317 3411 412 3466; x_wconf 89' lang='lat' dir='ltr'><strong>bus</strong></span> <span class='ocrx_word' id='word_1_339' title='bbox 443 3410 834 3475; x_wconf 62' lang='lat' dir='ltr'><strong>alodumsuum</strong></span> <span class='ocrx_word' id='word_1_340' title='bbox 877 3425 995 3463; x_wconf 88' lang='lat' dir='ltr'><strong>cum</strong></span> <span class='ocrx_word' id='word_1_341' title='bbox 1040 3410 1279 3462; x_wconf 84' lang='lat' dir='ltr'><strong>masenili</strong></span> <span class='ocrx_word' id='word_1_342' title='bbox 1318 3420 1364 3463; x_wconf 87' lang='lat' dir='ltr'><strong>et</strong></span> <span class='ocrx_word' id='word_1_343' title='bbox 1396 3411 1552 3463; x_wconf 88' lang='lat' dir='ltr'><strong>vineis</strong></span> <span class='ocrx_word' id='word_1_344' title='bbox 1599 3411 1734 3479; x_wconf 85' lang='lat' dir='ltr'><strong>arip.</strong></span> <span class='ocrx_word' id='word_1_345' title='bbox 1768 3424 1820 3462; x_wconf 89' lang='lat' dir='ltr'><strong>v.</strong></span> 
     </span>
    </p>
   </div>
   <div class='ocr_carea' id='block_1_52' title="bbox 242 3499 1820 3569">
    <p class='ocr_par' dir='ltr' id='par_1_52' title="bbox 242 3499 1820 3569">
     <span class='ocr_line' id='line_1_52' title="bbox 242 3499 1820 3569; baseline -0.002 -13"><span class='ocrx_word' id='word_1_346' title='bbox 242 3502 423 3557; x_wconf 74' lang='lat' dir='ltr'><strong>Nonas</strong></span> <span class='ocrx_word' id='word_1_347' title='bbox 450 3500 718 3557; x_wconf 85' lang='lat' dir='ltr'><strong>Octobris.</strong></span> <span class='ocrx_word' id='word_1_348' title='bbox 746 3501 930 3557; x_wconf 71' lang='lat' dir='ltr'><strong>Romae</strong></span> <span class='ocrx_word' id='word_1_349' title='bbox 962 3500 1141 3553; x_wconf 87' lang='lat' dir='ltr'><strong>natale</strong></span> <span class='ocrx_word' id='word_1_350' title='bbox 1169 3499 1226 3554; x_wconf 90' lang='lat' dir='ltr'><strong>S.</strong></span> <span class='ocrx_word' id='word_1_351' title='bbox 1252 3499 1416 3554; x_wconf 82' lang='lat' dir='ltr'><strong>Marci</strong></span> <span class='ocrx_word' id='word_1_352' title='bbox 1455 3515 1624 3569; x_wconf 83' lang='lat' dir='ltr'><strong>papae.</strong></span> <span class='ocrx_word' id='word_1_353' title='bbox 1664 3499 1820 3564; x_wconf 85' lang='lat' dir='ltr'><strong>Item,</strong></span> 
     </span>
    </p>
   </div>
   <div class='ocr_carea' id='block_1_53' title="bbox 310 3589 1822 3663">
    <p class='ocr_par' dir='ltr' id='par_1_53' title="bbox 310 3589 1822 3663">
     <span class='ocr_line' id='line_1_53' title="bbox 310 3589 1822 3663; baseline -0.003 -15"><span class='ocrx_word' id='word_1_354' title='bbox 310 3593 495 3648; x_wconf 65' lang='lat' dir='ltr'><strong>llomm</strong></span> <span class='ocrx_word' id='word_1_355' title='bbox 527 3591 626 3647; x_wconf 90' lang='lat' dir='ltr'><strong>SS.</strong></span> <span class='ocrx_word' id='word_1_356' title='bbox 674 3603 971 3663; x_wconf 79' lang='lat' dir='ltr'><strong>martyrum</strong></span> <span class='ocrx_word' id='word_1_357' title='bbox 1010 3590 1249 3659; x_wconf 85' lang='lat' dir='ltr'><strong>Marcelli</strong></span> <span class='ocrx_word' id='word_1_358' title='bbox 1299 3599 1354 3644; x_wconf 87' lang='lat' dir='ltr'><strong>et</strong></span> <span class='ocrx_word' id='word_1_359' title='bbox 1402 3590 1617 3660; x_wconf 77' lang='lat' dir='ltr'><strong>Apulei.</strong></span> <span class='ocrx_word' id='word_1_360' title='bbox 1666 3589 1822 3661; x_wconf 89' lang='lat' dir='ltr'><strong>Apud</strong></span> 
     </span>
    </p>
   </div>
   <div class='ocr_carea' id='block_1_54' title="bbox 305 3679 1818 3753">
    <p class='ocr_par' dir='ltr' id='par_1_54' title="bbox 305 3679 1818 3753">
     <span class='ocr_line' id='line_1_54' title="bbox 305 3679 1818 3753; baseline -0.003 -16"><span class='ocrx_word' id='word_1_361' title='bbox 305 3682 640 3753; x_wconf 87' lang='lat' dir='ltr'><strong>provinciam</strong></span> <span class='ocrx_word' id='word_1_362' title='bbox 685 3696 805 3752; x_wconf 66' lang='lat' dir='ltr'><strong>quae</strong></span> <span class='ocrx_word' id='word_1_363' title='bbox 839 3688 1179 3750; x_wconf 89' lang='lat' dir='ltr'><strong>nuncupatur</strong></span> <span class='ocrx_word' id='word_1_364' title='bbox 1205 3680 1447 3749; x_wconf 83' lang='lat' dir='ltr'><strong>Augusta</strong></span> <span class='ocrx_word' id='word_1_365' title='bbox 1486 3679 1818 3742; x_wconf 81' lang='lat' dir='ltr'><strong>Eufratcsia,</strong></span> 
     </span>
    </p>
   </div>
   <div class='ocr_carea' id='block_1_55' title="bbox 313 3769 1825 3844">
    <p class='ocr_par' dir='ltr' id='par_1_55' title="bbox 313 3769 1825 3844">
     <span class='ocr_line' id='line_1_55' title="bbox 313 3769 1825 3844; baseline -0.003 -17"><span class='ocrx_word' id='word_1_366' title='bbox 313 3772 416 3828; x_wconf 91' lang='lat' dir='ltr'><strong>SS.</strong></span> <span class='ocrx_word' id='word_1_367' title='bbox 453 3785 753 3844; x_wconf 80' lang='lat' dir='ltr'><strong>martyrum</strong></span> <span class='ocrx_word' id='word_1_368' title='bbox 786 3770 959 3841; x_wconf 91' lang='lat' dir='ltr'><strong>Sergii</strong></span> <span class='ocrx_word' id='word_1_369' title='bbox 1009 3780 1064 3826; x_wconf 90' lang='lat' dir='ltr'><strong>et</strong></span> <span class='ocrx_word' id='word_1_370' title='bbox 1117 3770 1316 3825; x_wconf 88' lang='lat' dir='ltr'><strong>Bacchi</strong></span> <span class='ocrx_word' id='word_1_371' title='bbox 1368 3770 1467 3824; x_wconf 88' lang='lat' dir='ltr'><strong>sub</strong></span> <span class='ocrx_word' id='word_1_372' title='bbox 1500 3769 1825 3824; x_wconf 74' lang='lat' dir='ltr'><strong>Maximiano</strong></span> 
     </span>
    </p>
   </div>
   <div class='ocr_carea' id='block_1_56' title="bbox 314 3862 665 3934">
    <p class='ocr_par' dir='ltr' id='par_1_56' title="bbox 314 3862 665 3934">
     <span class='ocr_line' id='line_1_56' title="bbox 314 3862 665 3934; baseline -0.003 -17"><span class='ocrx_word' id='word_1_373' title='bbox 314 3862 665 3934; x_wconf 89' lang='lat' dir='ltr'><strong>imperatore.</strong></span> 
     </span>
    </p>
   </div>
   <div class='ocr_carea' id='block_1_57' title="bbox 242 3950 1824 4022">
    <p class='ocr_par' dir='ltr' id='par_1_57' title="bbox 242 3950 1824 4022">
     <span class='ocr_line' id='line_1_57' title="bbox 242 3950 1824 4022; baseline -0.003 -14"><span class='ocrx_word' id='word_1_374' title='bbox 242 3951 356 4009; x_wconf 81' lang='lat' dir='ltr'><strong>Vill</strong></span> <span class='ocrx_word' id='word_1_375' title='bbox 396 3954 519 4010; x_wconf 90' lang='lat' dir='ltr'><strong>ldus</strong></span> <span class='ocrx_word' id='word_1_376' title='bbox 556 3953 827 4010; x_wconf 86' lang='lat' dir='ltr'><strong>Octobris.</strong></span> <span class='ocrx_word' id='word_1_377' title='bbox 882 3952 1105 4009; x_wconf 85' lang='lat' dir='ltr'><strong>Cortina</strong></span> <span class='ocrx_word' id='word_1_378' title='bbox 1158 3953 1383 4007; x_wconf 89' lang='lat' dir='ltr'><strong>civitate</strong></span> <span class='ocrx_word' id='word_1_379' title='bbox 1412 3952 1555 4007; x_wconf 82' lang='lat' dir='ltr'><strong>beati</strong></span> <span class='ocrx_word' id='word_1_380' title='bbox 1591 3950 1824 4022; x_wconf 84' lang='lat' dir='ltr'><strong>Philippi</strong></span> 
     </span>
    </p>
   </div>
   <div class='ocr_carea' id='block_1_58' title="bbox 314 4044 1826 4115">
    <p class='ocr_par' dir='ltr' id='par_1_58' title="bbox 314 4044 1826 4115">
     <span class='ocr_line' id='line_1_58' title="bbox 314 4044 1826 4115; baseline -0.003 -14"><span class='ocrx_word' id='word_1_381' title='bbox 314 4045 573 4115; x_wconf 83' lang='lat' dir='ltr'><strong>episcopi.</strong></span> <span class='ocrx_word' id='word_1_382' title='bbox 598 4044 999 4101; x_wconf 66' lang='lat' dir='ltr'><strong>Thessalonicae</strong></span> <span class='ocrx_word' id='word_1_383' title='bbox 1030 4046 1211 4101; x_wconf 89' lang='lat' dir='ltr'><strong>natale</strong></span> <span class='ocrx_word' id='word_1_384' title='bbox 1239 4046 1297 4101; x_wconf 91' lang='lat' dir='ltr'><strong>S.</strong></span> <span class='ocrx_word' id='word_1_385' title='bbox 1333 4046 1590 4101; x_wconf 89' lang='lat' dir='ltr'><strong>Demetrii</strong></span> <span class='ocrx_word' id='word_1_386' title='bbox 1622 4053 1826 4115; x_wconf 85' lang='lat' dir='ltr'><strong>marty-</strong></span> 
     </span>
    </p>
   </div>
   <div class='ocr_carea' id='block_1_59' title="bbox 316 4134 1826 4204">
    <p class='ocr_par' dir='ltr' id='par_1_59' title="bbox 316 4134 1826 4204">
     <span class='ocr_line' id='line_1_59' title="bbox 316 4134 1826 4204; baseline -0.002 -14"><span class='ocrx_word' id='word_1_387' title='bbox 316 4136 415 4190; x_wconf 86' lang='lat' dir='ltr'><strong>ris.</strong></span> <span class='ocrx_word' id='word_1_388' title='bbox 461 4136 664 4203; x_wconf 89' lang='lat' dir='ltr'><strong>Eodem</strong></span> <span class='ocrx_word' id='word_1_389' title='bbox 702 4136 789 4190; x_wconf 91' lang='lat' dir='ltr'><strong>die</strong></span> <span class='ocrx_word' id='word_1_390' title='bbox 830 4136 984 4204; x_wconf 77' lang='lat' dir='ltr'><strong>juxta</strong></span> <span class='ocrx_word' id='word_1_391' title='bbox 1035 4146 1274 4190; x_wconf 89' lang='lat' dir='ltr'><strong>montem</strong></span> <span class='ocrx_word' id='word_1_392' title='bbox 1329 4135 1524 4190; x_wconf 90' lang='lat' dir='ltr'><strong>Oliveti</strong></span> <span class='ocrx_word' id='word_1_393' title='bbox 1559 4134 1826 4204; x_wconf 88' lang='lat' dir='ltr'><strong>depositio</strong></span> 
     </span>
    </p>
   </div>
   <div class='ocr_carea' id='block_1_60' title="bbox 317 4227 1825 4300">
    <p class='ocr_par' dir='ltr' id='par_1_60' title="bbox 317 4227 1825 4300">
     <span class='ocr_line' id='line_1_60' title="bbox 317 4227 1825 4300; baseline -0.001 -17"><span class='ocrx_word' id='word_1_394' title='bbox 317 4227 378 4283; x_wconf 92' lang='lat' dir='ltr'><strong>S.</strong></span> <span class='ocrx_word' id='word_1_395' title='bbox 420 4227 670 4298; x_wconf 66' lang='lat' dir='ltr'><strong>Pelagise,</strong></span> <span class='ocrx_word' id='word_1_396' title='bbox 736 4242 856 4297; x_wconf 64' lang='lat' dir='ltr'><strong>quas</strong></span> <span class='ocrx_word' id='word_1_397' title='bbox 905 4229 1181 4300; x_wconf 82' lang='lat' dir='ltr'><strong>peccatrix</strong></span> <span class='ocrx_word' id='word_1_398' title='bbox 1221 4227 1542 4297; x_wconf 87' lang='lat' dir='ltr'><strong>appellatur.</strong></span> <span class='ocrx_word' id='word_1_399' title='bbox 1595 4227 1652 4280; x_wconf 92' lang='lat' dir='ltr'><strong>lu</strong></span> <span class='ocrx_word' id='word_1_400' title='bbox 1685 4240 1825 4296; x_wconf 83' lang='lat' dir='ltr'><strong>pago</strong></span> 
     </span>
    </p>
   </div>
   <div class='ocr_carea' id='block_1_61' title="bbox 317 4316 1825 4385">
    <p class='ocr_par' dir='ltr' id='par_1_61' title="bbox 317 4316 1825 4385">
     <span class='ocr_line' id='line_1_61' title="bbox 317 4316 1825 4385; baseline -0.002 -13"><span class='ocrx_word' id='word_1_401' title='bbox 317 4318 659 4372; x_wconf 88' lang='lat' dir='ltr'><strong>Laudunensi</strong></span> <span class='ocrx_word' id='word_1_402' title='bbox 703 4316 882 4371; x_wconf 89' lang='lat' dir='ltr'><strong>natale</strong></span> <span class='ocrx_word' id='word_1_403' title='bbox 908 4316 967 4370; x_wconf 92' lang='lat' dir='ltr'><strong>S.</strong></span> <span class='ocrx_word' id='word_1_404' title='bbox 996 4316 1303 4371; x_wconf 71' lang='lat' dir='ltr'><strong>Benedicta:</strong></span> <span class='ocrx_word' id='word_1_405' title='bbox 1344 4317 1570 4385; x_wconf 72' lang='lat' dir='ltr'><strong>virginis</strong></span> <span class='ocrx_word' id='word_1_406' title='bbox 1599 4325 1654 4370; x_wconf 89' lang='lat' dir='ltr'><strong>et</strong></span> <span class='ocrx_word' id='word_1_407' title='bbox 1680 4332 1825 4370; x_wconf 86' lang='lat' dir='ltr'><strong>mar-</strong></span> 
     </span>
    </p>
   </div>
   <div class='ocr_carea' id='block_1_62' title="bbox 318 4405 1825 4477">
    <p class='ocr_par' dir='ltr' id='par_1_62' title="bbox 318 4405 1825 4477">
     <span class='ocr_line' id='line_1_62' title="bbox 318 4405 1825 4477; baseline 0.001 -18"><span class='ocrx_word' id='word_1_408' title='bbox 318 4407 474 4477; x_wconf 82' lang='lat' dir='ltr'><strong>tyris.</strong></span> <span class='ocrx_word' id='word_1_409' title='bbox 491 4406 860 4462; x_wconf 87' lang='lat' dir='ltr'><strong>Autissiodero</strong></span> <span class='ocrx_word' id='word_1_410' title='bbox 880 4405 1132 4462; x_wconf 66' lang='lat' dir='ltr'><strong>Palladiae</strong></span> <span class='ocrx_word' id='word_1_411' title='bbox 1153 4406 1398 4477; x_wconf 83' lang='lat' dir='ltr'><strong>virginis.</strong></span> <span class='ocrx_word' id='word_1_412' title='bbox 1425 4406 1668 4461; x_wconf 87' lang='lat' dir='ltr'><strong>Senones</strong></span> <span class='ocrx_word' id='word_1_413' title='bbox 1691 4407 1825 4462; x_wconf 83' lang='lat' dir='ltr'><strong>Por-</strong></span> 
     </span>
    </p>
   </div>
   <div class='ocr_carea' id='block_1_63' title="bbox 314 4497 787 4568">
    <p class='ocr_par' dir='ltr' id='par_1_63' title="bbox 314 4497 787 4568">
     <span class='ocr_line' id='line_1_63' title="bbox 314 4497 787 4568; baseline -0.008 -14"><span class='ocrx_word' id='word_1_414' title='bbox 314 4497 515 4554; x_wconf 66' lang='lat' dir='ltr'><strong>cbarim</strong></span> <span class='ocrx_word' id='word_1_415' title='bbox 540 4497 787 4568; x_wconf 83' lang='lat' dir='ltr'><strong>virginis.</strong></span> 
     </span>
    </p>
   </div>
   <div class='ocr_carea' id='block_1_64' title="bbox 390 4578 1823 4658">
    <p class='ocr_par' dir='ltr' id='par_1_64' title="bbox 390 4578 1823 4658">
     <span class='ocr_line' id='line_1_64' title="bbox 390 4578 1823 4658; baseline 0.001 -17"><span class='ocrx_word' id='word_1_416' title='bbox 390 4586 531 4642; x_wconf 81' lang='lat' dir='ltr'><strong>Obiit</strong></span> <span class='ocrx_word' id='word_1_417' title='bbox 558 4587 826 4641; x_wconf 81' lang='lat' dir='ltr'><strong>Arnaldus</strong></span> <span class='ocrx_word' id='word_1_418' title='bbox 871 4578 1251 4651; x_wconf 55' lang='lat' dir='ltr'><strong>subdiaconus,</strong></span> <span class='ocrx_word' id='word_1_419' title='bbox 1269 4588 1359 4658; x_wconf 87' lang='lat' dir='ltr'><strong>qui</strong></span> <span class='ocrx_word' id='word_1_420' title='bbox 1397 4587 1540 4641; x_wconf 84' lang='lat' dir='ltr'><strong>dedit</strong></span> <span class='ocrx_word' id='word_1_421' title='bbox 1571 4587 1823 4656; x_wconf 75' lang='lat' dir='ltr'><strong>fratribus</strong></span> 
     </span>
    </p>
   </div>
   <div class='ocr_carea' id='block_1_65' title="bbox 318 4679 1825 4752">
    <p class='ocr_par' dir='ltr' id='par_1_65' title="bbox 318 4679 1825 4752">
     <span class='ocr_line' id='line_1_65' title="bbox 318 4679 1825 4752; baseline 0 -19"><span class='ocrx_word' id='word_1_422' title='bbox 318 4682 578 4750; x_wconf 69' lang='lat' dir='ltr'><strong>praedium</strong></span> <span class='ocrx_word' id='word_1_423' title='bbox 599 4697 751 4734; x_wconf 88' lang='lat' dir='ltr'><strong>suum</strong></span> <span class='ocrx_word' id='word_1_424' title='bbox 785 4681 841 4734; x_wconf 87' lang='lat' dir='ltr'><strong>in</strong></span> <span class='ocrx_word' id='word_1_425' title='bbox 868 4698 1002 4752; x_wconf 83' lang='lat' dir='ltr'><strong>pago</strong></span> <span class='ocrx_word' id='word_1_426' title='bbox 1032 4679 1309 4746; x_wconf 85' lang='lat' dir='ltr'><strong>Senonico,</strong></span> <span class='ocrx_word' id='word_1_427' title='bbox 1334 4681 1389 4734; x_wconf 83' lang='lat' dir='ltr'><strong>in</strong></span> <span class='ocrx_word' id='word_1_428' title='bbox 1419 4679 1542 4734; x_wconf 86' lang='lat' dir='ltr'><strong>villa</strong></span> <span class='ocrx_word' id='word_1_429' title='bbox 1586 4696 1704 4749; x_wconf 78' lang='lat' dir='ltr'><strong>qute</strong></span> <span class='ocrx_word' id='word_1_430' title='bbox 1743 4681 1825 4733; x_wconf 90' lang='lat' dir='ltr'><strong>di-</strong></span> 
     </span>
    </p>
   </div>
   <div class='ocr_carea' id='block_1_66' title="bbox 319 4770 1822 4847">
    <p class='ocr_par' dir='ltr' id='par_1_66' title="bbox 319 4770 1822 4847">
     <span class='ocr_line' id='line_1_66' title="bbox 319 4770 1822 4847; baseline 0.003 -23"><span class='ocrx_word' id='word_1_431' title='bbox 319 4772 456 4826; x_wconf 90' lang='lat' dir='ltr'><strong>citur</strong></span> <span class='ocrx_word' id='word_1_432' title='bbox 515 4770 676 4827; x_wconf 81' lang='lat' dir='ltr'><strong>Vallis</strong></span> <span class='ocrx_word' id='word_1_433' title='bbox 713 4772 945 4839; x_wconf 86' lang='lat' dir='ltr'><strong>diaconi,</strong></span> <span class='ocrx_word' id='word_1_434' title='bbox 994 4782 1040 4828; x_wconf 87' lang='lat' dir='ltr'><strong>et</strong></span> <span class='ocrx_word' id='word_1_435' title='bbox 1086 4773 1144 4826; x_wconf 88' lang='lat' dir='ltr'><strong>in</strong></span> <span class='ocrx_word' id='word_1_436' title='bbox 1188 4772 1309 4828; x_wconf 87' lang='lat' dir='ltr'><strong>villa</strong></span> <span class='ocrx_word' id='word_1_437' title='bbox 1335 4772 1602 4847; x_wconf 86' lang='lat' dir='ltr'><strong>Aganonls</strong></span> <span class='ocrx_word' id='word_1_438' title='bbox 1640 4789 1822 4845; x_wconf 81' lang='lat' dir='ltr'><strong>arpen.</strong></span> 
     </span>
    </p>
   </div>
   <div class='ocr_carea' id='block_1_67' title="bbox 319 4864 730 4919">
    <p class='ocr_par' dir='ltr' id='par_1_67' title="bbox 319 4864 730 4919">
     <span class='ocr_line' id='line_1_67' title="bbox 319 4864 730 4919; baseline -0.002 -1"><span class='ocrx_word' id='word_1_439' title='bbox 319 4864 384 4918; x_wconf 89' lang='lat' dir='ltr'><strong>de</strong></span> <span class='ocrx_word' id='word_1_440' title='bbox 411 4864 571 4918; x_wconf 83' lang='lat' dir='ltr'><strong>vineis</strong></span> <span class='ocrx_word' id='word_1_441' title='bbox 612 4880 730 4919; x_wconf 86' lang='lat' dir='ltr'><strong>vm.</strong></span> 
     </span>
    </p>
   </div>
   <div class='ocr_carea' id='block_1_68' title="bbox 247 4952 1824 5023">
    <p class='ocr_par' dir='ltr' id='par_1_68' title="bbox 247 4952 1824 5023">
     <span class='ocr_line' id='line_1_68' title="bbox 247 4952 1824 5023; baseline 0.001 -15"><span class='ocrx_word' id='word_1_442' title='bbox 247 4954 344 5010; x_wconf 76' lang='lat' dir='ltr'><strong>V11</strong></span> <span class='ocrx_word' id='word_1_443' title='bbox 362 4953 486 5009; x_wconf 87' lang='lat' dir='ltr'><strong>ldus</strong></span> <span class='ocrx_word' id='word_1_444' title='bbox 511 4953 702 5010; x_wconf 89' lang='lat' dir='ltr'><strong>Octob.</strong></span> <span class='ocrx_word' id='word_1_445' title='bbox 734 4952 927 5009; x_wconf 91' lang='lat' dir='ltr'><strong>Obitus</strong></span> <span class='ocrx_word' id='word_1_446' title='bbox 954 4952 1187 5009; x_wconf 75' lang='lat' dir='ltr'><strong>Abralue</strong></span> <span class='ocrx_word' id='word_1_447' title='bbox 1210 4954 1548 5023; x_wconf 66' lang='lat' dir='ltr'><strong>patriai-clm.</strong></span> <span class='ocrx_word' id='word_1_448' title='bbox 1581 4954 1824 5010; x_wconf 90' lang='lat' dir='ltr'><strong>Parisius</strong></span> 
     </span>
    </p>
   </div>
   <div class='ocr_carea' id='block_1_69' title="bbox 323 5042 1823 5114">
    <p class='ocr_par' dir='ltr' id='par_1_69' title="bbox 323 5042 1823 5114">
     <span class='ocr_line' id='line_1_69' title="bbox 323 5042 1823 5114; baseline -0.001 -16"><span class='ocrx_word' id='word_1_449' title='bbox 323 5044 504 5099; x_wconf 87' lang='lat' dir='ltr'><strong>natale</strong></span> <span class='ocrx_word' id='word_1_450' title='bbox 533 5042 635 5098; x_wconf 90' lang='lat' dir='ltr'><strong>SS.</strong></span> <span class='ocrx_word' id='word_1_451' title='bbox 666 5052 962 5114; x_wconf 90' lang='lat' dir='ltr'><strong>martyrum</strong></span> <span class='ocrx_word' id='word_1_452' title='bbox 988 5043 1225 5114; x_wconf 88' lang='lat' dir='ltr'><strong>Dionysii</strong></span> <span class='ocrx_word' id='word_1_453' title='bbox 1250 5044 1507 5112; x_wconf 89' lang='lat' dir='ltr'><strong>episcopi,</strong></span> <span class='ocrx_word' id='word_1_454' title='bbox 1529 5043 1823 5099; x_wconf 77' lang='lat' dir='ltr'><strong>Eleutherii</strong></span> 
     </span>
    </p>
   </div>
   <div class='ocr_carea' id='block_1_70' title="bbox 322 5134 1828 5211">
    <p class='ocr_par' dir='ltr' id='par_1_70' title="bbox 322 5134 1828 5211">
     <span class='ocr_line' id='line_1_70' title="bbox 322 5134 1828 5211; baseline 0.001 -21"><span class='ocrx_word' id='word_1_455' title='bbox 322 5135 649 5207; x_wconf 89' lang='lat' dir='ltr'><strong>presbyteri,</strong></span> <span class='ocrx_word' id='word_1_456' title='bbox 680 5144 736 5190; x_wconf 94' lang='lat' dir='ltr'><strong>et</strong></span> <span class='ocrx_word' id='word_1_457' title='bbox 757 5135 964 5211; x_wconf 80' lang='lat' dir='ltr'><strong>Rustici</strong></span> <span class='ocrx_word' id='word_1_458' title='bbox 1003 5134 1237 5199; x_wconf 88' lang='lat' dir='ltr'><strong>diaconi,</strong></span> <span class='ocrx_word' id='word_1_459' title='bbox 1280 5135 1372 5204; x_wconf 87' lang='lat' dir='ltr'><strong>qui</strong></span> <span class='ocrx_word' id='word_1_460' title='bbox 1399 5136 1590 5189; x_wconf 87' lang='lat' dir='ltr'><strong>beatus</strong></span> <span class='ocrx_word' id='word_1_461' title='bbox 1616 5136 1828 5205; x_wconf 82' lang='lat' dir='ltr'><strong>episco-</strong></span> 
     </span>
    </p>
   </div>
   <div class='ocr_carea' id='block_1_71' title="bbox 324 5223 1828 5299">
    <p class='ocr_par' dir='ltr' id='par_1_71' title="bbox 324 5223 1828 5299">
     <span class='ocr_line' id='line_1_71' title="bbox 324 5223 1828 5299; baseline -0.001 -17"><span class='ocrx_word' id='word_1_462' title='bbox 324 5242 427 5297; x_wconf 90' lang='lat' dir='ltr'><strong>pus</strong></span> <span class='ocrx_word' id='word_1_463' title='bbox 470 5236 692 5299; x_wconf 89' lang='lat' dir='ltr'><strong>propter</strong></span> <span class='ocrx_word' id='word_1_464' title='bbox 726 5226 1132 5296; x_wconf 80' lang='lat' dir='ltr'><strong>praedicationis</strong></span> <span class='ocrx_word' id='word_1_465' title='bbox 1163 5223 1394 5280; x_wconf 84' lang='lat' dir='ltr'><strong>ollicium</strong></span> <span class='ocrx_word' id='word_1_466' title='bbox 1427 5242 1455 5279; x_wconf 94' lang='lat' dir='ltr'><strong>a</strong></span> <span class='ocrx_word' id='word_1_467' title='bbox 1487 5237 1679 5281; x_wconf 89' lang='lat' dir='ltr'><strong>sancto</strong></span> <span class='ocrx_word' id='word_1_468' title='bbox 1705 5227 1828 5282; x_wconf 87' lang='lat' dir='ltr'><strong>Cle-</strong></span> 
     </span>
    </p>
   </div>
   <div class='ocr_carea' id='block_1_72' title="bbox 322 5315 1828 5388">
    <p class='ocr_par' dir='ltr' id='par_1_72' title="bbox 322 5315 1828 5388">
     <span class='ocr_line' id='line_1_72' title="bbox 322 5315 1828 5388; baseline -0.003 -16"><span class='ocrx_word' id='word_1_469' title='bbox 322 5325 501 5372; x_wconf 85' lang='lat' dir='ltr'><strong>mente</strong></span> <span class='ocrx_word' id='word_1_470' title='bbox 527 5317 580 5371; x_wconf 92' lang='lat' dir='ltr'><strong>in</strong></span> <span class='ocrx_word' id='word_1_471' title='bbox 603 5315 791 5371; x_wconf 83' lang='lat' dir='ltr'><strong>Galliis</strong></span> <span class='ocrx_word' id='word_1_472' title='bbox 818 5315 1076 5382; x_wconf 89' lang='lat' dir='ltr'><strong>directus,</strong></span> <span class='ocrx_word' id='word_1_473' title='bbox 1106 5315 1287 5385; x_wconf 89' lang='lat' dir='ltr'><strong>ibique</strong></span> <span class='ocrx_word' id='word_1_474' title='bbox 1310 5324 1394 5372; x_wconf 82' lang='lat' dir='ltr'><strong>est</strong></span> <span class='ocrx_word' id='word_1_475' title='bbox 1427 5318 1828 5388; x_wconf 84' lang='lat' dir='ltr'><strong>martyrizatus.</strong></span> 
     </span>
    </p>
   </div>
   <div class='ocr_carea' id='block_1_73' title="bbox 325 5404 1832 5475">
    <p class='ocr_par' dir='ltr' id='par_1_73' title="bbox 325 5404 1832 5475">
     <span class='ocr_line' id='line_1_73' title="bbox 325 5404 1832 5475; baseline 0.001 -17"><span class='ocrx_word' id='word_1_476' title='bbox 325 5404 482 5475; x_wconf 85' lang='lat' dir='ltr'><strong>Apud</strong></span> <span class='ocrx_word' id='word_1_477' title='bbox 518 5404 795 5460; x_wconf 85' lang='lat' dir='ltr'><strong>Coloniam</strong></span> <span class='ocrx_word' id='word_1_478' title='bbox 822 5405 1134 5475; x_wconf 87' lang='lat' dir='ltr'><strong>Agripinam</strong></span> <span class='ocrx_word' id='word_1_479' title='bbox 1170 5405 1349 5460; x_wconf 83' lang='lat' dir='ltr'><strong>natale</strong></span> <span class='ocrx_word' id='word_1_480' title='bbox 1374 5407 1544 5461; x_wconf 90' lang='lat' dir='ltr'><strong>sancti</strong></span> <span class='ocrx_word' id='word_1_481' title='bbox 1569 5405 1832 5461; x_wconf 84' lang='lat' dir='ltr'><strong>Cerconis</strong></span> 
     </span>
    </p>
   </div>
   <div class='ocr_carea' id='block_1_74' title="bbox 328 5495 1859 5569">
    <p class='ocr_par' dir='ltr' id='par_1_74' title="bbox 328 5495 1859 5569">
     <span class='ocr_line' id='line_1_74' title="bbox 328 5495 1859 5569; baseline 0.003 -19"><span class='ocrx_word' id='word_1_482' title='bbox 328 5496 587 5569; x_wconf 74' lang='lat' dir='ltr'><strong>martyris</strong></span> <span class='ocrx_word' id='word_1_483' title='bbox 620 5511 743 5552; x_wconf 91' lang='lat' dir='ltr'><strong>cum</strong></span> <span class='ocrx_word' id='word_1_484' title='bbox 791 5495 914 5551; x_wconf 88' lang='lat' dir='ltr'><strong>aliis</strong></span> <span class='ocrx_word' id='word_1_485' title='bbox 962 5510 1153 5551; x_wconf 87' lang='lat' dir='ltr'><strong>ccovtu</strong></span> <span class='ocrx_word' id='word_1_486' title='bbox 1200 5512 1338 5566; x_wconf 89' lang='lat' dir='ltr'><strong>quos</strong></span> <span class='ocrx_word' id='word_1_487' title='bbox 1378 5497 1555 5551; x_wconf 81' lang='lat' dir='ltr'><strong>lerunt</strong></span> <span class='ocrx_word' id='word_1_488' title='bbox 1586 5497 1859 5567; x_wconf 40' lang='lat' dir='ltr'><strong>Thebeos,</strong></span> 
     </span>
    </p>
   </div>
   <div class='ocr_carea' id='block_1_75' title="bbox 327 5587 1837 5662">
    <p class='ocr_par' dir='ltr' id='par_1_75' title="bbox 327 5587 1837 5662">
     <span class='ocr_line' id='line_1_75' title="bbox 327 5587 1837 5662; baseline 0.003 -20"><span class='ocrx_word' id='word_1_489' title='bbox 327 5587 512 5643; x_wconf 78' lang='lat' dir='ltr'><strong>fuisse.</strong></span> <span class='ocrx_word' id='word_1_490' title='bbox 564 5587 717 5659; x_wconf 90' lang='lat' dir='ltr'><strong>Apud</strong></span> <span class='ocrx_word' id='word_1_491' title='bbox 761 5587 963 5645; x_wconf 73' lang='lat' dir='ltr'><strong>Iuliam</strong></span> <span class='ocrx_word' id='word_1_492' title='bbox 1006 5588 1090 5645; x_wconf 88' lang='lat' dir='ltr'><strong>via</strong></span> <span class='ocrx_word' id='word_1_493' title='bbox 1132 5587 1352 5644; x_wconf 89' lang='lat' dir='ltr'><strong>Claudia</strong></span> <span class='ocrx_word' id='word_1_494' title='bbox 1384 5590 1563 5662; x_wconf 84' lang='lat' dir='ltr'><strong>passio</strong></span> <span class='ocrx_word' id='word_1_495' title='bbox 1592 5588 1647 5646; x_wconf 88' lang='lat' dir='ltr'><strong>S.</strong></span> <span class='ocrx_word' id='word_1_496' title='bbox 1680 5590 1837 5646; x_wconf 86' lang='lat' dir='ltr'><strong>Dom-</strong></span> 
     </span>
    </p>
   </div>
   <div class='ocr_carea' id='block_1_76' title="bbox 328 5696 460 5734">
    <p class='ocr_par' dir='ltr' id='par_1_76' title="bbox 328 5696 460 5734">
     <span class='ocr_line' id='line_1_76' title="bbox 328 5696 460 5734; baseline 0 -1"><span class='ocrx_word' id='word_1_497' title='bbox 328 5696 460 5734; x_wconf 76' lang='grc'><strong>111111.</strong></span> 
     </span>
    </p>
   </div>
   <div class='ocr_carea' id='block_1_77' title="bbox 1846 4453 1900 4512">
    <p class='ocr_par' dir='ltr' id='par_1_77' title="bbox 1846 4453 1900 4512">
     <span class='ocr_line' id='line_1_77' title="bbox 1846 4453 1900 4512; baseline 0 0"><span class='ocrx_word' id='word_1_498' title='bbox 1846 4453 1900 4512; x_wconf 82' lang='lat' dir='ltr'><strong>D</strong></span> 
     </span>
    </p>
   </div>
   <div class='ocr_carea' id='block_1_78' title="bbox 1989 1871 3504 1943">
    <p class='ocr_par' dir='ltr' id='par_1_78' title="bbox 1989 1871 3504 1943">
     <span class='ocr_line' id='line_1_78' title="bbox 1989 1871 3504 1943; baseline 0 -19"><span class='ocrx_word' id='word_1_499' title='bbox 1989 1879 2099 1924; x_wconf 85' lang='lat' dir='ltr'><strong>ctus</strong></span> <span class='ocrx_word' id='word_1_500' title='bbox 2127 1872 2366 1939; x_wconf 79' lang='lat' dir='ltr'><strong>spiritum</strong></span> <span class='ocrx_word' id='word_1_501' title='bbox 2411 1871 2617 1927; x_wconf 78' lang='lat' dir='ltr'><strong>Christo</strong></span> <span class='ocrx_word' id='word_1_502' title='bbox 2658 1873 2883 1927; x_wconf 83' lang='lat' dir='ltr'><strong>reddidit</strong></span> <span class='ocrx_word' id='word_1_503' title='bbox 2912 1887 2930 1924; x_wconf 92' lang='lat'><em>:</em></span> <span class='ocrx_word' id='word_1_504' title='bbox 2959 1875 3048 1943; x_wconf 87' lang='lat' dir='ltr'><strong>qui</strong></span> <span class='ocrx_word' id='word_1_505' title='bbox 3074 1872 3216 1926; x_wconf 86' lang='lat' dir='ltr'><strong>dedit</strong></span> <span class='ocrx_word' id='word_1_506' title='bbox 3249 1872 3504 1942; x_wconf 79' lang='lat' dir='ltr'><strong>fratribus</strong></span> 
     </span>
    </p>
   </div>
   <div class='ocr_carea' id='block_1_79' title="bbox 1989 1956 3504 2035">
    <p class='ocr_par' dir='ltr' id='par_1_79' title="bbox 1989 1956 3504 2035">
     <span class='ocr_line' id='line_1_79' title="bbox 1989 1956 3504 2035; baseline 0.001 -21"><span class='ocrx_word' id='word_1_507' title='bbox 1989 1962 2099 2015; x_wconf 83' lang='lat' dir='ltr'><strong>suis</strong></span> <span class='ocrx_word' id='word_1_508' title='bbox 2124 1956 2389 2017; x_wconf 83' lang='lat' dir='ltr'><strong>canonicis</strong></span> <span class='ocrx_word' id='word_1_509' title='bbox 2420 1956 2633 2018; x_wconf 85' lang='lat' dir='ltr'><strong>domum</strong></span> <span class='ocrx_word' id='word_1_510' title='bbox 2685 1982 2801 2018; x_wconf 89' lang='lat' dir='ltr'><strong>cum</strong></span> <span class='ocrx_word' id='word_1_511' title='bbox 2845 1965 3203 2035; x_wconf 83' lang='lat' dir='ltr'><strong>appendiciis,</strong></span> <span class='ocrx_word' id='word_1_512' title='bbox 3246 1980 3402 2033; x_wconf 85' lang='lat' dir='ltr'><strong>quant</strong></span> <span class='ocrx_word' id='word_1_513' title='bbox 3439 1963 3504 2016; x_wconf 87' lang='lat' dir='ltr'><strong>ab</strong></span> 
     </span>
    </p>
   </div>
   <div class='ocr_carea' id='block_1_80' title="bbox 1992 2049 3505 2123">
    <p class='ocr_par' dir='ltr' id='par_1_80' title="bbox 1992 2049 3505 2123">
     <span class='ocr_line' id='line_1_80' title="bbox 1992 2049 3505 2123; baseline 0.001 -19"><span class='ocrx_word' id='word_1_514' title='bbox 1992 2049 2169 2120; x_wconf 80' lang='lat' dir='ltr'><strong>Ugone</strong></span> <span class='ocrx_word' id='word_1_515' title='bbox 2198 2052 2260 2104; x_wconf 86' lang='lat' dir='ltr'><strong>de</strong></span> <span class='ocrx_word' id='word_1_516' title='bbox 2294 2050 2551 2122; x_wconf 85' lang='lat' dir='ltr'><strong>Curgiaco</strong></span> <span class='ocrx_word' id='word_1_517' title='bbox 2577 2063 2791 2119; x_wconf 88' lang='lat' dir='ltr'><strong>emerat,</strong></span> <span class='ocrx_word' id='word_1_518' title='bbox 2822 2064 2870 2107; x_wconf 88' lang='lat' dir='ltr'><strong>et</strong></span> <span class='ocrx_word' id='word_1_519' title='bbox 2915 2055 3117 2107; x_wconf 80' lang='lat' dir='ltr'><strong>vineam</strong></span> <span class='ocrx_word' id='word_1_520' title='bbox 3146 2069 3303 2123; x_wconf 79' lang='lat' dir='ltr'><strong>quam</strong></span> <span class='ocrx_word' id='word_1_521' title='bbox 3346 2050 3505 2123; x_wconf 83' lang='lat' dir='ltr'><strong>plan-</strong></span> 
     </span>
    </p>
   </div>
   <div class='ocr_carea' id='block_1_81' title="bbox 1990 2143 3509 2214">
    <p class='ocr_par' dir='ltr' id='par_1_81' title="bbox 1990 2143 3509 2214">
     <span class='ocr_line' id='line_1_81' title="bbox 1990 2143 3509 2214; baseline 0 -18"><span class='ocrx_word' id='word_1_522' title='bbox 1990 2144 2114 2197; x_wconf 86' lang='lat' dir='ltr'><strong>tavit</strong></span> <span class='ocrx_word' id='word_1_523' title='bbox 2164 2146 2304 2213; x_wconf 74' lang='lat' dir='ltr'><strong>apud</strong></span> <span class='ocrx_word' id='word_1_524' title='bbox 2363 2143 2687 2208; x_wconf 84' lang='lat' dir='ltr'><strong>Billiacum,</strong></span> <span class='ocrx_word' id='word_1_525' title='bbox 2736 2144 2899 2198; x_wconf 84' lang='lat' dir='ltr'><strong>aliam</strong></span> <span class='ocrx_word' id='word_1_526' title='bbox 2950 2145 3105 2199; x_wconf 84' lang='lat' dir='ltr'><strong>etiam</strong></span> <span class='ocrx_word' id='word_1_527' title='bbox 3157 2159 3316 2214; x_wconf 87' lang='lat' dir='ltr'><strong>quam</strong></span> <span class='ocrx_word' id='word_1_528' title='bbox 3372 2159 3509 2213; x_wconf 83' lang='lat' dir='ltr'><strong>eme-</strong></span> 
     </span>
    </p>
   </div>
   <div class='ocr_carea' id='block_1_82' title="bbox 1992 2235 3509 2309">
    <p class='ocr_par' dir='ltr' id='par_1_82' title="bbox 1992 2235 3509 2309">
     <span class='ocr_line' id='line_1_82' title="bbox 1992 2235 3509 2309; baseline 0.001 -20"><span class='ocrx_word' id='word_1_529' title='bbox 1992 2245 2073 2289; x_wconf 87' lang='lat' dir='ltr'><strong>rat</strong></span> <span class='ocrx_word' id='word_1_530' title='bbox 2112 2236 2166 2290; x_wconf 90' lang='lat' dir='ltr'><strong>in</strong></span> <span class='ocrx_word' id='word_1_531' title='bbox 2197 2235 2539 2302; x_wconf 85' lang='lat' dir='ltr'><strong>Curta-cane,</strong></span> <span class='ocrx_word' id='word_1_532' title='bbox 2569 2247 2619 2291; x_wconf 85' lang='lat' dir='ltr'><strong>et</strong></span> <span class='ocrx_word' id='word_1_533' title='bbox 2660 2238 2799 2292; x_wconf 86' lang='lat' dir='ltr'><strong>dedit</strong></span> <span class='ocrx_word' id='word_1_534' title='bbox 2831 2240 2987 2292; x_wconf 72' lang='lat' dir='ltr'><strong>etiam</strong></span> <span class='ocrx_word' id='word_1_535' title='bbox 3020 2249 3403 2309; x_wconf 34' lang='lat' dir='ltr'><strong>octo‘uummos</strong></span> <span class='ocrx_word' id='word_1_536' title='bbox 3443 2237 3509 2291; x_wconf 83' lang='lat' dir='ltr'><strong>de</strong></span> 
     </span>
    </p>
   </div>
   <div class='ocr_carea' id='block_1_83' title="bbox 1990 2345 2169 2382">
    <p class='ocr_par' dir='ltr' id='par_1_83' title="bbox 1990 2345 2169 2382">
     <span class='ocr_line' id='line_1_83' title="bbox 1990 2345 2169 2382; baseline -0.006 0"><span class='ocrx_word' id='word_1_537' title='bbox 1990 2345 2169 2382; x_wconf 84' lang='lat' dir='ltr'><strong>censu.</strong></span> 
     </span>
    </p>
   </div>
   <div class='ocr_carea' id='block_1_84' title="bbox 1919 2417 3507 2490">
    <p class='ocr_par' dir='ltr' id='par_1_84' title="bbox 1919 2417 3507 2490">
     <span class='ocr_line' id='line_1_84' title="bbox 1919 2417 3507 2490; baseline 0.002 -19"><span class='ocrx_word' id='word_1_538' title='bbox 1919 2417 1986 2475; x_wconf 73' lang='grc' dir='ltr'>Π</span> <span class='ocrx_word' id='word_1_539' title='bbox 2018 2418 2141 2473; x_wconf 86' lang='lat' dir='ltr'><strong>ldus</strong></span> <span class='ocrx_word' id='word_1_540' title='bbox 2167 2419 2437 2476; x_wconf 87' lang='lat' dir='ltr'><strong>Octobris.</strong></span> <span class='ocrx_word' id='word_1_541' title='bbox 2482 2420 2635 2490; x_wconf 83' lang='lat' dir='ltr'><strong>Apud</strong></span> <span class='ocrx_word' id='word_1_542' title='bbox 2675 2420 2988 2475; x_wconf 77' lang='lat' dir='ltr'><strong>Ravennam</strong></span> <span class='ocrx_word' id='word_1_543' title='bbox 3034 2421 3120 2474; x_wconf 73' lang='lat' dir='ltr'><strong>via</strong></span> <span class='ocrx_word' id='word_1_544' title='bbox 3146 2420 3507 2476; x_wconf 77' lang='lat' dir='ltr'><strong>Laurentiano</strong></span> 
     </span>
    </p>
   </div>
   <div class='ocr_carea' id='block_1_85' title="bbox 1989 2507 3508 2580">
    <p class='ocr_par' dir='ltr' id='par_1_85' title="bbox 1989 2507 3508 2580">
     <span class='ocr_line' id='line_1_85' title="bbox 1989 2507 3508 2580; baseline 0 -20"><span class='ocrx_word' id='word_1_545' title='bbox 1989 2507 2168 2563; x_wconf 84' lang='lat' dir='ltr'><strong>natale</strong></span> <span class='ocrx_word' id='word_1_546' title='bbox 2226 2510 2398 2563; x_wconf 86' lang='lat' dir='ltr'><strong>sancti</strong></span> <span class='ocrx_word' id='word_1_547' title='bbox 2452 2509 2660 2565; x_wconf 82' lang='lat' dir='ltr'><strong>Hedisti</strong></span> <span class='ocrx_word' id='word_1_548' title='bbox 2728 2510 3007 2580; x_wconf 87' lang='lat' dir='ltr'><strong>martyris.</strong></span> <span class='ocrx_word' id='word_1_549' title='bbox 3060 2509 3212 2578; x_wconf 90' lang='lat' dir='ltr'><strong>Apud</strong></span> <span class='ocrx_word' id='word_1_550' title='bbox 3266 2508 3508 2563; x_wconf 80' lang='lat' dir='ltr'><strong>Africam</strong></span> 
     </span>
    </p>
   </div>
   <div class='ocr_carea' id='block_1_86' title="bbox 1991 2601 3511 2671">
    <p class='ocr_par' dir='ltr' id='par_1_86' title="bbox 1991 2601 3511 2671">
     <span class='ocr_line' id='line_1_86' title="bbox 1991 2601 3511 2671; baseline -0.001 -18"><span class='ocrx_word' id='word_1_551' title='bbox 1991 2608 2304 2671; x_wconf 89' lang='lat' dir='ltr'><strong>sanctorum</strong></span> <span class='ocrx_word' id='word_1_552' title='bbox 2350 2611 2585 2670; x_wconf 85' lang='lat' dir='ltr'><strong>quatuor</strong></span> <span class='ocrx_word' id='word_1_553' title='bbox 2615 2601 2840 2656; x_wconf 80' lang='lat' dir='ltr'><strong>millium</strong></span> <span class='ocrx_word' id='word_1_554' title='bbox 2882 2610 3274 2669; x_wconf 82' lang='lat' dir='ltr'><strong>nongentorum</strong></span> <span class='ocrx_word' id='word_1_555' title='bbox 3306 2607 3511 2667; x_wconf 83' lang='lat' dir='ltr'><strong>septua-</strong></span> 
     </span>
    </p>
   </div>
   <div class='ocr_carea' id='block_1_87' title="bbox 1993 2688 3473 2761">
    <p class='ocr_par' dir='ltr' id='par_1_87' title="bbox 1993 2688 3473 2761">
     <span class='ocr_line' id='line_1_87' title="bbox 1993 2688 3473 2761; baseline 0.001 -20"><span class='ocrx_word' id='word_1_556' title='bbox 1993 2693 2139 2759; x_wconf 85' lang='lat' dir='ltr'><strong>ginta</strong></span> <span class='ocrx_word' id='word_1_557' title='bbox 2180 2700 2235 2743; x_wconf 89' lang='lat' dir='ltr'><strong>ct</strong></span> <span class='ocrx_word' id='word_1_558' title='bbox 2282 2705 2395 2745; x_wconf 81' lang='lat' dir='ltr'><strong>sex.</strong></span> <span class='ocrx_word' id='word_1_559' title='bbox 2423 2691 2691 2746; x_wconf 87' lang='lat' dir='ltr'><strong>Bituricas</strong></span> <span class='ocrx_word' id='word_1_560' title='bbox 2740 2691 2798 2746; x_wconf 92' lang='grc'><strong>8.</strong></span> <span class='ocrx_word' id='word_1_561' title='bbox 2844 2688 3107 2761; x_wconf 90' lang='lat' dir='ltr'><strong>Opilionis</strong></span> <span class='ocrx_word' id='word_1_562' title='bbox 3153 2690 3473 2761; x_wconf 86' lang='lat' dir='ltr'><strong>presbyteri.</strong></span> 
     </span>
    </p>
   </div>
   <div class='ocr_carea' id='block_1_88' title="bbox 2066 2778 3510 2856">
    <p class='ocr_par' dir='ltr' id='par_1_88' title="bbox 2066 2778 3510 2856">
     <span class='ocr_line' id='line_1_88' title="bbox 2066 2778 3510 2856; baseline 0 -23"><span class='ocrx_word' id='word_1_563' title='bbox 2066 2778 2206 2834; x_wconf 87' lang='lat' dir='ltr'><strong>Obiit</strong></span> <span class='ocrx_word' id='word_1_564' title='bbox 2244 2779 2287 2834; x_wconf 87' lang='grc' dir='ltr'><em>Τ</em></span> <span class='ocrx_word' id='word_1_565' title='bbox 2290 2781 2615 2850; x_wconf 84' lang='lat' dir='ltr'><strong>agauboldus</strong></span> <span class='ocrx_word' id='word_1_566' title='bbox 2662 2784 2927 2848; x_wconf 84' lang='lat' dir='ltr'><strong>sacerdos,</strong></span> <span class='ocrx_word' id='word_1_567' title='bbox 2960 2784 3050 2854; x_wconf 89' lang='lat' dir='ltr'><strong>qui</strong></span> <span class='ocrx_word' id='word_1_568' title='bbox 3079 2783 3221 2856; x_wconf 81' lang='lat' dir='ltr'><strong>dedit</strong></span> <span class='ocrx_word' id='word_1_569' title='bbox 3254 2781 3510 2851; x_wconf 78' lang='lat' dir='ltr'><strong>fratribus</strong></span> 
     </span>
    </p>
   </div>
   <div class='ocr_carea' id='block_1_89' title="bbox 1992 2862 3513 2941">
    <p class='ocr_par' dir='ltr' id='par_1_89' title="bbox 1992 2862 3513 2941">
     <span class='ocr_line' id='line_1_89' title="bbox 1992 2862 3513 2941; baseline 0.004 -21"><span class='ocrx_word' id='word_1_570' title='bbox 1992 2869 2249 2938; x_wconf 75' lang='lat' dir='ltr'><strong>prwdium</strong></span> <span class='ocrx_word' id='word_1_571' title='bbox 2279 2888 2432 2926; x_wconf 88' lang='lat' dir='ltr'><strong>suum</strong></span> <span class='ocrx_word' id='word_1_572' title='bbox 2475 2888 2591 2929; x_wconf 88' lang='lat' dir='ltr'><strong>cum</strong></span> <span class='ocrx_word' id='word_1_573' title='bbox 2633 2862 2866 2928; x_wconf 88' lang='lat' dir='ltr'><strong>masinili</strong></span> <span class='ocrx_word' id='word_1_574' title='bbox 2891 2884 2939 2928; x_wconf 83' lang='lat' dir='ltr'><strong>et</strong></span> <span class='ocrx_word' id='word_1_575' title='bbox 2968 2873 3130 2928; x_wconf 83' lang='lat' dir='ltr'><strong>vineis</strong></span> <span class='ocrx_word' id='word_1_576' title='bbox 3157 2882 3205 2926; x_wconf 89' lang='lat' dir='ltr'><strong>et</strong></span> <span class='ocrx_word' id='word_1_577' title='bbox 3231 2872 3427 2941; x_wconf 68' lang='lat' dir='ltr'><strong>campis</strong></span> <span class='ocrx_word' id='word_1_578' title='bbox 3454 2873 3513 2926; x_wconf 85' lang='lat' dir='ltr'><strong>in</strong></span> 
     </span>
    </p>
   </div>
   <div class='ocr_carea' id='block_1_90' title="bbox 1995 2957 3514 3031">
    <p class='ocr_par' dir='ltr' id='par_1_90' title="bbox 1995 2957 3514 3031">
     <span class='ocr_line' id='line_1_90' title="bbox 1995 2957 3514 3031; baseline 0.003 -19"><span class='ocrx_word' id='word_1_579' title='bbox 1995 2957 2118 3012; x_wconf 88' lang='lat' dir='ltr'><strong>villa</strong></span> <span class='ocrx_word' id='word_1_580' title='bbox 2147 2976 2264 3029; x_wconf 83' lang='lat' dir='ltr'><strong>qme</strong></span> <span class='ocrx_word' id='word_1_581' title='bbox 2311 2960 2508 3014; x_wconf 87' lang='lat' dir='ltr'><strong>dicitur</strong></span> <span class='ocrx_word' id='word_1_582' title='bbox 2545 2959 2804 3015; x_wconf 79' lang='lat' dir='ltr'><strong>l’radilis.</strong></span> <span class='ocrx_word' id='word_1_583' title='bbox 2849 2960 2975 3031; x_wconf 84' lang='lat' dir='ltr'><strong>Ipsa</strong></span> <span class='ocrx_word' id='word_1_584' title='bbox 3025 2962 3110 3016; x_wconf 89' lang='lat' dir='ltr'><strong>die</strong></span> <span class='ocrx_word' id='word_1_585' title='bbox 3164 2961 3315 3031; x_wconf 77' lang='lat' dir='ltr'><strong>(Iugo</strong></span> <span class='ocrx_word' id='word_1_586' title='bbox 3365 2963 3514 3016; x_wconf 71' lang='lat' dir='ltr'><strong>bona!</strong></span> 
     </span>
    </p>
   </div>
   <div class='ocr_carea' id='block_1_91' title="bbox 1996 3047 3514 3119">
    <p class='ocr_par' dir='ltr' id='par_1_91' title="bbox 1996 3047 3514 3119">
     <span class='ocr_line' id='line_1_91' title="bbox 1996 3047 3514 3119; baseline 0.002 -22"><span class='ocrx_word' id='word_1_587' title='bbox 1996 3047 2262 3100; x_wconf 76' lang='lat' dir='ltr'><strong>memoria:</strong></span> <span class='ocrx_word' id='word_1_588' title='bbox 2289 3047 2761 3103; x_wconf 80' lang='lat' dir='ltr'><strong>Autissiodoreasis</strong></span> <span class='ocrx_word' id='word_1_589' title='bbox 2791 3050 3083 3119; x_wconf 88' lang='lat' dir='ltr'><strong>episcopus,</strong></span> <span class='ocrx_word' id='word_1_590' title='bbox 3108 3049 3267 3102; x_wconf 85' lang='lat' dir='ltr'><strong>decus</strong></span> <span class='ocrx_word' id='word_1_591' title='bbox 3304 3050 3514 3118; x_wconf 80' lang='lat' dir='ltr'><strong>pontiﬁ-</strong></span> 
     </span>
    </p>
   </div>
   <div class='ocr_carea' id='block_1_92' title="bbox 1997 3139 3514 3211">
    <p class='ocr_par' dir='ltr' id='par_1_92' title="bbox 1997 3139 3514 3211">
     <span class='ocr_line' id='line_1_92' title="bbox 1997 3139 3514 3211; baseline 0.001 -21"><span class='ocrx_word' id='word_1_592' title='bbox 1997 3154 2114 3190; x_wconf 89' lang='lat' dir='ltr'><strong>cum</strong></span> <span class='ocrx_word' id='word_1_593' title='bbox 2143 3147 2190 3192; x_wconf 91' lang='lat' dir='ltr'><strong>et</strong></span> <span class='ocrx_word' id='word_1_594' title='bbox 2219 3139 2391 3207; x_wconf 89' lang='lat' dir='ltr'><strong>forma</strong></span> <span class='ocrx_word' id='word_1_595' title='bbox 2436 3141 2594 3193; x_wconf 86' lang='lat' dir='ltr'><strong>totius</strong></span> <span class='ocrx_word' id='word_1_596' title='bbox 2638 3141 2924 3209; x_wconf 84' lang='lat' dir='ltr'><strong>religionis,</strong></span> <span class='ocrx_word' id='word_1_597' title='bbox 2966 3142 3056 3211; x_wconf 88' lang='lat' dir='ltr'><strong>qui</strong></span> <span class='ocrx_word' id='word_1_598' title='bbox 3078 3141 3132 3193; x_wconf 90' lang='lat' dir='ltr'><strong>in</strong></span> <span class='ocrx_word' id='word_1_599' title='bbox 3162 3140 3267 3193; x_wconf 78' lang='lat' dir='ltr'><strong>vita</strong></span> <span class='ocrx_word' id='word_1_600' title='bbox 3292 3156 3390 3192; x_wconf 85' lang='lat' dir='ltr'><strong>sua</strong></span> <span class='ocrx_word' id='word_1_601' title='bbox 3417 3155 3514 3207; x_wconf 79' lang='lat' dir='ltr'><strong>pa-</strong></span> 
     </span>
    </p>
   </div>
   <div class='ocr_carea' id='block_1_93' title="bbox 1996 3218 3513 3300">
    <p class='ocr_par' dir='ltr' id='par_1_93' title="bbox 1996 3218 3513 3300">
     <span class='ocr_line' id='line_1_93' title="bbox 1996 3218 3513 3300; baseline 0 -19"><span class='ocrx_word' id='word_1_602' title='bbox 1996 3218 2102 3281; x_wconf 83' lang='lat' dir='ltr'><strong>cem</strong></span> <span class='ocrx_word' id='word_1_603' title='bbox 2149 3228 2351 3292; x_wconf 72' lang='lat' dir='ltr'><strong>dilexit,</strong></span> <span class='ocrx_word' id='word_1_604' title='bbox 2406 3229 2540 3283; x_wconf 89' lang='lat' dir='ltr'><strong>bona</strong></span> <span class='ocrx_word' id='word_1_605' title='bbox 2588 3246 2713 3298; x_wconf 84' lang='lat' dir='ltr'><strong>pace</strong></span> <span class='ocrx_word' id='word_1_606' title='bbox 2753 3229 2942 3299; x_wconf 77' lang='lat' dir='ltr'><strong>quierit</strong></span> <span class='ocrx_word' id='word_1_607' title='bbox 2992 3244 3010 3281; x_wconf 89' lang='lat'><strong><em>:</em></strong></span> <span class='ocrx_word' id='word_1_608' title='bbox 3041 3229 3128 3300; x_wconf 88' lang='lat' dir='ltr'><strong>qui</strong></span> <span class='ocrx_word' id='word_1_609' title='bbox 3163 3231 3301 3282; x_wconf 87' lang='lat' dir='ltr'><strong>inter</strong></span> <span class='ocrx_word' id='word_1_610' title='bbox 3344 3238 3513 3282; x_wconf 86' lang='lat' dir='ltr'><strong>cetera</strong></span> 
     </span>
    </p>
   </div>
   <div class='ocr_carea' id='block_1_94' title="bbox 1996 3316 3514 3387">
    <p class='ocr_par' dir='ltr' id='par_1_94' title="bbox 1996 3316 3514 3387">
     <span class='ocr_line' id='line_1_94' title="bbox 1996 3316 3514 3387; baseline 0.001 -18"><span class='ocrx_word' id='word_1_611' title='bbox 1996 3316 2185 3387; x_wconf 89' lang='lat' dir='ltr'><strong>quibus</strong></span> <span class='ocrx_word' id='word_1_612' title='bbox 2222 3318 2577 3387; x_wconf 85' lang='lat' dir='ltr'><strong>episcopatum</strong></span> <span class='ocrx_word' id='word_1_613' title='bbox 2633 3334 2788 3371; x_wconf 86' lang='lat' dir='ltr'><strong>suum</strong></span> <span class='ocrx_word' id='word_1_614' title='bbox 2844 3318 3047 3384; x_wconf 89' lang='lat' dir='ltr'><strong>ditavit,</strong></span> <span class='ocrx_word' id='word_1_615' title='bbox 3096 3334 3243 3371; x_wconf 81' lang='lat' dir='ltr'><strong>nsunt</strong></span> <span class='ocrx_word' id='word_1_616' title='bbox 3289 3317 3514 3370; x_wconf 87' lang='lat' dir='ltr'><strong>nemoris</strong></span> 
     </span>
    </p>
   </div>
   <div class='ocr_carea' id='block_1_95' title="bbox 1995 3398 3514 3476">
    <p class='ocr_par' dir='ltr' id='par_1_95' title="bbox 1995 3398 3514 3476">
     <span class='ocr_line' id='line_1_95' title="bbox 1995 3398 3514 3476; baseline 0.001 -19"><span class='ocrx_word' id='word_1_617' title='bbox 1995 3404 2060 3458; x_wconf 91' lang='lat' dir='ltr'><strong>de</strong></span> <span class='ocrx_word' id='word_1_618' title='bbox 2092 3402 2269 3469; x_wconf 85' lang='lat' dir='ltr'><strong>Tullo,</strong></span> <span class='ocrx_word' id='word_1_619' title='bbox 2300 3398 2456 3476; x_wconf 82' lang='lat' dir='ltr'><strong>quem</strong></span> <span class='ocrx_word' id='word_1_620' title='bbox 2489 3408 2730 3460; x_wconf 83' lang='lat' dir='ltr'><strong>canonici</strong></span> <span class='ocrx_word' id='word_1_621' title='bbox 2755 3402 2851 3476; x_wconf 78' lang='lat' dir='ltr'><strong>per</strong></span> <span class='ocrx_word' id='word_1_622' title='bbox 2881 3408 3073 3460; x_wconf 86' lang='lat' dir='ltr'><strong>multos</strong></span> <span class='ocrx_word' id='word_1_623' title='bbox 3103 3418 3269 3460; x_wconf 86' lang='lat' dir='ltr'><strong>annos</strong></span> <span class='ocrx_word' id='word_1_624' title='bbox 3295 3407 3406 3460; x_wconf 84' lang='lat' dir='ltr'><strong>sine</strong></span> <span class='ocrx_word' id='word_1_625' title='bbox 3426 3423 3514 3475; x_wconf 86' lang='lat' dir='ltr'><strong>spe</strong></span> 
     </span>
    </p>
   </div>
   <div class='ocr_carea' id='block_1_96' title="bbox 1997 3495 3515 3562">
    <p class='ocr_par' dir='ltr' id='par_1_96' title="bbox 1997 3495 3515 3562">
     <span class='ocr_line' id='line_1_96' title="bbox 1997 3495 3515 3562; baseline 0.003 -17"><span class='ocrx_word' id='word_1_626' title='bbox 1997 3495 2407 3562; x_wconf 84' lang='lat' dir='ltr'><strong>recuperationis</strong></span> <span class='ocrx_word' id='word_1_627' title='bbox 2452 3496 2781 3561; x_wconf 89' lang='lat' dir='ltr'><strong>amiserant,</strong></span> <span class='ocrx_word' id='word_1_628' title='bbox 2832 3513 2951 3549; x_wconf 90' lang='lat' dir='ltr'><strong>cum</strong></span> <span class='ocrx_word' id='word_1_629' title='bbox 2995 3514 3196 3551; x_wconf 80' lang='lat' dir='ltr'><strong>summa</strong></span> <span class='ocrx_word' id='word_1_630' title='bbox 3240 3497 3420 3551; x_wconf 88' lang='lat' dir='ltr'><strong>labore</strong></span> <span class='ocrx_word' id='word_1_631' title='bbox 3465 3507 3515 3550; x_wconf 89' lang='lat' dir='ltr'><strong>et</strong></span> 
     </span>
    </p>
   </div>
   <div class='ocr_carea' id='block_1_97' title="bbox 1996 3584 3513 3654">
    <p class='ocr_par' dir='ltr' id='par_1_97' title="bbox 1996 3584 3513 3654">
     <span class='ocr_line' id='line_1_97' title="bbox 1996 3584 3513 3654; baseline 0.003 -19"><span class='ocrx_word' id='word_1_632' title='bbox 1996 3584 2175 3636; x_wconf 88' lang='lat' dir='ltr'><strong>studio</strong></span> <span class='ocrx_word' id='word_1_633' title='bbox 2201 3585 2497 3654; x_wconf 87' lang='lat' dir='ltr'><strong>acquisivit.</strong></span> <span class='ocrx_word' id='word_1_634' title='bbox 2526 3585 2681 3638; x_wconf 87' lang='lat' dir='ltr'><strong>Dedit</strong></span> <span class='ocrx_word' id='word_1_635' title='bbox 2714 3587 2871 3638; x_wconf 87' lang='lat' dir='ltr'><strong>etiam</strong></span> <span class='ocrx_word' id='word_1_636' title='bbox 2899 3586 3131 3639; x_wconf 78' lang='lat' dir='ltr'><strong>ecclesite</strong></span> <span class='ocrx_word' id='word_1_637' title='bbox 3163 3587 3513 3640; x_wconf 88' lang='lat' dir='ltr'><strong>sacerdotalia</strong></span> 
     </span>
    </p>
   </div>
   <div class='ocr_carea' id='block_1_98' title="bbox 1995 3673 3514 3745">
    <p class='ocr_par' dir='ltr' id='par_1_98' title="bbox 1995 3673 3514 3745">
     <span class='ocr_line' id='line_1_98' title="bbox 1995 3673 3514 3745; baseline 0.001 -19"><span class='ocrx_word' id='word_1_638' title='bbox 1995 3673 2303 3728; x_wconf 86' lang='lat' dir='ltr'><strong>indumenta</strong></span> <span class='ocrx_word' id='word_1_639' title='bbox 2330 3675 2640 3745; x_wconf 70' lang='lat' dir='ltr'><strong>peroptima,</strong></span> <span class='ocrx_word' id='word_1_640' title='bbox 2672 3685 2720 3729; x_wconf 92' lang='lat' dir='ltr'><strong>et</strong></span> <span class='ocrx_word' id='word_1_641' title='bbox 2756 3674 2970 3729; x_wconf 87' lang='lat' dir='ltr'><strong>calicem</strong></span> <span class='ocrx_word' id='word_1_642' title='bbox 3005 3675 3335 3729; x_wconf 89' lang='lat' dir='ltr'><strong>deauratum.</strong></span> <span class='ocrx_word' id='word_1_643' title='bbox 3369 3675 3514 3729; x_wconf 76' lang='lat' dir='ltr'><strong>Prte-</strong></span> 
     </span>
    </p>
   </div>
   <div class='ocr_carea' id='block_1_99' title="bbox 1995 3764 3512 3837">
    <p class='ocr_par' dir='ltr' id='par_1_99' title="bbox 1995 3764 3512 3837">
     <span class='ocr_line' id='line_1_99' title="bbox 1995 3764 3512 3837; baseline 0 -18"><span class='ocrx_word' id='word_1_644' title='bbox 1995 3775 2138 3820; x_wconf 87' lang='lat' dir='ltr'><strong>terea</strong></span> <span class='ocrx_word' id='word_1_645' title='bbox 2157 3767 2443 3836; x_wconf 82' lang='lat' dir='ltr'><strong>assignavit</strong></span> <span class='ocrx_word' id='word_1_646' title='bbox 2466 3767 2519 3820; x_wconf 86' lang='lat' dir='ltr'><strong>in</strong></span> <span class='ocrx_word' id='word_1_647' title='bbox 2543 3765 2826 3821; x_wconf 88' lang='lat' dir='ltr'><strong>Lindriaco</strong></span> <span class='ocrx_word' id='word_1_648' title='bbox 2849 3764 3064 3837; x_wconf 86' lang='lat' dir='ltr'><strong>triginta</strong></span> <span class='ocrx_word' id='word_1_649' title='bbox 3089 3766 3304 3832; x_wconf 86' lang='lat' dir='ltr'><strong>solidos,</strong></span> <span class='ocrx_word' id='word_1_650' title='bbox 3326 3766 3512 3835; x_wconf 88' lang='lat' dir='ltr'><strong>quibus</strong></span> 
     </span>
    </p>
   </div>
   <div class='ocr_carea' id='block_1_100' title="bbox 1996 3854 3512 3932">
    <p class='ocr_par' dir='ltr' id='par_1_100' title="bbox 1996 3854 3512 3932">
     <span class='ocr_line' id='line_1_100' title="bbox 1996 3854 3512 3932; baseline 0 -19"><span class='ocrx_word' id='word_1_651' title='bbox 1996 3860 2081 3914; x_wconf 89' lang='lat' dir='ltr'><strong>die</strong></span> <span class='ocrx_word' id='word_1_652' title='bbox 2128 3861 2473 3915; x_wconf 86' lang='lat' dir='ltr'><strong>anniversarii</strong></span> <span class='ocrx_word' id='word_1_653' title='bbox 2514 3862 2736 3932; x_wconf 85' lang='lat' dir='ltr'><strong>singulis</strong></span> <span class='ocrx_word' id='word_1_654' title='bbox 2764 3854 2937 3915; x_wconf 85' lang='lat' dir='ltr'><strong>annis</strong></span> <span class='ocrx_word' id='word_1_655' title='bbox 2982 3861 3249 3915; x_wconf 87' lang='lat' dir='ltr'><strong>canonicis</strong></span> <span class='ocrx_word' id='word_1_656' title='bbox 3300 3859 3512 3928; x_wconf 84' lang='lat' dir='ltr'><strong>refectio</strong></span> 
     </span>
    </p>
   </div>
   <div class='ocr_carea' id='block_1_101' title="bbox 1999 3948 3513 4004">
    <p class='ocr_par' dir='ltr' id='par_1_101' title="bbox 1999 3948 3513 4004">
     <span class='ocr_line' id='line_1_101' title="bbox 1999 3948 3513 4004; baseline -0.001 0"><span class='ocrx_word' id='word_1_657' title='bbox 1999 3950 2328 4004; x_wconf 69' lang='lat' dir='ltr'><strong>exhibentur.</strong></span> <span class='ocrx_word' id='word_1_658' title='bbox 2367 3949 2580 4004; x_wconf 87' lang='lat' dir='ltr'><strong>Dimisit</strong></span> <span class='ocrx_word' id='word_1_659' title='bbox 2608 3952 2763 4004; x_wconf 88' lang='lat' dir='ltr'><strong>etiam</strong></span> <span class='ocrx_word' id='word_1_660' title='bbox 2794 3950 3063 4004; x_wconf 86' lang='lat' dir='ltr'><strong>canonicis</strong></span> <span class='ocrx_word' id='word_1_661' title='bbox 3090 3948 3360 4003; x_wconf 86' lang='lat' dir='ltr'><strong>ecclesiam</strong></span> <span class='ocrx_word' id='word_1_662' title='bbox 3385 3949 3513 4003; x_wconf 88' lang='lat' dir='ltr'><strong>Lin-</strong></span> 
     </span>
    </p>
   </div>
   <div class='ocr_carea' id='block_1_102' title="bbox 2004 4046 3513 4117">
    <p class='ocr_par' dir='ltr' id='par_1_102' title="bbox 2004 4046 3513 4117">
     <span class='ocr_line' id='line_1_102' title="bbox 2004 4046 3513 4117; baseline 0.001 -17"><span class='ocrx_word' id='word_1_663' title='bbox 2004 4046 2175 4100; x_wconf 84' lang='lat' dir='ltr'><strong>driaci</strong></span> <span class='ocrx_word' id='word_1_664' title='bbox 2212 4057 2325 4117; x_wconf 83' lang='lat' dir='ltr'><strong>post</strong></span> <span class='ocrx_word' id='word_1_665' title='bbox 2358 4058 2575 4101; x_wconf 89' lang='lat' dir='ltr'><strong>mortem</strong></span> <span class='ocrx_word' id='word_1_666' title='bbox 2604 4047 2836 4101; x_wconf 80' lang='lat' dir='ltr'><strong>Anselmi</strong></span> <span class='ocrx_word' id='word_1_667' title='bbox 2876 4064 2968 4101; x_wconf 87' lang='lat' dir='ltr'><strong>seu</strong></span> <span class='ocrx_word' id='word_1_668' title='bbox 3004 4048 3383 4102; x_wconf 84' lang='lat' dir='ltr'><strong>dimissionem.</strong></span> <span class='ocrx_word' id='word_1_669' title='bbox 3415 4047 3513 4102; x_wconf 85' lang='lat' dir='ltr'><strong>In-</strong></span> 
     </span>
    </p>
   </div>
   <div class='ocr_carea' id='block_1_103' title="bbox 1996 4138 3510 4209">
    <p class='ocr_par' dir='ltr' id='par_1_103' title="bbox 1996 4138 3510 4209">
     <span class='ocr_line' id='line_1_103' title="bbox 1996 4138 3510 4209; baseline -0.001 -15"><span class='ocrx_word' id='word_1_670' title='bbox 1996 4141 2145 4194; x_wconf 86' lang='lat' dir='ltr'><strong>terim</strong></span> <span class='ocrx_word' id='word_1_671' title='bbox 2199 4151 2372 4193; x_wconf 87' lang='lat' dir='ltr'><strong>autem</strong></span> <span class='ocrx_word' id='word_1_672' title='bbox 2424 4138 2720 4209; x_wconf 78' lang='lat' dir='ltr'><strong>Stephanus</strong></span> <span class='ocrx_word' id='word_1_673' title='bbox 2771 4140 3081 4209; x_wconf 72' lang='lat' dir='ltr'><strong>prtepositus&#39;</strong></span> <span class='ocrx_word' id='word_1_674' title='bbox 3129 4155 3159 4194; x_wconf 69' lang='grc' dir='ltr'>χ</span> <span class='ocrx_word' id='word_1_675' title='bbox 3202 4139 3396 4203; x_wconf 85' lang='lat' dir='ltr'><strong>solidos</strong></span> <span class='ocrx_word' id='word_1_676' title='bbox 3440 4139 3510 4194; x_wconf 84' lang='lat' dir='ltr'><strong>ad</strong></span> 
     </span>
    </p>
   </div>
   <div class='ocr_carea' id='block_1_104' title="bbox 2002 4228 2962 4299">
    <p class='ocr_par' dir='ltr' id='par_1_104' title="bbox 2002 4228 2962 4299">
     <span class='ocr_line' id='line_1_104' title="bbox 2002 4228 2962 4299; baseline 0.001 -17"><span class='ocrx_word' id='word_1_677' title='bbox 2002 4230 2334 4298; x_wconf 86' lang='lat' dir='ltr'><strong>refectionem</strong></span> <span class='ocrx_word' id='word_1_678' title='bbox 2366 4229 2663 4299; x_wconf 85' lang='lat' dir='ltr'><strong>faciendam</strong></span> <span class='ocrx_word' id='word_1_679' title='bbox 2692 4228 2962 4298; x_wconf 81' lang='lat' dir='ltr'><strong>persolvet.</strong></span> 
     </span>
    </p>
   </div>
   <div class='ocr_carea' id='block_1_105' title="bbox 1924 4318 3509 4389">
    <p class='ocr_par' dir='ltr' id='par_1_105' title="bbox 1924 4318 3509 4389">
     <span class='ocr_line' id='line_1_105' title="bbox 1924 4318 3509 4389; baseline -0.001 -14"><span class='ocrx_word' id='word_1_680' title='bbox 1924 4320 1990 4375; x_wconf 93' lang='lat' dir='ltr'><strong>lll</strong></span> <span class='ocrx_word' id='word_1_681' title='bbox 2030 4320 2152 4375; x_wconf 86' lang='lat' dir='ltr'><strong>ldus</strong></span> <span class='ocrx_word' id='word_1_682' title='bbox 2180 4320 2449 4376; x_wconf 89' lang='lat' dir='ltr'><strong>Octobris.</strong></span> <span class='ocrx_word' id='word_1_683' title='bbox 2483 4319 2638 4389; x_wconf 90' lang='lat' dir='ltr'><strong>Apud</strong></span> <span class='ocrx_word' id='word_1_684' title='bbox 2670 4318 2939 4375; x_wconf 82' lang='lat' dir='ltr'><strong>Troadam</strong></span> <span class='ocrx_word' id='word_1_685' title='bbox 2974 4321 3152 4377; x_wconf 87' lang='lat' dir='ltr'><strong>natale</strong></span> <span class='ocrx_word' id='word_1_686' title='bbox 3176 4319 3320 4376; x_wconf 89' lang='lat' dir='ltr'><strong>beati</strong></span> <span class='ocrx_word' id='word_1_687' title='bbox 3346 4318 3509 4389; x_wconf 89' lang='lat' dir='ltr'><strong>Carpi</strong></span> 
     </span>
    </p>
   </div>
   <div class='ocr_carea' id='block_1_106' title="bbox 1996 4409 3511 4481">
    <p class='ocr_par' dir='ltr' id='par_1_106' title="bbox 1996 4409 3511 4481">
     <span class='ocr_line' id='line_1_106' title="bbox 1996 4409 3511 4481; baseline 0.001 -18"><span class='ocrx_word' id='word_1_688' title='bbox 1996 4409 2243 4479; x_wconf 92' lang='lat' dir='ltr'><strong>discipuli</strong></span> <span class='ocrx_word' id='word_1_689' title='bbox 2290 4410 2437 4464; x_wconf 84' lang='lat' dir='ltr'><strong>Pauli</strong></span> <span class='ocrx_word' id='word_1_690' title='bbox 2466 4410 2715 4480; x_wconf 89' lang='lat' dir='ltr'><strong>apostoli.</strong></span> <span class='ocrx_word' id='word_1_691' title='bbox 2743 4412 3030 4466; x_wconf 86' lang='lat' dir='ltr'><strong>Antiochia</strong></span> <span class='ocrx_word' id='word_1_692' title='bbox 3058 4412 3199 4467; x_wconf 85' lang='lat' dir='ltr'><strong>beati</strong></span> <span class='ocrx_word' id='word_1_693' title='bbox 3231 4410 3511 4481; x_wconf 85' lang='lat' dir='ltr'><strong>Theophili</strong></span> 
     </span>
    </p>
   </div>
   <div class='ocr_carea' id='block_1_107' title="bbox 1998 4497 3512 4571">
    <p class='ocr_par' dir='ltr' id='par_1_107' title="bbox 1998 4497 3512 4571">
     <span class='ocr_line' id='line_1_107' title="bbox 1998 4497 3512 4571; baseline 0.003 -21"><span class='ocrx_word' id='word_1_694' title='bbox 1998 4497 2258 4567; x_wconf 89' lang='lat' dir='ltr'><strong>episcopi.</strong></span> <span class='ocrx_word' id='word_1_695' title='bbox 2300 4498 2628 4553; x_wconf 83' lang='lat' dir='ltr'><strong>Alexandria</strong></span> <span class='ocrx_word' id='word_1_696' title='bbox 2680 4499 2965 4555; x_wconf 88' lang='lat' dir='ltr'><strong>Athanasii</strong></span> <span class='ocrx_word' id='word_1_697' title='bbox 3004 4502 3239 4571; x_wconf 88' lang='lat' dir='ltr'><strong>episcopi</strong></span> <span class='ocrx_word' id='word_1_698' title='bbox 3279 4511 3334 4555; x_wconf 86' lang='lat' dir='ltr'><strong>et</strong></span> <span class='ocrx_word' id='word_1_699' title='bbox 3380 4499 3512 4556; x_wconf 80' lang='lat' dir='ltr'><strong>cun-</strong></span> 
     </span>
    </p>
   </div>
   <div class='ocr_carea' id='block_1_108' title="bbox 2000 4587 2240 4643">
    <p class='ocr_par' dir='ltr' id='par_1_108' title="bbox 2000 4587 2240 4643">
     <span class='ocr_line' id='line_1_108' title="bbox 2000 4587 2240 4643; baseline 0.017 -3"><span class='ocrx_word' id='word_1_700' title='bbox 2000 4587 2240 4643; x_wconf 82' lang='lat' dir='ltr'><strong>fessoris.</strong></span> 
     </span>
    </p>
   </div>
   <div class='ocr_carea' id='block_1_109' title="bbox 2075 4676 3513 4750">
    <p class='ocr_par' dir='ltr' id='par_1_109' title="bbox 2075 4676 3513 4750">
     <span class='ocr_line' id='line_1_109' title="bbox 2075 4676 3513 4750; baseline 0.003 -19"><span class='ocrx_word' id='word_1_701' title='bbox 2075 4676 2217 4732; x_wconf 88' lang='lat' dir='ltr'><strong>Obiit</strong></span> <span class='ocrx_word' id='word_1_702' title='bbox 2258 4677 2557 4734; x_wconf 87' lang='lat' dir='ltr'><strong>Rudovicus</strong></span> <span class='ocrx_word' id='word_1_703' title='bbox 2585 4682 2761 4746; x_wconf 85' lang='lat' dir='ltr'><strong>levita,</strong></span> <span class='ocrx_word' id='word_1_704' title='bbox 2798 4681 2950 4750; x_wconf 84' lang='lat' dir='ltr'><strong>cujus</strong></span> <span class='ocrx_word' id='word_1_705' title='bbox 2983 4681 3247 4735; x_wconf 86' lang='lat' dir='ltr'><strong>industria</strong></span> <span class='ocrx_word' id='word_1_706' title='bbox 3271 4681 3513 4735; x_wconf 87' lang='lat' dir='ltr'><strong>masinile</strong></span> 
     </span>
    </p>
   </div>
   <div class='ocr_carea' id='block_1_110' title="bbox 2002 4769 3514 4842">
    <p class='ocr_par' dir='ltr' id='par_1_110' title="bbox 2002 4769 3514 4842">
     <span class='ocr_line' id='line_1_110' title="bbox 2002 4769 3514 4842; baseline 0.001 -21"><span class='ocrx_word' id='word_1_707' title='bbox 2002 4784 2119 4821; x_wconf 88' lang='lat' dir='ltr'><strong>cum</strong></span> <span class='ocrx_word' id='word_1_708' title='bbox 2164 4771 2309 4822; x_wconf 83' lang='lat' dir='ltr'><strong>vinea</strong></span> <span class='ocrx_word' id='word_1_709' title='bbox 2357 4770 2410 4823; x_wconf 86' lang='lat' dir='ltr'><strong>in</strong></span> <span class='ocrx_word' id='word_1_710' title='bbox 2440 4769 2619 4824; x_wconf 84' lang='lat' dir='ltr'><strong>villare</strong></span> <span class='ocrx_word' id='word_1_711' title='bbox 2642 4770 2782 4841; x_wconf 89' lang='lat' dir='ltr'><strong>quod</strong></span> <span class='ocrx_word' id='word_1_712' title='bbox 2807 4780 2880 4825; x_wconf 90' lang='lat' dir='ltr'><strong>est</strong></span> <span class='ocrx_word' id='word_1_713' title='bbox 2933 4771 2987 4824; x_wconf 90' lang='lat' dir='ltr'><strong>in</strong></span> <span class='ocrx_word' id='word_1_714' title='bbox 3033 4780 3309 4842; x_wconf 84' lang='lat' dir='ltr'><strong>conspectu</strong></span> <span class='ocrx_word' id='word_1_715' title='bbox 3347 4771 3514 4824; x_wconf 85' lang='lat' dir='ltr'><strong>sancti</strong></span> 
     </span>
    </p>
   </div>
   <div class='ocr_carea' id='block_1_111' title="bbox 2010 4854 3514 4935">
    <p class='ocr_par' dir='ltr' id='par_1_111' title="bbox 2010 4854 3514 4935">
     <span class='ocr_line' id='line_1_111' title="bbox 2010 4854 3514 4935; baseline 0.003 -25"><span class='ocrx_word' id='word_1_716' title='bbox 2010 4857 2240 4924; x_wconf 77' lang='lat' dir='ltr'><strong>Iuliani,</strong></span> <span class='ocrx_word' id='word_1_717' title='bbox 2294 4860 2546 4926; x_wconf 88' lang='lat' dir='ltr'><strong>fratribus</strong></span> <span class='ocrx_word' id='word_1_718' title='bbox 2579 4861 2902 4935; x_wconf 82' lang='lat' dir='ltr'><strong>adquisitum</strong></span> <span class='ocrx_word' id='word_1_719' title='bbox 2949 4870 3046 4928; x_wconf 85' lang='lat' dir='ltr'><strong>est,</strong></span> <span class='ocrx_word' id='word_1_720' title='bbox 3092 4872 3140 4917; x_wconf 89' lang='lat' dir='ltr'><strong>et</strong></span> <span class='ocrx_word' id='word_1_721' title='bbox 3180 4879 3241 4917; x_wconf 90' lang='lat' dir='ltr'><strong>ea</strong></span> <span class='ocrx_word' id='word_1_722' title='bbox 3284 4854 3415 4933; x_wconf 62' lang='lat' dir='ltr'><strong>qua!</strong></span> <span class='ocrx_word' id='word_1_723' title='bbox 3445 4861 3514 4915; x_wconf 87' lang='lat' dir='ltr'><strong>ad</strong></span> 
     </span>
    </p>
   </div>
   <div class='ocr_carea' id='block_1_112' title="bbox 1997 4942 3137 5021">
    <p class='ocr_par' dir='ltr' id='par_1_112' title="bbox 1997 4942 3137 5021">
     <span class='ocr_line' id='line_1_112' title="bbox 1997 4942 3137 5021; baseline -0.008 -15"><span class='ocrx_word' id='word_1_724' title='bbox 1997 4969 2114 5015; x_wconf 85' lang='lat' dir='ltr'><strong>eum</strong></span> <span class='ocrx_word' id='word_1_725' title='bbox 2142 4953 2419 5021; x_wconf 86' lang='lat' dir='ltr'><strong>pertinent.</strong></span> <span class='ocrx_word' id='word_1_726' title='bbox 3134 4942 3137 4951; x_wconf 69' lang='grc'><em>”</em></span> 
     </span>
    </p>
   </div>
   <div class='ocr_carea' id='block_1_113' title="bbox 1928 5043 3514 5109">
    <p class='ocr_par' dir='ltr' id='par_1_113' title="bbox 1928 5043 3514 5109">
     <span class='ocr_line' id='line_1_113' title="bbox 1928 5043 3514 5109; baseline -0.004 -9"><span class='ocrx_word' id='word_1_727' title='bbox 1928 5046 2107 5101; x_wconf 83' lang='lat' dir='ltr'><strong>Pridie</strong></span> <span class='ocrx_word' id='word_1_728' title='bbox 2135 5044 2256 5099; x_wconf 88' lang='lat' dir='ltr'><strong>ldus</strong></span> <span class='ocrx_word' id='word_1_729' title='bbox 2283 5044 2552 5099; x_wconf 89' lang='lat' dir='ltr'><strong>Octobris.</strong></span> <span class='ocrx_word' id='word_1_730' title='bbox 2592 5044 2773 5098; x_wconf 76' lang='lat' dir='ltr'><strong>Roma:</strong></span> <span class='ocrx_word' id='word_1_731' title='bbox 2818 5046 2999 5099; x_wconf 89' lang='lat' dir='ltr'><strong>natale</strong></span> <span class='ocrx_word' id='word_1_732' title='bbox 3028 5045 3086 5100; x_wconf 89' lang='lat' dir='ltr'><strong>S.</strong></span> <span class='ocrx_word' id='word_1_733' title='bbox 3115 5043 3310 5099; x_wconf 85' lang='lat' dir='ltr'><strong>Calixti</strong></span> <span class='ocrx_word' id='word_1_734' title='bbox 3361 5056 3514 5109; x_wconf 78' lang='lat' dir='ltr'><strong>papa:</strong></span> 
     </span>
    </p>
   </div>
   <div class='ocr_carea' id='block_1_114' title="bbox 2002 5121 3514 5206">
    <p class='ocr_par' dir='ltr' id='par_1_114' title="bbox 2002 5121 3514 5206">
     <span class='ocr_line' id='line_1_114' title="bbox 2002 5121 3514 5206; baseline -0.004 -15"><span class='ocrx_word' id='word_1_735' title='bbox 2002 5145 2059 5192; x_wconf 89' lang='lat' dir='ltr'><strong>et</strong></span> <span class='ocrx_word' id='word_1_736' title='bbox 2095 5135 2373 5206; x_wconf 88' lang='lat' dir='ltr'><strong>martyris.</strong></span> <span class='ocrx_word' id='word_1_737' title='bbox 2417 5133 2682 5206; x_wconf 82' lang='lat' dir='ltr'><strong>Lugdune</strong></span> <span class='ocrx_word' id='word_1_738' title='bbox 2726 5134 2911 5191; x_wconf 66' lang='lat' dir='ltr'><strong>Galliae</strong></span> <span class='ocrx_word' id='word_1_739' title='bbox 2958 5137 3214 5190; x_wconf 90' lang='lat' dir='ltr'><strong>transitus</strong></span> <span class='ocrx_word' id='word_1_740' title='bbox 3268 5132 3325 5188; x_wconf 87' lang='lat' dir='ltr'><strong>S.</strong></span> <span class='ocrx_word' id='word_1_741' title='bbox 3372 5121 3514 5187; x_wconf 61' lang='lat' dir='ltr'><strong>Iusti</strong></span> 
     </span>
    </p>
   </div>
   <div class='ocr_carea' id='block_1_115' title="bbox 2005 5228 2858 5308">
    <p class='ocr_par' dir='ltr' id='par_1_115' title="bbox 2005 5228 2858 5308">
     <span class='ocr_line' id='line_1_115' title="bbox 2005 5228 2858 5308; baseline -0.002 -24"><span class='ocrx_word' id='word_1_742' title='bbox 2005 5228 2242 5299; x_wconf 83' lang='lat' dir='ltr'><strong>episcopi</strong></span> <span class='ocrx_word' id='word_1_743' title='bbox 2255 5265 2271 5282; x_wconf 95' lang='lat'><strong>.</strong></span> <span class='ocrx_word' id='word_1_744' title='bbox 2459 5300 2465 5308; x_wconf 31' lang='grc' dir='ltr'>ί</span> <span class='ocrx_word' id='word_1_745' title='bbox 2852 5298 2858 5304; x_wconf 88' lang='lat'>_</span> 
     </span>
    </p>
   </div>
   <div class='ocr_carea' id='block_1_116' title="bbox 1934 5315 3515 5389">
    <p class='ocr_par' dir='ltr' id='par_1_116' title="bbox 1934 5315 3515 5389">
     <span class='ocr_line' id='line_1_116' title="bbox 1934 5315 3515 5389; baseline -0.003 -15"><span class='ocrx_word' id='word_1_746' title='bbox 1934 5321 2058 5376; x_wconf 87' lang='lat' dir='ltr'><strong>ldus</strong></span> <span class='ocrx_word' id='word_1_747' title='bbox 2087 5319 2354 5375; x_wconf 82' lang='lat' dir='ltr'><strong>Octobris.</strong></span> <span class='ocrx_word' id='word_1_748' title='bbox 2385 5316 2443 5374; x_wconf 87' lang='lat' dir='ltr'><strong>In</strong></span> <span class='ocrx_word' id='word_1_749' title='bbox 2470 5318 2663 5375; x_wconf 88' lang='lat' dir='ltr'><strong>Galliis</strong></span> <span class='ocrx_word' id='word_1_750' title='bbox 2693 5320 2832 5389; x_wconf 89' lang='lat' dir='ltr'><strong>apud</strong></span> <span class='ocrx_word' id='word_1_751' title='bbox 2866 5316 3140 5373; x_wconf 84' lang='lat' dir='ltr'><strong>Coloniam</strong></span> <span class='ocrx_word' id='word_1_752' title='bbox 3166 5315 3515 5387; x_wconf 83' lang='lat' dir='ltr'><strong>Agrippinam</strong></span> 
     </span>
    </p>
   </div>
   <div class='ocr_carea' id='block_1_117' title="bbox 2008 5405 3516 5483">
    <p class='ocr_par' dir='ltr' id='par_1_117' title="bbox 2008 5405 3516 5483">
     <span class='ocr_line' id='line_1_117' title="bbox 2008 5405 3516 5483; baseline -0.006 -16"><span class='ocrx_word' id='word_1_753' title='bbox 2008 5412 2184 5467; x_wconf 89' lang='lat' dir='ltr'><strong>natale</strong></span> <span class='ocrx_word' id='word_1_754' title='bbox 2213 5421 2524 5469; x_wconf 88' lang='lat' dir='ltr'><strong>sanctorum</strong></span> <span class='ocrx_word' id='word_1_755' title='bbox 2555 5419 2854 5483; x_wconf 88' lang='lat' dir='ltr'><strong>martyrum</strong></span> <span class='ocrx_word' id='word_1_756' title='bbox 2884 5407 3195 5462; x_wconf 85' lang='lat' dir='ltr'><strong>Maurorum</strong></span> <span class='ocrx_word' id='word_1_757' title='bbox 3233 5407 3300 5460; x_wconf 90' lang='lat' dir='ltr'><strong>de</strong></span> <span class='ocrx_word' id='word_1_758' title='bbox 3326 5405 3516 5459; x_wconf 86' lang='lat' dir='ltr'><strong>militi-</strong></span> 
     </span>
    </p>
   </div>
   <div class='ocr_carea' id='block_1_118' title="bbox 2007 5493 3519 5574">
    <p class='ocr_par' dir='ltr' id='par_1_118' title="bbox 2007 5493 3519 5574">
     <span class='ocr_line' id='line_1_118' title="bbox 2007 5493 3519 5574; baseline -0.011 -13"><span class='ocrx_word' id='word_1_759' title='bbox 2007 5505 2111 5561; x_wconf 91' lang='lat' dir='ltr'><strong>bus</strong></span> <span class='ocrx_word' id='word_1_760' title='bbox 2132 5519 2201 5559; x_wconf 83' lang='lat' dir='ltr'><strong>ex</strong></span> <span class='ocrx_word' id='word_1_761' title='bbox 2226 5503 2313 5558; x_wconf 90' lang='lat' dir='ltr'><strong>illa</strong></span> <span class='ocrx_word' id='word_1_762' title='bbox 2337 5502 2546 5574; x_wconf 88' lang='lat' dir='ltr'><strong>legione</strong></span> <span class='ocrx_word' id='word_1_763' title='bbox 2572 5517 2726 5558; x_wconf 89' lang='lat' dir='ltr'><strong>sacra</strong></span> <span class='ocrx_word' id='word_1_764' title='bbox 2752 5497 3090 5554; x_wconf 89' lang='lat' dir='ltr'><strong>Thebeorum</strong></span> <span class='ocrx_word' id='word_1_765' title='bbox 3120 5509 3341 5550; x_wconf 89' lang='lat' dir='ltr'><strong>numero</strong></span> <span class='ocrx_word' id='word_1_766' title='bbox 3363 5493 3519 5563; x_wconf 86' lang='lat' dir='ltr'><strong>quin-</strong></span> 
     </span>
    </p>
   </div>
   <div class='ocr_carea' id='block_1_119' title="bbox 1970 5582 3520 5667">
    <p class='ocr_par' dir='ltr' id='par_1_119' title="bbox 1970 5582 3520 5667">
     <span class='ocr_line' id='line_1_119' title="bbox 1970 5582 3520 5667; baseline -0.01 -17"><span class='ocrx_word' id='word_1_767' title='bbox 1970 5658 1973 5663; x_wconf 33' lang='grc' dir='ltr'><strong>η</strong></span> <span class='ocrx_word' id='word_1_768' title='bbox 2009 5582 2264 5667; x_wconf 81' lang='lat' dir='ltr'><strong>quaginta</strong></span> <span class='ocrx_word' id='word_1_769' title='bbox 2298 5594 2351 5649; x_wconf 90' lang='lat' dir='ltr'><strong>in</strong></span> <span class='ocrx_word' id='word_1_770' title='bbox 2380 5594 2602 5649; x_wconf 89' lang='lat' dir='ltr'><strong>basilica</strong></span> <span class='ocrx_word' id='word_1_771' title='bbox 2643 5589 2977 5647; x_wconf 87' lang='lat' dir='ltr'><strong>conditorem</strong></span> <span class='ocrx_word' id='word_1_772' title='bbox 3025 5602 3090 5642; x_wconf 79' lang='lat' dir='ltr'><strong>ex</strong></span> <span class='ocrx_word' id='word_1_773' title='bbox 3134 5584 3353 5661; x_wconf 16' lang='lat' dir='ltr'><strong>musivo‘</strong></span> <span class='ocrx_word' id='word_1_774' title='bbox 3386 5596 3520 5652; x_wconf 85' lang='lat' dir='ltr'><strong>quo-</strong></span> 
     </span>
    </p>
   </div>
   <div class='ocr_carea' id='block_1_120' title="bbox 2016 5674 3515 5750">
    <p class='ocr_par' dir='ltr' id='par_1_120' title="bbox 2016 5674 3515 5750">
     <span class='ocr_line' id='line_1_120' title="bbox 2016 5674 3515 5750; baseline -0.012 -6"><span class='ocrx_word' id='word_1_775' title='bbox 2016 5687 2303 5745; x_wconf 86' lang='lat' dir='ltr'><strong>dammodo</strong></span> <span class='ocrx_word' id='word_1_776' title='bbox 2316 5674 2592 5750; x_wconf 85' lang='lat' dir='ltr'><strong>deaurato,</strong></span> <span class='ocrx_word' id='word_1_777' title='bbox 2619 5682 2760 5740; x_wconf 89' lang='lat' dir='ltr'><strong>unde</strong></span> <span class='ocrx_word' id='word_1_778' title='bbox 2781 5692 2833 5739; x_wconf 89' lang='lat' dir='ltr'><strong>et</strong></span> <span class='ocrx_word' id='word_1_779' title='bbox 2857 5680 3029 5739; x_wconf 89' lang='lat' dir='ltr'><strong>sancti</strong></span> <span class='ocrx_word' id='word_1_780' title='bbox 3050 5677 3211 5735; x_wconf 85' lang='lat' dir='ltr'><strong>Aurel</strong></span> <span class='ocrx_word' id='word_1_781' title='bbox 3234 5687 3515 5732; x_wconf 77' lang='lat' dir='ltr'><strong>vocantur.</strong></span> 
     </span>
    </p>
   </div>
  </div>
