3992 6304
255 323 396 382 1249

1455 319 1947 376 MARTYBOLOG.
1991 321 2372 379 ANTISSIOD.

3354 333 3377 387 1
3389 330 3493 388 250

322 445 579 510 paretur;
610 435 799 491 tertius
828 442 886 490 ut
908 433 1202 489 luminibus
1229 433 1543 497 orbaretur;
1575 432 1718 502 quod
1745 432 1820 484 ita
1848 437 1890 493 Α
1993 433 2090 486 sub
2112 431 2428 487 Sarracenis
2459 435 2599 503 passi
2631 435 2897 506 leguntur.
2929 438 3163 495 Redonis
3187 440 3242 497 S.
3277 442 3493 499 Melanii

324 529 553 598 singulis
581 527 766 582 statim
806 535 928 596 post
951 524 1248 594 perjurium
1276 523 1493 578 accidit.
1523 522 1678 594 Apnd
1702 521 1825 576 Sin-

1995 521 2228 592 episcopi
2253 530 2314 578 et
2342 523 2687 580 confessoris.

323 620 517 674 donem
561 618 748 672 urbem
775 615 952 670 natale
1001 614 1059 669 S.
1089 614 1248 670 Zebei
1277 614 1573 684 presbyteri
1601 623 1654 669 et
1685 627 1827 666 mare
1927 608 2014 663 Vll
2075 612 2200 667 ldus
2258 611 2595 669 Novembris.
2667 616 2822 684 Apud
2896 617 3270 674 Alexandriam
3354 619 3494 675 beati

326 718 376 762 tv
387 708 484 762 ris.

248 724 484 852 llllli'dl:
527 794 865 850 Novembris.
919 793 1150 849 Civitate
1194 791 1478 861 Tingitana
1543 789 1724 858 passio
1763 787 1820 844 S.

323 886 561 951 Marcelli
611 884 961 940 centurionis.
1003 883 1156 952 Apud
1208 883 1445 936 Africam
1474 879 1574 935 SS.
1618 889 1824 950 marty-

323 989 445 1027 rum
477 989 702 1026 nutnero
730 987 888 1026 ccxx.
917 971 1073 1040 Apud
1107 971 1449 1025 Antiochiam
1478 970 1620 1024 beati
1656 969 1822 1024 Sera-

322 1063 503 1133 pionis
536 1064 769 1132 episcopi
794 1071 848 1117 et
878 1062 1220 1117 confessoris.

396 1153 536 1209 Obiit
559 1155 795 1209 Andreas
819 1155 1104 1226 presbyter,
1125 1154 1213 1225 qui
1241 1154 1379 1207 dedit
1414 1152 1650 1208 masinile
1670 1169 1824 1207 suum

319 1244 572 1312 fratribus
623 1262 739 1298 cum
786 1247 933 1298 vinea
963 1245 1272 1298 .adhwrente
1310 1247 1362 1298 in
1398 1245 1520 1298 villa
1565 1243 1821 1310 Ferreoli,

318 1333 560 1386 similiter
602 1333 658 1386 in
700 1333 822 1387 villa
870 1331 1317 1399 Garricas.ltem,
1359 1334 1482 1388 obiit
1522 1333 1822 1388 Bel-nardus

318 1423 606 1491 presbyter,
654 1423 743 1492 qui
771 1423 912 1476 dedit
959 1422 1197 1478 masinile
1223 1439 1377 1477 suum
1417 1425 1667 1493 fratribus
1704 1440 1823 1478 cum

317 1512 468 1565 horto
499 1523 546 1565 et
578 1515 725 1566 vinea
755 1514 808 1566 in
839 1513 960 1567 villa
996 1513 1290 1568 l'endonsa.

239 1597 427 1653 Pridie
457 1599 727 1654 Kalendas
755 1600 1094 1655 Novembris.
1126 1601 1312 1658 Romae
1353 1602 1414 1656 Β.
1448 1601 1680 1659 Nemesii
1710 1605 1823 1674 dia-

317 1693 439 1748 coni
467 1703 521 1748 et
549 1695 826 1764 martyris,
867 1704 922 1748 et
950 1695 1168 1750 Lucillae
1194 1696 1316 1750 ﬁlia:
1347 1697 1484 1766 ejus,
1509 1697 1599 1768 qui
1628 1705 1820 1752 octavo

1996 703 2234 757 Achillaei
2291 705 2527 773 episcopi
2583 704 2685 760 viri
2722 705 2835 762 Dei.
2889 709 3042 777 Apud
3093 709 3494 779 Alhiginensem

1996 793 2181 845 urbem
2221 792 2396 845 natale
2432 792 2488 846 S.
2526 794 2805 848 Amaranti
2839 797 3112 865 martyris.
3146 797 3296 866 Apud
3330 796 3498 854 Pern-

1994 882 2165 936 sinam
2196 883 2381 936 urbem
2408 881 2571 936 Italia:
2597 884 2774 939 natale
2817 886 2987 939 sanrti
3033 886 3334 942 Ilerenliani
3381 889 3497 958 epi-

1993 971 2140 1039 scopi
2163 980 2218 1025 ct
2247 971 2501 1042 martyris
2525 1012 2539 1037 ,
2575 970 2727 1041 cujus
2757 989 2950 1042 corpus
2984 983 3104 1043 post
3135 974 3496 1030 abscisionem

1994 1062 2185 1130 capitis
2250 1062 2326 1116 ita
2372 1064 2580 1116 unitum
2630 1063 2715 1117 die
2764 1064 3175 1135 quadragesimo
3225 1077 3497 1135 repertum

1993 1161 2097 1215 est,
2128 1163 2187 1205 ut
2220 1152 2469 1206 meminit
2513 1167 2648 1222 papa
2678 1151 2988 1221 Gregorius,
3036 1169 3099 1207 ac
3133 1156 3176 1208 si
3209 1155 3311 1209 hoc
3351 1156 3497 1209 nulla

1993 1229 2185 1294 incisio
2231 1239 2358 1293 ferri
2389 1240 2670 1310 tetigisset.
2717 1241 2770 1293 ln
2816 1240 2987 1295 Frisia
3033 1242 3208 1297 natale
3237 1243 3293 1298 8.
3325 1242 3502 1298 Willi-

1992 1329 2174 1383 hrordi
2218 1329 2488 1399 episcopi,
2523 1329 2674 1399 cujus
2728 1341 2880 1384 actus
2922 1328 3063 1384 Beda
3111 1333 3393 1403 presbyter
3441 1335 3494 1388 in

1992 1419 2158 1488 gestis
2189 1419 2478 1488 Anglorum
2511 1418 2791 1473 describit.

2064 1506 2203 1561 Obiit
2231 1507 2525 1562 Teodaldus
2539 1509 2780 1578 juvenis,
2811 1511 2900 1580 qui
2925 1510 3066 1564 dedit
3087 1520 3285 1581 partem
3325 1523 3506 1581 patro-

1992 1598 2115 1652 cinii
2137 1601 2218 1652 sui
2258 1610 2304 1653 et
2349 1600 2653 1653 hereditatis
2678 1618 2788 1654 sua:
2829 1603 3095 1656 canonicis
3136 1602 3194 1657 S.
3231 1601 3501 1673 Stephani,

1989 1698 2198 1757 propter
2217 1706 2444 1742 amorem
2469 1691 2654 1759 patriae
2691 1691 2907 1745 caelestis
2936 1702 2982 1745 et
3013 1694 3365 1747 remissionem
3386 1711 3504 1763 pec-

318 1783 437 1837 Kal,
489 1782 820 1852 Septembris
851 1785 1170 1848 decollams,
1202 1786 1376 1854 pridie
1422 1787 1537 1841 Kal,
1589 1787 1818 1842 Novem-
1851 1781 1894 1840 Β
1990 1788 2225 1832 catorum
2259 1797 2491 1833 suorum.
2530 1779 2659 1834 Sita:
2684 1792 2802 1835 sunt
2824 1792 2996 1835 autem
3027 1783 3152 1850 ipsa:
3195 1785 3352 1837 resin
3378 1785 3503 1836 rilla

315 1875 432 1929 bris
470 1873 762 1929 honorifice
802 1875 1091 1930 translatus
1129 1883 1232 1930 est.
1279 1874 1338 1928 ln
1377 1875 1561 1930 Galliis
1603 1877 1817 1930 territu-

255 1986 261 1992 ·
314 1965 401 2020 rio
429 1964 803 2020 Virmandensi
837 1965 893 2020 S.
933 1965 1171 2032 Quintini
1205 1967 1480 2039 martyris.

389 2057 588 2112 Eodem
615 2058 700 2111 die
728 2058 853 2111 obiit
886 2057 1136 2115 Robertus
1167 2059 1498 2128 pra’positus,
1541 2060 1631 2128 qui
1673 2058 1815 2114 dedit

319 2147 577 2216 fratribus
630 2148 805 2202 vineas
827 2164 991 2214 suas,
1042 2158 1096 2202 ut
1161 2149 1381 2219 singulis
1441 2150 1592 2204 annis
1631 2151 1686 2204 in
1732 2150 1816 2204 die

312 2236 486 2290 obitus
553 2236 637 2291 sui
706 2238 996 2292 communis
1062 2238 1275 2310 refectio
1339 2240 1604 2294 canonicis
1670 2239 1815 2293 exhi-

314 2331 516 2386 beatur.

829 2461 1225 2519 NOVEMBER.

240 2593 510 2651 Kalendas
537 2595 874 2654 Novembris.
897 2599 1187 2655 Festivitas
1213 2597 1462 2655 Omnium
1479 2607 1812 2654 sanctorum.

312 2684 540 2741 Diviono
583 2696 760 2741 castro
797 2688 976 2743 natale
1024 2688 1196 2744 sancti
1236 2688 1459 2758 Benigni
1513 2688 1814 2758 presbyteri

313 2781 368 2830 et
405 2775 676 2846 martyris.
707 2776 907 2831 Eodem
937 2778 1024 2833 die
1047 2779 1226 2832 natale
1256 2777 1353 2833 SS.
1385 2788 1682 2849 martyrum
1703 2777 1818 2834 Cae-

311 2866 440 2920 sarii
467 2867 678 2921 diaconi
698 2875 752 2923 et
771 2867 968 2922 Juliani
991 2870 1314 2939 presbyteri.
1337 2869 1575 2924 Parisius
1601 2869 1659 2921 8.
1684 2869 1820 2922 Mar-

311 2954 430 3009 celli
475 2956 708 3025 episcopi
757 2967 810 3011 et
840 2957 1182 3012 confessoris.
1235 2958 1355 3028 ipso
1403 2959 1490 3013 die
1541 2959 1718 3012 natale
1754 2957 1812 3013 S.

313 3037 559 3095 Severini
591 3042 838 3096 monachi
878 3042 944 3097 de
971 3042 1266 3113 Tyburtina
1305 3043 1544 3099 civitate.
1594 3044 1663 3098 Et
1689 3043 1814 3098 alibi

310 3129 489 3184 natale
533 3129 588 3184 8.
641 3130 824 3186 Maria:
873 3111 1095 3204 virginis
1145 3140 1198 3187 et
1247 3133 1520 3204 martyris.
1566 3132 1625 3188 In
1657 3132 1814 3188 terri-
1842 3111 1888 3173 (ἶ

309 3220 453 3274 turio
489 3220 727 3276 Biturico
775 3223 992 3277 nomine
1026 3222 1190 3280 Dolus
1220 3222 1276 3279 S.
1329 3223 1554 3280 Lusoris
1596 3221 1812 3280 confes-

309 3326 470 3366 SOI‘IS.

235 3401 304 3456 IV
353 3401 532 3458 Nonas
580 3401 918 3458 Novembris.
979 3404 1164 3459 Roma:
1211 3407 1393 3474 passio
1445 3405 1503 3460 8.
1535 3405 1810 3461 Eustachii

309 3509 430 3547 cum
463 3510 628 3549 uxore
675 3504 732 3550 et
756 3496 964 3551 duobus
1011 3497 1150 3550 ﬁliis.
1185 3497 1383 3552 Eodem
1410 3498 1496 3553 die
1524 3497 1704 3552 natale
1750 3497 1809 3551 8.

308 3581 571 3636 Victorini
621 3585 876 3655 martyris
925 3585 1348 3641 Pictabionensis
1374 3587 1632 3656 episcopi.
1679 3585 1814 3642 Leo-

307 3671 447 3728 dicia
475 3673 537 3728 B.
570 3673 828 3729 Theodoti
859 3676 1092 3746 episcopi
1124 3678 1311 3747 optimi
1339 3679 1460 3732 viri.
1487 3677 1813 3734 Monasterio

304 3763 646 3834 Augaunensi
680 3766 856 3821 natale
886 3766 944 3821 S.
975 3767 1246 3823 Ambrosii
1274 3770 1503 3824 abbatis.

233 3850 302 3930 Ill
357 3853 540 3910 Nonas
561 3855 895 3912 Novembris.
923 3855 1112 3913 Natale
1137 3856 1193 3913 S.
1225 3858 1412 3925 Quarti
1447 3857 1808 3926 apostolorum

309 3943 580 4012 discipuli.
632 3944 790 4014 Apud
857 3944 1158 4001 Caesaream
1222 3947 1573 4017 Cappadocia:
1633 3946 1811 4002 natale

308 4040 618 4087 sanctorum
642 4044 936 4104 martyrum
960 4035 1236 4102 Germani,
1261 4035 1562 4108 Theophili,
1589 4025 1809 4094 Caesarii

307 4131 364 4176 et
401 4119 618 4178 Vitalis.
667 4123 723 4178 ln
752 4140 888 4194 pago
914 4123 1214 4181 Vilcassino
1256 4125 1312 4181 S.
1340 4128 1483 4183 Clari
1511 4129 1810 4204 presbyteri

307 4221 362 4266 et
398 4213 672 4284 martyris.

233 4300 297 4354 ll.
338 4298 518 4356 Nonas
553 4301 889 4359 Novembris.
942 4305 1100 4376 Apud
1148 4305 1530 4365 Alexandriam
1557 4309 1620 4365 Β.
1662 4312 1808 4368 lterii

233 4437 238 4442 .
305 4391 606 4462 presbyteri
635 4396 868 4450 hominis
897 4397 1009 4453 Dei.
1035 4397 1092 4452 ln
1123 4400 1399 4456 territurio
1422 4402 1804 4474 Rotomagensi

309 4483 367 4540 S.
423 4485 660 4541 Amantii
720 4489 956 4560 episcopi
1032 4499 1088 4546 et
1138 4490 1488 4547 confessoris.
1545 4494 1806 4565 Augusti-

310 4572 450 4631 Juno
492 4576 674 4632 natale
718 4580 889 4634 sancti
941 4579 1175 4636 Patrocli
1219 4582 1457 4653 episcopi
1503 4591 1558 4637 et
1599 4583 1808 4640 confes-

272 4710 274 4712 τ
310 4678 470 4718 801⁵18.

233 4821 235 4824 ⁴
371 4750 575 4808 Eodem
620 4758 704 4811 die
746 4757 902 4830 Hugo
945 4759 1100 4815 decus
1141 4761 1444 4832 pontificum
1486 4764 1653 4817 emisit
1699 4747 1809 4833 spio

305 4844 486 4898 ritum.

232 4930 411 4988 Nonas
438 4933 774 4991 Novembris.
805 4937 994 4993 Obitus
1018 4939 1292 4996 Zacharia:
1317 4943 1593 5013 propheta:
1629 4943 1801 5013 patris

297 5021 563 5079 Johannis
588 5025 860 5096 Baptistae.
900 5027 956 5083 In
1005 5029 1293 5084 Terracina
1329 5034 1543 5106 civitate
1574 5033 1800 5104 Campa-

302 5114 405 5170 nia:
454 5116 632 5170 natale
680 5117 780 5171 SS.
817 5128 1116 5190 martyrum
1163 5121 1358 5176 Felicis
1405 5124 1704 5197 presbyteri
1746 5133 1803 5180 et

303 5205 518 5261 Eusebii
556 5208 828 5263 monachi.
857 5210 1040 5281 Capua
1069 5212 1288 5268 civitate
1317 5214 1494 5268 natale
1526 5214 1584 5270 S.
1612 5215 1800 5283 Quarti

300 5297 645 5353 confessoris.
972 5365 976 5370 ,

231 5385 342 5442 Vlll
399 5388 520 5444 ldus
575 5389 915 5456 Novembris.
970 5392 1170 5447 Toniza
1239 5393 1437 5450 Africa:
1510 5395 1689 5451 natale
1735 5395 1795 5451 S.

301 5471 696 5550 Felicis,,cujus
738 5481 1051 5552 martyrium
1098 5481 1157 5536 Β.
1188 5481 1519 5554 Augustinus
1561 5485 1614 5538 in
1661 5499 1798 5554 quo-

265 5643 267 5645 .
301 5566 424 5621 dam
459 5569 664 5638 psalmo
695 5570 1016 5626 mirabiliter
1055 5573 1294 5643 exponit.
1324 5572 1382 5627 In
1413 5572 1633 5630 Oriente
1661 5574 1798 5629 civi-

306 5663 412 5714 tate
451 5657 707 5731 Tbeopoli
753 5672 1064 5718 sanctorum
1109 5663 1294 5718 decem
1345 5671 1660 5734 martyrum,
1703 5664 1798 5740 qui

1986 1884 2102 1938 qua:
2127 1868 2322 1921 dicitur
2352 1867 2657 1936 Cormedus,
2707 1887 2824 1924 cum
2870 1871 3068 1941 capella
3115 1882 3162 1926 et
3203 1875 3311 1926 suis
3346 1873 3503 1940 adja-

1985 1959 2183 2020 centiis,
2238 1961 2534 2028 mancipiis,
2585 1961 2764 2027 uineis,
2807 1964 3004 2032 campis
3051 1973 3097 2016 et
3130 1963 3388 2030 domibus,
3434 1965 3503 2017 ad

1982 2050 2064 2102 sui
2096 2050 2401 2102 memoriam
2432 2049 2782 2105 recolendam.
3015 2111 3017 2113 ,
3039 2111 3041 2114 8

1914 2141 1978 2195 Vl
2030 2140 2151 2196 ldus
2214 2139 2551 2198 Novembris.
2610 2143 2791 2198 Roma:
2857 2142 3034 2198 natale
3103 2161 3137 2198 ν
3199 2158 3496 2218 martyrum

1984 2227 2212 2298 Claudii,
2246 2232 2555 2297 Nicostrati,
2591 2234 2991 2304 Symphoriani,
3018 2235 3248 2292 Castorii
3277 2247 3331 2292 et
3360 2239 3505 2293 Sim-

1984 2321 2152 2392 plicii.
2210 2322 2329 2392 lpso
2373 2322 2459 2376 die
2480 2322 2634 2390 juxta
2675 2339 2899 2392 corpora
2949 2340 3136 2379 eorum
3175 2326 3353 2380 natale
3382 2342 3504 2381 san-

1985 2423 2200 2468 ctorum
2229 2424 2462 2484 quatuor
2506 2425 2888 2471 coronatorum
2939 2414 3160 2484 Severi,
3200 2417 3500 2483 Severiani,

1985 2503 2318 2573 Carpophori
2344 2513 2398 2556 et
2426 2503 2708 2557 Victorini.

2057 2590 2196 2645 Obiit
2226 2591 2508 2644 Hunencus
2535 2592 2778 2646 sacerdos
2798 2602 2846 2646 et
2871 2593 3100 2649 decanus
3129 2596 3297 2650 sancti
3332 2596 3506 2650 Mam-

1986 2665 2157 2735 metis.

1919 2769 1962 2823 V
2019 2771 2144 2824 ldus
2196 2769 2532 2824 Novembris.
2592 2769 2782 2826 Natale
2829 2772 2886 2826 S.
2948 2771 3214 2829 Theodori
3247 2774 3502 2846 martyris

1988 2859 2214 2913 diversis
2240 2861 2522 2914 tormentis
2540 2861 2806 2915 coronati.
2835 2861 2987 2930 Apud
3015 2862 3279 2918 Bituricas
3308 2861 3366 2917 S.
3399 2861 3498 2916 Ur-

1989 2950 2140 3004 sicini
2169 2949 2402 3018 episcOpi
2435 2959 2489 3003 et
2519 2949 2848 3006 confessoris
2879 2950 3066 3020 (altera
3096 2969 3254 3006 manu
3288 2971 3300 3005 :
3331 2951 3388 3005 ln
3405 2949 3501 3020 Sy-

1989 3042 2069 3094 ria
2104 3036 2321 3094 civitate
2344 3040 2564 3094 Beritho
2585 3040 2766 3107 passio
2793 3051 2994 3094 sancta:
3021 3050 3074 3094 et
3100 3041 3348 3111 gloriosae
3370 3039 3502 3093 ima-

1989 3131 2126 3201 ginis
2149 3129 2359 3184 Domini
2386 3129 2728 3200 Salvatoris).
3326 3143 3328 3146 '

2053 3220 2194 3275 Obiit
2220 3221 2509 3274 Ademarus
2536 3222 2784 3276 sacerdos
2824 3231 2871 3275 et
2901 3224 3234 3292 pra'positus.

1909 3309 1975 3366 IV
2007 3311 2130 3367 ldus
2149 3310 2482 3367 Novembris.
2518 3311 2571 3364 in
2613 3313 2885 3367 territurio
2933 3313 3228 3385 Agathensi
3275 3315 3327 3370 in
3359 3317 3490 3373 Ces-

1981 3401 2197 3456 sarione
2224 3401 2403 3454 natale
2429 3408 2737 3456 sanctorum
2773 3411 3073 3472 martyrum
3105 3401 3349 3473 Tyberii,
3383 3405 3498 3461 Mo-

1981 3489 2118 3544 desti
2168 3500 2224 3544 et
2251 3491 2556 3545 Florentia).
2607 3491 2762 3560 Apud
2797 3493 3144 3548 Antiochiam
3192 3496 3372 3550 natale
3396 3497 3498 3558 SS".

1979 3578 2237 3633 Demetrii
2297 3580 2558 3650 episcopi,
2613 3581 2807 3636 Aniani
2862 3583 3107 3648 diaconi,
3158 3584 3395 3640 Eustasii
3444 3600 3501 3643 et

1981 3668 2208 3723 aliorum
2254 3686 2346 3725 xx.
2400 3671 2708 3726 Aurelianis
2760 3669 2817 3729 S.
2857 3673 3139 3730 Monitoris
3185 3677 3420 3748 episcopi
3446 3687 3503 3734 et

1980 3748 2326 3818 confessoris.
2374 3763 2576 3820 Eodem
2617 3765 2702 3822 die
2729 3766 2911 3822 natale
2939 3766 2996 3824 S.
3029 3767 3242 3824 Martini
3273 3785 3422 3841 papae
3445 3778 3501 3830 ct

1983 3850 2252 3920 martyris.
2946 3863 2950 3866 '

1909 3937 1972 3992 lll
2003 3939 2127 3994 ldus
2176 3939 2513 3999 Novembris.
2564 3945 2619 3999 In
2649 3946 2833 4002 Galliis
2860 3948 3078 4004 civitate
3124 3938 3358 4004 Turonis
3392 3953 3494 4003 na-

1983 4030 2089 4086 tale
2119 4031 2176 4086 S.
2213 4032 2429 4088 Martini
2467 4037 2702 4108 episc0pi
2734 4045 2785 4093 et
2819 4041 3165 4106 confessoris,
3199 4043 3354 4110 cujus
3383 4043 3504 4111 εἰσ-ι

1981 4121 2112 4176 riosi
2143 4131 2296 4178 actus
2323 4123 2480 4196 longe
2507 4126 2718 4197 lateque
2745 4129 2996 4200 divulgati
3039 4140 3244 4185 extant.
3275 4132 3329 4186 In
3360 4132 3497 4203 Scy-

1979 4211 2051 4265 tia
2091 4213 2426 4284 metrepolim
2463 4214 2658 4283 ἱππ-ἰδίω
2680 4217 2966 4272 Salutariae
2997 4221 3176 4288 passio
3199 4221 3256 4274 8.
3290 4221 3500 4277 Μθηηίθ

1977 4304 2143 4356 variis
2175 4306 2460 4361 tormentis
2501 4308 2764 4362 coronati.
2802 4307 3066 4379 Lugduno
3088 4311 3272 4379 passio
3305 4309 3364 4367 S.
3393 4309 3500 4366 Ve-

1980 4391 2098 4444 rani
2125 4393 2382 4462 episcopi.
3476 4405 3481 4414 ‘

2051 4478 2190 4534 Obiit
2221 4481 2516 4551 Stephanus
2548 4483 2920 4539 Cabillonensis
2950 4487 3218 4555 episcopus

1908 4565 2088 4622 Pridie
2142 4567 2266 4623 ldus
2318 4571 2582 4626 Novemb.
2619 4573 2776 4640 Apud
2823 4573 3062 4628 Africam
3103 4590 3497 4634 commemora-

1983 4660 2055 4713 tio
2085 4659 2184 4714 SS.
2234 4672 2529 4732 martyrum
2579 4662 2829 4724 Arcadii,
2878 4663 3176 4730 Pasehasii,
3211 4665 3393 4733 Probi,
3439 4677 3497 4729 ct

1977 4751 2323 4818 Eutichiani,
2374 4752 2687 4822 et__Paulilli
2736 4755 2906 4822 pueri.
2954 4757 3107 4826 Apud
3153 4760 3494 4828 provinciam

1938 4899 1942 4905 ,
1981 4846 2442 4904 Tarraconensem
2468 4887 2483 4909 .
2527 4847 2746 4902 civitate
2789 4847 3094 4918 Tyrassona
3125 4851 3186 4908 Β.
3235 4852 3492 4914 Emiliani

1973 4939 2270 5009 presbyteri
2309 4948 2364 4993 et
2393 4938 2743 4994 confessoris.

2045 5028 2182 5083 Obiit
2205 5028 2561 5098 lngelboldus,
2584 5031 2673 5100 qui
2700 5029 2847 5086 villas
2879 5030 2937 5087 S.
2978 5032 3235 5102 Stephani
3264 5033 3488 5088 Crenen-

1973 5138 2117 5187 num,
2165 5120 2448 5176 Acolacum
2485 5132 2532 5176 et
2589 5121 2996 5178 Villam-noram
3040 5124 3393 5194 retediﬁcaoit,
3441 5135 3487 5178 et

1971 5212 2040 5267 ad
2065 5213 2244 5267 domos
2274 5211 2502 5282 fratrum
2537 5215 2915 5285 consponendas
2935 5215 3244 5285 quingentos
3282 5213 3478 5273 solidas

1974 5303 2038 5358 de
2061 5319 2158 5357 suo
2193 5304 2424 5360 donavit.
2617 5364 2623 5370 ,

1902 5393 2025 5449 ldus
2049 5391 2382 5449 Novembris.
2413 5394 2683 5452 Ravennae
2711 5394 2888 5450 natale
2919 5403 3232 5452 sanctorum
3275 5395 3484 5466 mar‘ty«

1975 5495 2091 5533 rum
2119 5479 2409 5544 Valentini,
2447 5481 2732 5550 Solutoris,
2764 5483 3016 5539 Victoris.
3039 5485 3196 5557 Apud
3234 5484 3482 5541 Toletum

1972 5567 2161 5624 urbem
2201 5571 2465 5642 depositio
2502 5570 2563 5624 Β.
2593 5572 2814 5643 Ευκοιιίἱ
2843 5575 3101 5648 episcopi.
3133 5575 3364 5630 Turonis
3388 5588 3486 5629 ιη’

1974 5660 2082 5719 tale
2111 5661 2172 5724 S.
2203 5661 2394 5725 Briccﬁ
2441 5662 2679 5740 ορξηορί
2727 5672 2782 5722 et
2825 5667 3172 5727 confessoris.
3219 5663 3484 5725 Autissio-
