3992 5350
552 212 682 273 125i

1359 214 1648 271 APPEND.
1687 214 1786 287 AD.
1817 212 1988 271 sae.
2026 212 2089 268 χ.
2130 172 2201 253 -ζ
2231 193 2663 270 MONUMENTA
2698 192 2976 269 urnae.

3668 212 3801 271 1252

619 332 751 387 dero
802 329 1050 400 exceptio
1102 326 1343 398 corporis
1377 328 1438 383 S.
1482 327 1773 383 Alexandri
1820 337 1875 383 et
1911 327 1969 383 S.
1996 328 2126 398 Cry-
2155 339 2203 396 Α
2297 332 2427 385 duos
2458 330 2690 386 homines
2728 327 2867 401 apud
2915 312 3232 385 cruminam
3279 347 3401 385 eum
3452 332 3715 388 mribus
3752 345 3798 390 et

619 422 761 479 santi
792 421 1066 490 martyris.
1116 417 1359 473 Senones
1381 417 1594 471 Paterni
1621 419 1896 486 martyris.

2232 420 2235 425 ’
2290 421 2416 492 ﬁliis
2449 424 2579 476 suis.

690 510 830 566 Obiit
875 510 1126 579 Aldttlfus
1170 504 1473 578 episcopus,
1521 507 1610 577 qui
1650 506 1873 560 instituit
1914 507 2013 559 hac
2042 505 2125 559 die
2222 513 2292 569 XI
2345 513 2611 570 Kalendas
2651 508 2980 571 Decembris,
3006 515 3193 571 Natale
3222 516 3523 573 beatissimi
3557 517 3703 579 Ruﬁ,
3734 520 3799 575 de

615 602 681 655 de
708 617 803 654 suo
832 597 1087 667 hospitale
1109 598 1360 667 fratribus
1384 598 1715 666 refectionem
1753 596 2061 665 praeparari.

549 690 711 746 XVIII
751 690 1017 744 Kalendas
1062 688 1389 742 Decembris.
1421 687 1576 756 Apud
1603 685 1886 741 Trachiam
1911 675 2123 739 civitate

615 781 875 836 Heraclea
906 780 1084 834 natale
1118 791 1428 834 sanctorum
1458 787 1753 850 martyrum
1781 776 2118 839 Clementini,

613 871 898 937 Theodoti,
954 870 1264 926 Philomini.
1329 871 1484 941 Apud
1542 870 1923 924 Alexandriam
1982 869 2120 923 beati

615 962 930 1031 Serapionis
983 961 1271 1015 clarissimi
1305 961 1581 1031 martyris.
1610 1016 1613 1019 λ
1643 958 1702 1013 In
1756 957 2007 1013 Laodicia
2059 956 2116 1010 8.

611 1054 885 1108 Anatholii
914 1053 1170 1124 episcopi.

720 1145 861 1199 Obiit
905 1142 1052 1215 Velfo
1092 1144 1246 1198 abba.

541 1234 681 1288 XVII
713 1230 834 1288 Kal.
894 1233 1225 1289 Decembris.
1268 1231 1458 1287 Natale
1504 1230 1561 1286 S.
1590 1230 1785 1286 Felicis
1806 1229 2039 1300 episcopi
2068 1239 2120 1283 et

538 1393 545 1401 υ
612 1326 866 1396 martyris
897 1339 1020 1379 cum
1049 1324 1169 1378 aliis
1224 1339 1333 1377 xxx
1377 1320 1535 1377 simul
1586 1321 1970 1391 martyrizatis.
2001 1320 2120 1389 Ipso

610 1420 698 1474 die
728 1419 785 1474 S.
842 1420 1090 1489 Eugcnii,
1148 1419 1237 1488 qui
1269 1418 1409 1489 apud
1456 1432 1649 1488 pagum
1696 1416 2118 1470 Parisiacensem

600 1508 986 1565 consummato
1011 1510 1257 1581 martyrii
1285 1524 1447 1564 cursu
1483 1509 1653 1564 beatae
1678 1508 1944 1578 passionis
1965 1523 2120 1563 coro-

607 1616 729 1656 nam
768 1601 1009 1672 percepit
1033 1617 1061 1655 a
1095 1600 1345 1657 Domino.

2296 619 2402 674 quo
2421 605 2691 674 apostolus
2717 604 2912 661 Paulus
2949 607 3015 660 ad
3057 606 3327 663 Romanos
3369 608 3606 663 scribit:
3636 607 3796 663 Salu-

2294 701 2399 747 tate
2427 692 2620 763 Rufum
2654 693 2869 749 electum
2904 706 2953 750 et
2995 706 3209 751 matrem
3238 697 3351 766 ejus
3392 708 3441 751 et
3482 714 3679 752 meam.
3738 698 3795 754 In

2288 781 2572 839 Antiochia
2617 794 2924 843 sanctorum
2950 785 3151 852 Basilii,
3182 796 3237 843 et
3281 788 3485 843 Auxilii
3510 799 3570 845 et
3608 790 3797 860 Zephi~

2291 888 2418 928 ῙῚΙΙΙ.

2362 962 2501 1018 Obiit
2538 963 2790 1030 Oturdus,
2821 968 2909 1034 qui
2951 966 3090 1020 dedit
3134 967 3384 1035 fratribus
3410 980 3633 1040 propter
3654 988 3799 1027 ana-

2291 1066 2396 1107 rem
2431 1053 2522 1108 Dei
2566 1064 2614 1107 et
2671 1055 3024 1109 remissionem
3072 1068 3400 1125 peccatorum
3460 1077 3685 1114 suorum
3722 1077 3795 1115 res

2290 1143 2510 1212 optimas
2538 1146 2869 1215 proprietatis
2906 1163 3018 1200 suae
3044 1147 3100 1201 in
3121 1149 3384 1201 comitatu
3430 1148 3795 1216 Tornatrensi,

2292 1236 2345 1286 in
2369 1233 2488 1287 villa
2510 1250 2626 1305 qua:
2654 1235 2847 1289 dicitur
2880 1235 3140 1291 Malorum
3166 1279 3179 1301 ,
3206 1249 3253 1292 et
3288 1239 3343 1292 in
3365 1240 3795 1309 circumjaceati-

2292 1324 2385 1377 bus
2414 1323 2560 1390 locis,
2618 1338 2735 1377 cum
2782 1326 3130 1393 masinilibus,
3166 1330 3606 1399 vineis,‘campis
3635 1340 3685 1384 et
3708 1332 3796 1385 do-

2289 1415 2476 1469 mibtts.

2218 1504 2268 1560 Χ
2301 1505 2575 1563 Kalendas.
2600 1506 2935 1565 Novembris.
2999 1511 3184 1567 Romae
3221 1512 3280 1568 S.
3306 1513 3526 1570 Ceciliae
3567 1516 3795 1587 virginis

2291 1603 2347 1649 et
2378 1597 2655 1667 martyris.
2708 1598 2861 1664 item,
2910 1599 3094 1655 Roma:
3122 1603 3297 1657 sancti
3318 1602 3489 1659 Mauri
3515 1606 3793 1674 martyris.

678 1689 817 1744 Obiit
875 1688 1200 1744 Waltlierius
1265 1687 1531 1746 Senonum
1591 1684 2029 1758 archiepiscopus,
2066 1699 2111 1741 et
2152 1685 2194 1744 Β
2288 1689 2345 1745 In
2376 1689 2620 1745 Cresarea
2651 1693 2827 1748 natale
2872 1693 2930 1748 8.
2961 1694 3187 1765 Longini
3216 1697 3401 1753 militis
3427 1707 3486 1754 et
3514 1700 3794 1770 martyris,

608 1781 898 1835 Gratianus
921 1781 1076 1835 abba.

539 1867 654 1923 XVI
707 1866 974 1923 Kalendas
1001 1868 1327 1923 Decembris.
1366 1866 1621 1939 Lugduno
1643 1867 1827 1923 Gallia:
1853 1867 2027 1921 natale
2056 1867 2113 1922 S.

548 2016 549 2019 η
605 1959 855 2027 Eucherii
885 1960 1218 2014 admirandas
1250 1958 1403 2025 ﬁdei,
1439 1959 1559 2013 vitae
1593 1970 1647 2014 et
1696 1960 1956 2014 doctrina:
1995 1960 2114 2014 viri.

607 2048 664 2103 ln
697 2050 879 2104 Africa
916 2049 1014 2105 SS.
1052 2049 1232 2116 Nerei,
1268 2049 1441 2116 Pauli,
1470 2049 1714 2103 Adriani.

2288 1779 2380 1850 qui
2409 1780 2548 1836 latus
2569 1782 2780 1839 Domini
2812 1783 2991 1839 lancea
3017 1786 3328 1855 perforavit.

2330 1872 2502 1937 ,Obiit
2539 1873 2865 1931 Christianus
2896 1879 3183 1948 episcopus,
3223 1880 3312 1950 qui
3350 1882 3492 1936 dedit
3539 1883 3793 1952 fratribus

2287 1960 2494 2017 Albaris
2523 1963 2699 2018 villam
2731 1966 2799 2019 ad
2839 1969 2922 2020 sui
2967 1970 3270 2023 memoriam
3314 1971 3639 2041 faciendam.
3671 1973 3795 2045 Ipsa

2285 2052 2370 2104 die
2406 2052 2530 2106 obiit
2558 2051 2791 2109 Clemens
2821 2055 2985 2109 omnis
3018 2059 3285 2127 sapientia:
3305 2060 3421 2114 luce
3447 2078 3757 2120 coruscans.

532 2122 629 2214 XV
689 2141 957 2198 Kalendas
1007 2141 1259 2198 Decemb.
1299 2142 1453 2212 Apud
1499 2141 1878 2196 Alexandriam
1907 2140 1966 2194 Β.
1994 2143 2119 2197 Dio-
2213 2139 2285 2196 1X
2312 2141 2429 2196 Kal.
2489 2142 2819 2200 Decembris.
2875 2122 3164 2201 Natale-S.
3217 2147 3512 2205 Clementis
3553 2164 3710 2222 papa:
3743 2164 3795 2209 et

607 2232 749 2304 nysii
775 2233 1010 2304 episcopi
1048 2250 1255 2303 magna:
1299 2233 1602 2288 sanctitatis
1640 2232 1760 2285 viri.
1792 2231 1947 2302 Apud
1977 2230 2115 2284 Pon-

535 2315 539 2321 ’
607 2332 719 2377 tum
748 2322 927 2378 natale
960 2325 1102 2380 beati
1131 2324 1373 2394 Gregorii
1400 2323 1849 2378 Neocaesariensis
1878 2323 2112 2392 episcopi

602 2424 658 2469 et
685 2416 956 2486 martyris.
987 2415 1288 2470 Aurelianis
1318 2414 1377 2469 S.
1410 2415 1602 2467 Aniani
1647 2413 1880 2483 episcopi
1911 2421 1965 2466 et
1986 2428 2113 2467 con-

607 2507 852 2572 fessoris,
902 2507 1055 2579 cujus
1081 2517 1305 2561 mortem
1359 2508 1410 2561 in
1450 2514 1739 2574 conspectu
1776 2504 1985 2560 Domini
2013 2504 2114 2559 mi-

604 2597 787 2651 racula
818 2598 1009 2653 crebra
1051 2606 1336 2652 testantur.
1381 2596 1583 2652 Eodem
1637 2595 1724 2650 die
1755 2595 2024 2659 Cordulae,
2057 2596 2110 2649 in

602 2683 875 2755 Hispaniis
924 2698 1233 2743 sanctorum
1272 2695 1568 2757 martyrum
1621 2686 1817 2740 Aciscli
1850 2694 1904 2740 et
1934 2683 2109 2739 Victo-

601 2777 718 2842 riae,
777 2777 866 2832 ubi
930 2778 999 2833 ob
1054 2778 1574 2833 commendationem
1632 2778 1883 2846 pretiosae
1920 2777 2111 2832 mortis

603 2880 789 2920 eorum
822 2867 1010 2921 eodem
1041 2867 1127 2920 die
1158 2882 1291 2920 rosa:
1319 2877 1451 2921 orta:
1480 2867 1736 2921 divinitus
1761 2864 2106 2936 colliguntur.

604 2953 836 3008 Turonis
891 2955 1064 3009 sancti
1123 2953 1368 3025 Gregorii
1423 2956 1661 3026 episcopi
1722 2957 2105 3011 miraculorum

512 3053 518 3055 ‘
607 3045 852 3101 factoris.
1464 3054 1467 3055 '
1822 3052 1825 3053 ⁷

534 3202 543 3209 ο
672 3133 812 3188 Obiit
840 3131 968 3187 Milo
1010 3136 1294 3189 canonicus
1320 3152 1451 3204 puer
1489 3146 1537 3190 et
1567 3136 1857 3206 acolythus,
1897 3138 1987 3208 qui
2017 3138 2110 3190 de-

600 3225 678 3278 dit
704 3224 959 3294 fratribus
980 3224 1032 3278 in
1056 3225 1284 3279 Monteio
1312 3243 1569 3296 arpennos
1602 3230 1873 3283 vinearum
1899 3244 1992 3285 xv.

529 3314 645 3370 XIV
694 3314 962 3370 Kalendas
993 3314 1321 3371 Decembris.
1361 3317 1660 3372 Antiochiae
1705 3319 1885 3373 natale
1912 3318 1968 3374 8.
2003 3317 2110 3372 Ro-

552 3466 555 3469 ,
600 3408 742 3462 mani
782 3408 1033 3487 monachi
1068 3418 1123 3463 et
1165 3408 1436 3479 martyris.
1492 3410 1689 3464 Eodem
1719 3411 1804 3465 die
1832 3411 1885 3465 in
1918 3412 2106 3467 eadem

598 3499 733 3553 urbe
768 3499 948 3555 natale
978 3499 1035 3555 S.
1072 3499 1254 3572 Sycbii
1287 3501 1558 3571 martyris.
1599 3502 1970 3559 Autissiodero
2011 3503 2107 3558 de-

605 3590 802 3646 dicatio
857 3591 1096 3647 basilica:
1145 3590 1205 3646 S.
1244 3591 1499 3648 Germani
1530 3594 1762 3664 episcopi
1796 3610 1918 3649 cum
1952 3609 2109 3664 snpe-

530 3704 534 3707 ·
595 3668 830 3737 rioribus
872 3683 1095 3753 cryptis.
1155 3683 1353 3738 Eodem
1402 3685 1488 3739 die
1539 3685 1818 3740 translatio
1866 3685 2107 3755 corporis

594 3772 738 3827 beati
775 3774 1228 3845 protbomartyris
1286 3772 1545 3845 Stephani
1594 3792 1624 3829 a
1663 3775 2013 3848 Jerosolymis
2052 3778 2104 3830 in

598 3861 924 3918 Bizantium.
1317 3876 1324 3882 ·
1694 3892 1697 3895 ν

532 3974 650 4031 Xlll
698 3976 966 4033 Kalendas
996 3978 1326 4032 Decembris.
1362 3977 1545 4031 Romae
1597 3978 1683 4031 via
1708 3978 1877 4046 Appia
1930 3977 2104 4038 natale

479 4057 482 4060 ’
600 4064 658 4121 S.
690 4065 906 4119 Maximi
932 4065 1228 4135 presbyteri
1252 4074 1306 4120 et
1333 4067 1601 4135 martyris.

594 4156 757 4223 Apud
804 4156 1068 4228 Viennam
1123 4165 1429 4223 sanctorum
1491 4165 1788 4226 martyrum
1838 4154 2101 4222 Severini,

516 4299 524 4304 _
600 4243 857 4313 Exuperii
907 4253 961 4298 et
991 4242 1269 4299 Feliciaui.
1306 4244 1502 4299 Eodem
1541 4245 1626 4303 die
1654 4244 1712 4299 S.
1746 4244 1928 4300 Fausti
1960 4260 2104 4299 mar-

2284 2232 2557 2302 martyris.
2586 2233 2783 2289 Eodem
2826 2234 2910 2289 die
2940 2236 3116 2291 natale
3151 2237 3209 2292 S.
3262 2237 3563 2296 Felicitatis
3607 2245 3795 2299 matris

2284 2333 2486 2391 septem
2516 2322 2744 2379 ﬁliorum
2775 2336 3094 2396 martyrum,
3121 2340 3255 2397 quos
3280 2330 3588 2387 Antoninus
3629 2334 3795 2405 impe-

2280 2421 2429 2467 rator
2472 2414 2636 2484 jussit
2690 2416 2920 2472 diversis
2972 2419 3252 2488 suppliciis
3308 2421 3574 2487 interire;
3624 2434 3795 2481 mater

2284 2523 2412 2579 vero
2437 2523 2623 2566 eorum
2671 2512 2964 2571 novissime
3003 2514 3265 2571 decollata
3292 2524 3375 2575 est
3422 2533 3525 2588 pro
3554 2516 3789 2573 Christo.

2282 2597 2336 2652 lu
2384 2598 2534 2653 Italia
2588 2602 2913 2663 monasterio
2968 2603 3132 2658 Bobio
3160 2600 3334 2661 natale
3370 2607 3547 2661 sancti
3565 2604 3792 2687 ’Colum-

2279 2687 2404 2743 bani
2444 2688 2672 2746 abbatis.
2706 2693 2760 2747 In
2790 2709 2924 2764 pago
2950 2694 3189 2753 Asbanio
3216 2695 3396 2751 natale
3428 2695 3489 2752 S.
3526 2696 3791 2754 Trudonis

2279 2778 2579 2849 presbyteri
2609 2789 2663 2835 et
2691 2782 3039 2850 confessoris.

2214 2868 2322 2922 Vlll
2348 2868 2614 2925 Kalendas
2669 2860 3001 2929 Decembris.
3057 2873 3243 2932 Romae
3270 2875 3452 2930 natale
3482 2884 3789 2932 sanctorum

2283 2969 2579 3030 martyrum
2610 2961 2902 3033 Crysogoni
2932 2973 2988 3019 et
3011 2962 3401 3025 Crescentiani.
3452 2968 3652 3030 Castra
3670 2969 3789 3023 Bla-

2140 3023 2183 3083 C
2282 3049 2367 3102 via
2419 3047 2474 3104 S.
2522 3050 2752 3107 Romani
2810 3046 3104 3125 presbyteri
3158 3066 3211 3110 et
3237 3056 3595 3125 confessoris,
3645 3058 3788 3126 cuius

2281 3142 2585 3197 sanctitatis
2614 3145 2943 3213 praeconium
2994 3147 3371 3203 miraculorum
3403 3148 3578 3216 gloria
3612 3152 3786 3203 iteclae

2284 3239 2387 3282 rat.
2418 3228 2650 3297 Civitate
2677 3231 2922 3293 Corduba
2946 3244 3252 3290 sanctarum
3285 3236 3557 3305 virginum
3584 3238 3783 3293 Floreat

2242 3370 2243 3373 η
2278 3331 2333 3375 et
2355 3318 2559 3389 Mariae,
2592 3338 2710 3392 quae
2740 3334 2860 3394 post
2889 3326 3169 3383 diuturnos
3200 3340 3475 3393 carceres,
3504 3344 3611 3398 pro
3632 3328 3783 3384 Chri-

2216 3412 2223 3417 ’
2278 3423 2363 3469 sto
2385 3413 2560 3483 gladio
2590 3414 2888 3470 interemta:
2922 3424 3064 3471 sunt.

2352 3504 2490 3559 Obiit
2526 3505 2795 3561 liictarius
2825 3505 2971 3562 bona:
3012 3508 3297 3572 memoria,
3331 3509 3421 3578 qui
3440 3508 3586 3562 dedit
3610 3509 3787 3579 fratri-

2277 3593 2370 3647 bus
2406 3597 2513 3649 suis
2564 3595 2617 3649 in
2666 3596 2886 3650 circuitu
2941 3594 3163 3651 civitatis
3218 3598 3391 3650 vineas
3421 3597 3785 3667 adquisitionis

2276 3698 2405 3736 sure.
2458 3682 2649 3737 Eodem
2690 3683 2775 3737 die
2824 3685 3235 3739 anniversarium
3277 3686 3482 3740 Attonis
3526 3688 3782 3748 canonici.

2273 3773 2362 3841 qui
2388 3770 2529 3825 dedit
2557 3771 2804 3840 fratribus
2832 3786 2936 3826 xxx
2983 3773 3179 3840 libras,
3220 3791 3395 3833 servos
3422 3774 3583 3828 etiam
3613 3787 3662 3828 et
3688 3792 3780 3826 an-

2273 3863 2453 3930 cillas,
2509 3881 2765 3934 arpennos
2815 3883 3015 3937 quoque
3039 3923 3043 3927 ,
3065 3868 3328 3936 vinearum
3358 3879 3461 3920 tres
3490 3868 3548 3919 in
3580 3865 3780 3920 Monte-

2274 3964 2444 4022 tenso,
2493 3973 2691 4011 necnon
2731 3974 2881 4012 areas
2927 3975 3042 4029 qua:
3079 3969 3197 4012 sunt
3215 3958 3375 4028 juxta
3423 3955 3484 4012 S.
3534 3954 3780 4026 Stephani

2272 4041 2560 4117 capellam,
2609 4057 2658 4102 et
2689 4064 2866 4103 aream
2895 4065 3053 4103 unam
3088 4060 3221 4103 ante
3262 4051 3477 4102 domum
3496 4063 3781 4119 pauperum

2210 4186 2213 4189 .
2268 4140 2445 4193 sitam.
2471 4137 2750 4207 Profectus
2778 4148 2852 4199 est
2880 4137 3283 4209 Jerosolymam,
3311 4137 3360 4192 et
3388 4139 3444 4197 in
3481 4154 3543 4193 eo
3577 4137 3779 4202 itinere,

2272 4224 2479 4281 Christo
2507 4229 2802 4294 miserante,
2830 4228 3125 4296 defunctus.

512 4394 524 4398 ν,
605 4334 756 4405 tyris.
785 4334 1160 4406 Augustuluno
1198 4334 1378 4390 natale
1407 4336 1463 4390 8.
1500 4335 1739 4407 Simplici
1771 4336 2006 4407 episcopi
2049 4345 2103 4390 et
2132 4367 2134 4420 λ

2268 4316 2293 4372 .l
2321 4316 2545 4373 Kalend.
2599 4318 2848 4374 Decemb.
2901 4317 3087 4383 Natale
3124 4319 3182 4373 S.
3227 4317 3369 4373 Petri
3428 4313 3779 4371 Alexandrini

580 4424 873 4495 martyris.
922 4422 1038 4495 Ipsa
1071 4424 1157 4479 die
1192 4424 1334 4481 beati
1383 4426 1616 4495 crispini
1665 4428 1936 4497 martyris.
1969 4427 2100 4481 Item

480 4506 481 4513 “
600 4513 791 4569 Romae
813 4512 1008 4570 Gelasii
1036 4530 1204 4584 papae.
1766 4546 1771 4551 -
1852 4530 1855 4533 λ
1962 4506 1968 4510 ’

679 4622 816 4676 Obiit
855 4623 1166 4679 Lantbertus
1203 4618 1637 4697 presbyterpqui
1677 4628 1816 4680 dedit
1854 4622 2103 4696 fratribus

506 4786 510 4790 Α
604 4710 817 4766 alodum
854 4729 1006 4767 suum
1041 4715 1096 4769 in
1119 4714 1242 4769 villa
1262 4732 1379 4787 qua:
1416 4716 1610 4769 dicitur
1631 4716 1885 4784 Stabulis,
1931 4728 1979 4770 et
2004 4718 2103 4770 ibi-

602 4804 719 4857 dem
768 4804 822 4859 t'n
876 4804 1363 4875 circumjacentibus
1419 4807 1565 4861 locis.
1607 4806 1761 4873 Item,
1810 4806 2104 4877 Lanfrelus

490 4966 496 4972 κ
584 4894 860 4972 presbyter
913 4894 1061 4961 obiit,
1122 4890 1399 4966 qui'dedit
1435 4897 1690 4967 fratribus
1734 4894 2103 4966 pturimbaium

600 5000 751 5038 suum
780 4986 837 5038 in
859 4985 984 5040 villa
1013 4983 1283 5042 Gratiaco.
1374 4984 1379 4985 ί

482 5138 483 5141 η
531 5093 627 5151 Xll
678 5096 946 5154 Kalendas
994 5099 1326 5155 Decembris.
1371 5099 1557 5157 Rome
1601 5098 1781 5152 natale
1831 5096 1889 5152 S.
1931 5097 2107 5153 Pontii

534 5232 535 5235 η
603 5198 752 5255 papae
777 5195 830 5242 et
856 5190 1133 5259 martyris.
1161 5189 1321 5260 Apud
1346 5188 1589 5265 Siciliam
1620 5188 1836 5243 civitate
1861 5186 2105 5258 Messana
2156 5254 2157 5257 η

497 5323 499 5327 ,
603 5285 913 5335 sanctorum
947 5281 1177 5350 Ampelii
1202 5292 1257 5338 et
1286 5282 1435 5338 Gaii.
1471 5281 1626 5350 Apud
1662 5279 1991 5335 Cavilloncm
2044 5280 2102 5335 S-

2209 5303 2216 5311 ’
2276 5311 2367 5350 ηἱη
2397 5326 2538 5350 ηιηπι
2567 5320 2620 5350 ιιι
2666 5324 2855 5350 ηιηιιρη
2908 5325 2975 5350 ηρ
3028 5307 3251 5350 moinias
3279 5319 3402 5350 eum]

2276 4408 2512 4479 episcopi
2543 4417 2598 4464 et
2627 4409 2903 4482 martyris,
2948 4410 3088 4463 inter
3116 4410 3415 4479 pracipuos
3442 4408 3667 4480 egregii.
3691 4405 3777 4460 cui

2278 4508 2398 4569 post
2425 4499 2640 4559 diversa
2679 4497 2973 4558 certamina
3026 4513 3122 4566 pro
3171 4497 3274 4551 ﬂde
3298 4495 3524 4559 Christi,
3547 4496 3776 4564 quadam

2278 4599 2434 4646 nocte
2456 4590 2507 4643 in
2539 4589 2722 4645 habitu
2756 4590 3015 4644 Dominus
3052 4588 3298 4659 apparuit
3324 4587 3548 4643 indutus
3568 4585 3777 4640 εοιὼἰο

2276 4679 2421 4734 lineo
2469 4678 2695 4733 candido
2725 4679 2923 4743 nimis,
2964 4678 3234 4733 conscissa
3283 4693 3312 4730 a
3342 4690 3560 4729 summo
3611 4688 3779 4743 usque

2278 4768 2550 4833 deorsum,
2580 4776 2634 4822 et
2663 4766 2920 4823 ambabus
2971 4768 3216 4823 manibus
3242 4765 3604 4837 coniungebat
3655 4780 3778 4819 eam

2274 4860 2418 4915 circa
2445 4868 2633 4929 pectus
2660 4873 2813 4914 suum
2832 4897 2848 4925 ,
2898 4858 3131 4928 quodam
3160 4855 3316 4912 modo
3345 4855 3663 4926 conperiens
3686 4869 3782 4908 nu—

2276 4950 2501 5006 ditatem
2533 4964 2707 5014 suam,
2759 4957 2815 5008 et
2849 4948 2985 5003 dixit
3013 4947 3080 5003 ad
3112 4962 3276 5002 eum:
3326 4944 3469 5013 Quid
3517 4954 3619 5002 est,
3671 4941 3776 4996 Do-

2284 5042 2451 5107 mine,
2490 5041 2634 5111 quod
2660 5040 2813 5094 video
2839 5048 3044 5093 vestem
3081 5045 3226 5091 tuam
3275 5035 3543 5091 scissam?
3595 5033 3665 5087 Et
3691 5046 3778 5086 re-

2184 5126 2213 5175 η’
2275 5131 2492 5201 spondit
2516 5131 2773 5185 Dominus
2797 5146 2810 5183 :
2845 5131 3036 5184 Arrius
3064 5128 3166 5183 hoc
3191 5126 3340 5191 fecit,
3387 5126 3477 5195 qui
3507 5123 3778 5191 separavit

2242 5236 2309 5279 ηε
2329 5236 2414 5275 me
2440 5220 2693 5291 populum
2719 5229 3091 5290 comparatum
3120 5217 3381 5286 sanguine
3408 5227 3548 5268 meo.
3571 5210 3772 5264 Praeci-

3454 5302 3506 5350 in
3532 5313 3773 5350 commu-
