3992 6304
260 322 401 381 1255

1460 294 1965 362 MARTYROLOG.
1999 294 2380 356 ANTISSIOD.

3370 319 3513 376 1254

399 434 541 493 om;
589 430 722 487 Milo
766 429 954 494 laicus,
999 426 1111 499 qui.
1138 386 1279 481 dedit
1329 394 1581 495 fratribus
1610 423 1823 479 alodum
1996 418 2295 476 comediam
2323 420 2499 476 natale
2525 422 2581 475 8.
2609 410 2831 479 Natali-as
2856 425 3037 481 uxoris
3065 428 3235 484 sancti
3288 429 3520 489 Adriani

330 540 504 589 suum,
529 522 620 593 qui
646 521 880 591 conjacet
910 519 964 573 in
987 516 1107 573 villa
1141 515 1415 570 Colonicas
1442 530 1599 585 super
1617 514 1836 584 ﬂuvium

262 658 267 665 .
330 614 617 673 Senodum.
652 609 879 666 'Eodem
932 609 1019 662 die
1058 604 1359 682 Goscelinus
1403 605 1560 674 hujus
1609 602 1837 658 ecclesiae

325 706 605 761 scaenicus
626 712 674 756 et
698 701 925 756 decanus
952 698 1075 752 obiit
1101 736 1116 765 ,
1152 697 1242 767 qui
1262 713 1355 767 pro
1380 695 1603 751 remedio
1649 693 1837 747 animle

329 812 442 851 sua:
465 795 676 849 domum
705 807 855 847 suam
886 805 1004 844 cum
1033 787 1192 841 vineis
1221 787 1330 839 suis
1356 783 1635 857 canonicis
1674 781 1832 846 dedit,

328 894 387 940 ut
415 887 470 938 in
506 884 589 936 die
636 877 978 935 anniversarii
1006 876 1119 946 ejus
1155 876 1209 928 in
1256 873 1529 943 refectorio
1554 870 1628 941 (5)
1663 869 1837 938 reﬁce-

256 1020 259 1021 ν
330 984 530 1029 rentur.
576 971 696 1039 Ipse
718 985 837 1023 vero
861 967 929 1022 ad
954 967 1142 1020 missas
1168 963 1507 1019 celebrandas
1533 978 1625 1031 pro
1648 960 1835 1028 defun-

325 1065 423 1118 ctis
472 1061 612 1131 apud
646 1069 884 1114 sanctum
933 1055 1243 1110 Clementem
1282 1053 1553 1125 proprium
1597 1050 1837 1106 sacerdoo

236 1210 239 1211 ν
325 1164 429 1207 tem
454 1167 572 1205 cum
591 1149 793 1204 duobus
821 1146 1065 1216 arpennis
1089 1146 1356 1200 uinearum
1384 1140 1670 1203 constituit,
1709 1149 1754 1193 et
1779 1139 1834 1192 in

228 1282 259 1304 ,ν
325 1243 717 1314 reprehensione
742 1250 790 1293 et
821 1239 875 1292 in
902 1236 1139 1291 custodia
1169 1234 1382 1304 capituli
1407 1250 1525 1287 eum
1563 1230 1831 1286 stabilivit.

284 1376 287 1379 .
324 1332 483 1387 Dedit
511 1331 668 1384 etiam
687 1328 923 1400 praefata:
947 1324 1176 1381 ecclesice
1198 1324 1554 1379 vestimentum
1591 1321 1835 1376 sacerdo-

252 1482 261 1485 _
321 1421 453 1487 tale,
492 1418 700 1475 missale
721 1418 971 1489 optimum
996 1433 1111 1472 cum
1138 1413 1375 1486 graaale,
1406 1412 1621 1468 calicem
1651 1429 1835 1483 argen-

256 1558 259 1561 ρ
320 1524 463 1570 tcum
489 1529 607 1567 cum
633 1510 836 1567 canalis
857 1511 1138 1582 argenteis,
1181 1519 1228 1567 et
1254 1509 1327 1563 ita
1357 1516 1600 1562 ornatam
1628 1506 1831 1576 reliquit

322 1606 616 1660 ecclesiam.

225 1693 320 1750 -ΥΙ
353 1694 573 1750 Kalend.
604 1693 858 1748 Decemb.
888 1691 1076 1747 Natale
1109 1689 1165 1746 S.
1194 1690 1316 1745 Lini
1347 1705 1498 1761 papa:
1550 1698 1604 1744 et
1633 1696 1830 1758 marty-

2010 512 2287 582 martyris.

2083 597 2222 652 Obiit
2264 597 2572 670 Teutgarius
2619 603 2890 668 diaconus,
2929 606 3019 674 qui
3064 607 3201 660 dedit
3248 609 3393 663 nobis
3435 613 3517 666 ui-

2011 705 2160 742 neant
2208 690 2261 744 in
2310 691 2432 745 villa
2480 692 2788 762 Sigliniaco.
2860 694 3056 750 Eodem
3114 698 3196 751 die
3247 700 3513 756 ordinatio

2010 779 2189 834 domiti
2229 780 2481 851 Gaufredi
2533 784 2775 853 episcopi.
2816 785 3006 839 Eodem
3043 787 3126 840 die
3168 786 3352 845 Vilalis
3399 793 3513 846 Au-

2011 870 2397 925 tissiodoreust's
2443 873 2673 928 ecclesia:
2716 875 2942 929 decanus
2969 887 3041 930 est
3079 878 3211 932 viam
3259 881 3514 937 universw

2009 962 2186 1015 carnis
2218 979 2513 1032 aggressus.

1938 1049 2007 1105 IV
2037 1051 2218 1107 Nonas
2252 1052 2505 1108 Decemb.
2530 1052 2719 1108 Natale
2745 1065 2943 1109 sancite
2973 1054 3209 1112 Vivianaa
3239 1061 3511 1130 martyris,

2006 1152 2057 1197 et
2091 1141 2189 1196 SS.
2242 1153 2540 1215 martyrum
2588 1144 2773 1199 Fausti
2823 1154 2877 1199 et
2921 1146 3157 1201 Dafr‘osae
3200 1147 3321 1202 lilia:
3373 1151 3511 1219 ejus.

2007 1229 2127 1300 Ipso
2150 1231 2236 1285 die
2258 1233 2442 1301 passio
2470 1233 2569 1289 SS.
2603 1233 2727 1288 Veri
2751 1244 2806 1289 et
2828 1234 3039 1301 Securi,
3080 1238 3172 1307 qui
3205 1239 3345 1308 apud
3367 1239 3515 1294 Afri-

2008 1340 2126 1378 cam
2153 1327 2413 1397 martyrio
2435 1328 2679 1383 coronati
2704 1338 2851 1384 sunt.

1938 1411 2003 1468 Ill
2034 1412 2216 1469 Nonas
2240 1416 2494 1471 Decemb.
2524 1416 2677 1487 Tingi
2712 1419 2993 1489 πυριγοροιὶ
3019 1419 3352 1475 Mauritaniae
3374 1420 3510 1476 Tin-

2007 1502 2203 1574 gitana:
2242 1506 2419 1567 natale
2445 1506 2503 1562 S.
2549 1506 2793 1562 Cassiani
2846 1511 3122 1580 martyris.
3179 1510 3381 1564 Eodem
3427 1512 3514 1565 die

2006 1592 2107 1649 SS.
2138 1607 2441 1668 martyrum
2472 1596 2680 1653 Claudii
2716 1599 2938 1664 tribuni,
2970 1609 3026 1654 et
3059 1601 3243 1656 uxoris
3270 1601 3386 1671 ejus
3413 1600 3509 1654 Hi-

2004 1683 2176 1751 larize,
2221 1686 2539 1751 acliliorum
2569 1687 2811 1744 Jassonis
2848 1700 2902 1744 et
2934 1689 3099 1744 Mauri
3125 1700 3180 1745 et
3231 1707 3333 1747 cxx
3365 1691 3511 1746 mili-

244 1840 251 1843 _
319 1786 433 1853 ris,
450 1785 543 1855 qui
595 1795 715 1856 post
769 1785 986 1839 beatum
1024 1783 1241 1839 Petrum
1273 1775 1479 1852 primus
1533 1782 1831 1837 Romanam
1862 1761 1909 1820 Β
2008 1782 2141 1840 tum,
2166 1777 2257 1845 qui
2299 1791 2488 1832 omnes
2529 1780 2595 1832 ad
2645 1779 3086 1849 praedicationem
3123 1780 3180 1835 S.
3223 1780 3513 1852 Cbrysanti
3576 1852 3582 1857 ε

314 1874 607 1941 ecclesiam
661 1873 833 1929 tenuit
878 1887 1050 1929 annos
1098 1889 1195 1938 xu,
1228 1889 1443 1927 menses
1476 1888 1558 1936 ιιι,
1588 1873 1703 1927 dies
1737 1888 1832 1938 xu,

278 2034 281 2035 ν
315 1971 376 2018 et
419 1962 678 2035 martyrio
706 1972 999 2018 coronatus
1048 1962 1292 2034 sepultus
1338 1970 1421 2017 est
1468 1964 1522 2017 in
1551 1962 1831 2019 Vaticano.

314 2054 473 2127 Apud
502 2052 887 2108 Alexandriam
943 2053 1120 2109 natale
1169 2054 1270 2109 SS.
1305 2063 1602 2125 martyrum
1648 2055 1832 2109 Fausti

314 2142 641 2214 presbyteri,
671 2150 723 2197 et
758 2142 865 2209 Dii,
902 2152 957 2198 et
999 2143 1293 2198 Ammonii.
1341 2143 1543 2199 Eodem
1572 2145 1660 2199 die
1690 2145 1833 2200 beati

316 2232 614 2288 Alexandri
642 2234 896 2305 martyris
926 2243 978 2289 et
1012 2235 1273 2305 episc0pi.
1313 2235 1372 2289 In
1404 2252 1543 2307 pago
1572 2236 1830 2292 Avalensi

319 2323 502 2379 natale
529 2323 589 2401 8.
633 2323 953 2397 Magnentite
982 2326 1225 2395 virginis.
1256 2326 1631 2396 Augustiduno
1653 2327 1849 2384 natale.

202 2490 205 2491 γ
321 2412 382 2469 8.
411 2413 685 2470 Amatoris
715 2415 953 2485 episcopi
987 2426 1041 2470 et
1075 2416 1423 2471 confessoris.

208 2493 313 2559 'V.
342 2504 460 2561 Kal.
486 2505 741 2581 [Decemb.
787 2507 941 2575 Apud
974 2506 1272 2563 Bononiam
1315 2508 1479 2563 Italiae
1525 2510 1713 2564 urbem
1736 2525 1832 2564 na-

236 2666 241 2669 _
278 2648 283 2652 .
319 2595 426 2650 tale
464 2596 567 2651 SS.
618 2608 916 2669 martyrum
952 2598 1141 2656 Vitalis
1178 2610 1232 2656 et
1265 2600 1547 2673 Agricolae,
1591 2614 1712 2673 post
1739 2622 1830 2660 va-

315 2688 395 2741 ria
430 2696 697 2763 tormenta
741 2676 1144 2746 erucilixorum.
1174 2691 1230 2747 In
1260 2692 1448 2749 Galliis
1477 2695 1694 2751 civitate
1722 2695 1829 2749 Re-

234 2823 247 2831 .
311 2774 464 2845 gensi
489 2775 667 2831 natale
703 2775 763 2831 8.
798 2776 1072 2832 Maximini
1111 2780 1344 2850 episcopi
1369 2789 1420 2835 et
1446 2780 1793 2838 confessoris.

383 2870 585 2925 Eodem
612 2870 696 2924 die
718 2870 844 2925 obiit
879 2872 1145 2927 Iohannes
1176 2874 1417 2929 sacerdos
1454 2885 1501 2929 et
1542 2877 1825 2930 canonicus

310 2959 470 3029 hujus
497 2958 728 3013 ecclesia:
774 2972 958 3014 cantor
1005 2962 1228 3016 eximius
1252 3003 1265 3027 ,
1302 2964 1392 3034 qui
1425 2964 1564 3017 dedit
1595 2964 1825 3037 ecclesite

317 3058 509 3104 ποατ-(τ
550 3064 615 3103 ex
657 3048 802 3103 libris
867 3052 977 3105 suis
1025 3052 1235 3106 missale
1278 3070 1460 3119 unum,
1508 3055 1820 3123 antiphona-

2004 1864 2353 1919 crediderunt
2375 1865 2611 1921 Christo.

2080 1954 2218 2009 Obiit
2257 1956 2399 2009 Abba
2429 1958 2724 2026 episcOpus.

1933 2042 1975 2096 ll
2007 2042 2187 2098 Nonas
2246 2043 2499 2099 Decemb.
2548 2045 2743 2101 'ltomze
2794 2045 2990 2101 natalis
3058 2046 3159 2103 SS.
3213 2058 3512 2122 martyrum

2006 2135 2354 2206 Sympbronii
2400 2145 2452 2191 et
2497 2135 2727 2209 Olympii
2778 2139 3107 2208 temporibus
3155 2140 3422 2197 Valeriani
3459 2151 3516 2197 et

2003 2226 2233 2280 Gallieni
2266 2227 2673 2296 imperatorum.
2697 2227 2767 2281 ~In
2808 2228 2991 2284 Africa
3024 2230 3127 2284 SS.
3179 2230 3508 2302 Armoga'sti,

2004 2319 2391 2383 etArehinimi,
2414 2328 2471 2373 et
2495 2318 2695 2389 Satyri,
2719 2320 2810 2388 qui
2831 2334 2953 2374 eum
2975 2330 3157 2376 essent
3176 2322 3508 2377 lucidissima

2005 2406 2244 2459 membra
2273 2406 2515 2461 ecclesiae
2537 2407 2759 2471 Christi,
2800 2425 2899 2479 pro
2939 2409 3277 2466 confessione
3312 2413 3512 2467 verita-

2000 2498 2067 2550 tis
2097 2498 2263 2552 multa
2305 2508 2358 2553 et
2401 2499 2584 2568 gravia
2634 2501 2874 2581 perpessi
2920 2500 3178 2571 supplicia
3220 2511 3382 2573 atque
3409 2518 3510 2573 op-

1996 2593 2211 2666 probria
2244 2593 2312 2648 ab
2354 2594 2625 2659 Arrianis,
2672 2584 2890 2649 curSum
2931 2593 3150 2664 gleriosi
3193 2595 3510 2650 certaminis

2000 2685 2378 2755 impleverunt.
2407 2686 2474 2741 Et
2513 2687 2565 2740 in
2589 2685 2836 2743 Lauditia
2866 2696 3176 2743 sanctorum
3204 2687 3512 2759 Metropoli,

1998 2775 2217 2832 Felicis.

1956 2864 1959 2865 ν
2070 2868 2197 2939 Ipsa
2224 2869 2307 2923 die
2333 2866 2459 2923 obiit
2482 2868 2782 2940 Stephanus
2815 2873 2986 2925 sancti
3019 2869 3273 2941 Stephani
3305 2889 3509 2944 prapo-

1996 2961 2128 3013 sftus
2171 2969 2220 3013 et
2273 2962 2518 3015 sacerdos
2571 2963 2831 3032 egregius,
2865 2979 3063 3017 necnon
3113 2972 3161 3016 et
3211 2963 3509 3018 divinarum

1994 3048 2388 3120 Scripturarum
2413 3053 2598 3105 doctor
2624 3053 2871 3106 eximius.

313 3140 474 3205 rium,
503 3139 739 3210 gradale,
762 3141 1116 3210 hymnarium,
1146 3113 1745 3214 prosarium'optim'um,
1771 3156 1819 3202 et
1847 3113 1895 3181 ο
1925 3113 2122 3194 Nonas
2150 3139 2405 3196 Decemb.
2458 3140 2515 3196 In
2555 3141 2738 3195 Africa
2787 3142 2929 3213 apud
2976 3142 3252 3198 Coloniam
3298 3140 3511 3199 Theba-

306 3232 367 3287 in
409 3231 635 3286 Acolaeo
679 3231 801 3287 villa
854 3233 996 3287 dedit
1048 3234 1302 3303 fratribus
1355 3236 1535 3291 domos
1580 3238 1821 3307 suas,:et

233 3366 253 3373 ..
305 3321 558 3393 quidquid
602 3324 759 3377 etiam
808 3326 1136 3394 proprietatis
1175 3327 1363 3382 habere
1404 3329 1708 3397 uidebatur,
1751 3332 1822 3384 ad

310 3412 395 3467 sui
424 3416 729 3467 memoriam
760 3413 1103 3468 recolendam.

225 3502 308 3577 ,ιγ
343 3502 465 3577 Kal.
508 3504 760 3559 Decemb.
805 3503 996 3558 Natale
1028 3504 1087 3558 S.
1120 3504 1377 3560 Sostenes
1417 3505 1666 3575 discipuli
1695 3520 1822 3576 apo-

310 3594 598 3650 stolorum.
632 3596 834 3653 Eodem
867 3597 952 3652 die
981 3595 1044 3651 S.
1078 3597 1199 3651 Rufi
1252 3597 1527 3667 martyris.
1576 3597 1695 3667 Ipso
1734 3598 1822 3652 die

313 3681 501 3753 Papini
544 3692 602 3738 et
632 3683 899 3739 Mansueti
934 3685 1308 3755 episcoporum
1362 3700 1483 3739 cum
1515 3684 1638 3739 aliis
1684 3685 1818 3743 mul-

312 3773 401 3837 tis,
427 3774 518 3843 qui
553 3788 617 3828 eo
649 3783 888 3851 tempore
920 3776 1063 3846 passi
1097 3786 1243 3829 sunt.
1272 3774 1456 3830 Romae
1486 3775 1544 3828 S.
1576 3773 1820 3845 Gregorii
1874 3784 1875 3787 ‘

307 3876 463 3933 papa:
486 3862 574 3930 lll,
603 3863 695 3934 qui
719 3864 859 3923 rexit
886 3864 1167 3920 ecclesiam
1189 3865 1344 3918 annis
1373 3880 1424 3917 χ.
1453 3864 1821 3920 Autissiodero

309 3952 595 4009 translatio
629 3954 804 4010 sancti
843 3954 1021 4028 Vigilii
1060 3955 1297 4025 episcOpi
1337 3963 1393 4009 et
1427 3955 1700 4026 martyris.

236 4042 326 4099 lll.
363 4042 587 4099 Kalend.
633 4044 885 4100 Decemb.
944 4046 1139 4115 Vigilia
1189 4044 1248 4099 S.
1301 4044 1532 4099 Andreae
1570 4043 1819 4113 apostoli.

314 4137 499 4213 Romae
532 4138 709 4191 natale
747 4136 807 4192 S.
835 4138 1113 4193 Saturnini
1143 4140 1418 4209 martyris,
1445 4148 1501 4192 et
1529 4138 1722 4193 Sennis
1768 4145 1825 4194 et

314 4223 543 4281 Sisinnii
605 4226 955 4283 diaconorum
1005 4234 1060 4280 et
1111 4236 1430 4298 martyrum.
1487 4226 1687 4282 Eodem
1736 4228 1822 4284 die

311 4314 452 4383 apud
507 4311 756 4369 Tolosam
811 4314 991 4369 natale
1041 4314 1100 4369 S.
1142 4315 1431 4371 Saturnini
1483 4312 1725 4387 episcopi
1765 4325 1822 4373 et

218 4444 227 4467 ._
313 4403 585 4474 martyris.

213 4491 419 4554 .Pridie
451 4492 677 4549 Kalend.
703 4494 954 4551 Decemb.
983 4496 1040 4551 ln
1063 4496 1282 4552 civitate
1309 4496 1501 4552 Patras
1531 4498 1821 4569 provincia:

220 4638 227 4643 ,
306 4581 528 4638 Achaia:
550 4584 729 4638 natale
757 4585 816 4640 Β.
844 4585 1074 4643 Andreae
1095 4588 1341 4658 apostoli,
1372 4587 1464 4657 qui
1492 4589 1655 4643 etiam
1683 4590 1820 4659 apud

309 4670 588 4743 Scythiam
616 4674 949 4745 praedicavit.
997 4676 1153 4746 Apud
1185 4676 1487 4733 Sanctonas
1515 4677 1574 4732 S.
1603 4676 1821 4748 Troiani

214 4817 224 4823 _
306 4763 567 4834 episcopi,
598 4779 806 4836 magna:
830 4765 1042 4820 virtutis
1069 4775 1123 4820 et
1156 4768 1461 4832 sanctitatis
1489 4767 1609 4822 viri.
1638 4766 1824 4837 Romae

309 4850 663 4915 incimiterio
685 4853 827 4924 apud
856 4852 1072 4908 Guttam
1109 4853 1167 4908 S.
1192 4854 1416 4913 Castnli.

846 4941 1233 4997 DECEMBER.

160 5104 163 5107 _
237 5028 463 5087 Kalend.
516 5031 769 5087 Decemb.
819 5031 1004 5089 Romae
1060 5022 1239 5105 passio
1293 5034 1393 5095 SS.
1446 5035 1733 5107 Chrysanti
1762 5046 1819 5093 et

310 5119 488 5176 Daria
520 5122 765 5193 virginis.
808 5122 867 5178 In
908 5124 1094 5197 Africa
1145 5116 1327 5183 natale
1373 5123 1472 5180 SS.
1519 5135 1817 5197 martyrum

210 5276 213 5279 _
260 5260 265 5263 .
309 5211 499 5285 Papini
519 5221 574 5268 et
598 5198 863 5289 Mansueti
903 5214 1301 5285 episcoporum.
1343 5215 1497 5285 Apud
1541 5216 1815 5273 civitatem

311 5302 643 5374 Maguntiam
679 5304 823 5370 beati
853 5304 1048 5360 Albani
1093 5305 1370 5376 martyris.
1398 5305 1599 5360 Eodem
1637 5306 1725 5362 die
1754 5305 1811 5362 S.

214 5446 219 5449 _
310 5390 467 5464 Eligii
503 5393 879 5452 Noviomensis
906 5394 1164 5465 episcOpi.
1197 5394 1353 5473 Apud
1382 5391 1678 5450 {Bizantum
1722 5395 1815 5450 Ni-

249 5555 253 5558 ’
314 5584 739 5662 (5)_Gosceii_nus
785 5552 1260 5662 decumuchujus
1288 5590 1389 5662 bac
1417 5590 1505 5645 die
1532 5586 1814 5662 consigna-

250 5665 334 5710 tur
366 5657 564 5725 obitus,
596 5659 810 5716 vivebat
837 5675 977 5717 anno
1004 5659 1140 5716 1153
1161 5657 1217 5718 et
1266 5661 1425 5731 1157,
1455 5675 1562 5733 quo
1603 5657 1815 5732 vigébat

1842 4448 1896 4508 D

1994 3231 2189 3285 stinam
2238 3231 2420 3286 natale
2459 3228 2518 3285 8.
2558 3230 2825 3301 Crispina:
2858 3233 3134 3303 martyris.
3191 3232 3392 3288 Eodem
3422 3234 3510 3288 die

1991 3321 2042 3374 in
2069 3320 2426 3377 ltalianatale
2452 3320 2703 3376 Dalmatii
2740 3323 3018 3392 martyris.
3052 3322 3294 3379 Treviris
3319 3323 3377 3379 S.
3407 3324 3504 3378 Ni-

1992 3412 2117 3465 cetii
2149 3414 2389 3481 episcOpi
2427 3422 2482 3466 et
2502 3414 2853 3468 confessoris.

2066 3501 2343 3555 Obierunt.
2368 3501 2743 3557 Ermenbertus
2784 3507 3092 3575 prtepositus
3142 3515 3191 3561 et
3239 3507 3414 3572 levita,
3458 3516 3506 3561 et

1992 3591 2258 3645 Arualdus
2285 3593 2583 3647 eicecomes.

1922 3681 2032 3739 Vlll
2062 3682 2185 3737 ldus
2214 3681 2467 3738 Decemb.
2501 3682 2689 3738 Natale
2730 3684 2878 3739 beati
2908 3683 3111 3739 Nicolai
3139 3684 3373 3755 episcopi
3411 3684 3508 3740 Mi-

1993 3785 2178 3825 rorum
2225 3768 2410 3826 Licite.
2456 3773 2614 3841 Apud
2656 3771 2896 3827 Africam
2942 3771 3043 3830 SS.
3078 3773 3369 3844 Dionysiae,
3405 3773 3512 3827 Da-

1991 3864 2137 3928 vitte,
2210 3862 2436 3919 Leontis
2489 3870 2544 3918 et
2591 3863 2841 3918 Emiliani
2890 3863 3107 3929 medici,
3156 3870 3212 3918 et
3264 3862 3503 3932 religiosi

1984 3954 2084 4011 viri
2124 3951 2420 4019 Noetercii,
2458 3963 2515 4009 et
2539 3953 2829 4020 Bonifaeii,
2857 3941 2912 4010 et
2935 3944 3115 4019 Servi,
3141 3962 3196 4007 et
3235 3952 3504 4016 Victrieis,

1984 4050 2040 4101 et
2082 4045 2323 4114 Majoriei
2366 4044 2762 4113 adolescentis,
2812 4031 2904 4114 qui
2960 4060 3149 4100 omnes
3208 4045 3507 4101 innumeris

1986 4136 2262 4207 suppliciis
2289 4137 2609 4202 excruciati,
2644 4135 3020 4192 confessorum
3051 4134 3263 4191 Christi
3280 4150 3506 4191 numero

1991 4229 2187 4284 sociari
2222 4238 2561 4285 meruerunt.

1922 4317 2013 4375 V11
2042 4319 2163 4373 ldus
2200 4318 2457 4374 Decemb.
2485 4320 2642 4390 Apud
2670 4319 3052 4381 Alexandriam
3092 4319 3234 4375 beati
3267 4319 3507 4393 Agatho-

1993 4406 2077 4461 nis
2124 4408 2382 4477 martyris
2410 4408 2514 4462 sub
2560 4399 2726 4464 Deeio
2774 4409 3121 4478 imperatore.
3163 4408 3319 4481 Apud
3366 4407 3504 4464 San—

1992 4505 2185 4550 etonas
2204 4496 2348 4550 beati
2380 4496 2597 4551 Martini
2627 4498 2860 4564 abbatis,
2892 4497 3142 4566 discipuli
3184 4497 3328 4552 beati
3356 4497 3501 4550 Mar—

1993 4587 2093 4641 tini
2124 4586 2409 4643 Turonicaa
2446 4589 2594 4643 urbis
2627 4589 2887 4658 episcopi,
2935 4589 3043 4657 qui.
3072 4589 3126 4642 in
3158 4586 3503 4644 monasterio

1990 4680 2132 4747 quod
2163 4679 2279 4748 ipse
2307 4678 2597 4734 aedificavit
2633 4680 2686 4734 in
2714 4694 2848 4749 pace
2874 4680 3128 4749 quiescit.
3180 4678 3379 4734 Eodem
3414 4678 3503 4734 die

1992 4772 2045 4825 in
2072 4769 2351 4841 Spolitana
2379 4772 2515 4826 urbe
2537 4769 2596 4826 S.
2624 4770 2814 4830 Sabini
2838 4772 3077 4842 episcopi
3134 4780 3190 4827 et
3227 4771 3499 4841 martyris.

1996 4862 2053 4916 In
2083 4876 2219 4932 pago
2245 4862 2537 4918 Mellicensi
2567 4871 2773 4919 sanctae
2798 4862 2952 4917 Ferae
2977 4863 3225 4934 virginis.

1921 4952 1987 5008 Vl
2013 4954 2139 5009 idus
2168 4954 2422 5009 Decemb.
2449 4954 2634 5010 Roma:
2662 4953 2840 5010 natale
2885 4954 2945 5008 S.
2994 4953 3313 5011 Euticbiani
3348 4966 3501 5021 papae

1987 5052 2042 5098 et
2071 5042 2345 5112 martyris,
2386 5043 2477 5112 qui
2513 5051 2569 5099 et
2598 5044 2711 5112 ipse
2739 5059 2835 5113 per
2873 5044 3086 5099 diversa
3118 5042 3235 5095 loca
3285 5056 3495 5119 cccxx."

1992 5142 2259 5202 martyres
2290 5146 2454 5186 manu
2484 5148 2579 5187 sua
2607 5134 2871 5209 sepelivit.
2913 5131 3064 5202 Apud
3107 5125 3494 5184 Alexandriam

1987 5223 2244 5279 Macharii
2291 5225 2569 5296 martyris.
2612 5226 2671 5279 In
2725 5224 2999 5280 territorio
3042 5220 3279 5291 Dunensi
3333 5219 3497 5289 depo-

1989 5315 2116 5369 sitio
2145 5313 2204 5369 8.
2228 5314 2494 5370 Leonardi
2524 5316 2706 5371 eximii
2738 5311 3087 5370 confessoris.
3154 5346 3157 5349 -

1919 5401 1962 5456 V
1992 5391 2122 5459 ldus
2150 5404 2398 5461 Decemb.
2426 5402 2612 5460 Natale
2635 5404 2693 5457 S.
2728 5401 3049 5456 Leucbadia:
3093 5398 3340 5470 virginis,
3371 5410 3494 5467 quae

1917 5586 2093 5647 adhuc
2115 5592 2224 5647 vita
2253 5584 2553 5646 communis
2579 5589 2721 5644 inter
2745 5590 3033 5646 canonicos
3052 5585 3489 5644 Antissiodoren-

1917 5676 2024 5730 ses,
2056 5671 2113 5716 ut
2143 5670 2291 5733 patet
2315 5677 2380 5717 ex
2414 5662 2514 5716 hoc
2546 5660 2683 5716 loco.
