3992 6304
215 261 359 322 “5'1

291 361 582 431 tissiodero
629 371 896 429 dedicatio
941 359 1187 427 ecclesiae
1214 365 1276 425 S.
1304 363 1568 426 Johannis
1610 362 1795 436 Bapti-
1823 367 1869 426 Α

287 477 408 527 ste.
1260 486 1262 488 '

362 556 504 613 Obiit
527 555 754 611 Abienus
781 554 1056 618 diaconus,
1079 552 1170 625 qui
1213 551 1356 608 dedit
1405 549 1658 622 fratribus
1712 565 1792 605 res

285 649 618 722 proprietatis
646 662 756 701 sui:
776 646 830 701 in
850 643 974 700 villa
1002 661 1118 717 qua:
1147 644 1342 699 dicitur
1369 640 1427 699 S.
1473 640 1792 710 Mauricius,

285 753 335 801 et
371 745 426 798 in
480 741 605 798 eilia
647 756 765 813 quae
798 740 996 794 dicitur
1035 738 1297 804 Antonus,
1347 747 1559 810 propter
1590 739 1793 793 veniam

285 845 619 908 peccatorum
656 831 1066 906 percipiendam,
1100 841 1149 887 et
1173 831 1244 887 ad
1264 831 1346 887 sui
1375 833 1681 887 memoriam
1703 847 1790 889 ce-

282 925 612 982 lebrandam.
921 930 929 939 '
1701 937 1704 940 ’

200 1015 281 1075 IX
310 1019 429 1076 Kal.
453 1017 574 1074 Jan.
614 1015 800 1090 Vigilia
825 1015 1032 1072 Natalis
1059 1015 1514 1073 Domini.Eodem
1538 1016 1626 1072 die
1651 1015 1792 1088 apud

284 1110 634 1166 Antiochiam
662 1107 834 1182 Syria:
864 1106 1060 1163 natalis
1107 1106 1206 1162 SS.
1244 1108 1513 1179 virginum
1540 1123 1629 1162 XL.
1663 1108 1794 1176 Quae

281 1218 384 1274 per
406 1203 619 1258 diversa
641 1209 904 1257 tormenta
922 1200 1240 1272 martyrium
1257 1210 1789 1256 consummaverunt.

279 1293 440 1363 Apud
466 1293 744 1363 Spoletum
783 1291 964 1348 natale
1007 1290 1067 1347 8.
1099 1291 1346 1365 Gregorii
1400 1290 1702 1365 presbyteri
1739 1300 1798 1346 et

279 1387 560 1459 martyris,
588 1386 681 1458 qui
715 1399 860 1457 saepe
903 1392 1190 1458 regyratus
1214 1385 1376 1442 variis
1404 1385 1686 1441 tormentis
1711 1393 1796 1442 est

282 1487 601 1536 coronatus.

201 1574 325 1631 Vill
371 1574 489 1631 Kal.
535 1573 655 1630 Jan.
708 1573 985 1630 Bethleem
1039 1570 1304 1628 Nativitas
1346 1571 1642 1628 Salvatoris
1689 1571 1796 1627 Do-

279 1665 414 1722 mini
441 1666 614 1722 nostri
640 1663 768 1722 Jssn
806 1663 1030 1720 Canisri
1077 1663 1372 1720 secundum
1424 1678 1665 1719 carnem.
1690 1662 1794 1717 Eo-

282 1757 406 1814 dem
438 1757 526 1814 die
549 1756 730 1813 natale
755 1756 815 1813 S.
837 1756 1138 1812 Anastasis:
1174 1754 1400 1825 virginis
1430 1763 1484 1810 et
1514 1753 1792 1826 martyris,
1824 1788 1874 1851 Β

279 1864 402 1920 qua:
426 1849 492 1905 de
521 1847 690 1904 Roma
733 1857 921 1905 secuta
967 1858 1053 1904 est
1087 1855 1306 1903 sanctos
1352 1846 1442 1916 qui
1484 1847 1550 1902 ad
1593 1855 1818 1930 marty;

281 1940 423 1995 rium
468 1939 827 1995 ducebantur.
858 1938 1044 1994 Romae
1084 1938 1140 1992 in
1188 1936 1459 1994 cimiterio
1496 1935 1794 2008 Aproniani

277 2031 462 2101 passio
490 2029 548 2087 S.
581 2031 835 2103 Eugeniae
863 2030 1112 2102 virginis.
1370 2064 1374 2068 -

199 2119 298 2178 Vl]
331 2122 450 2178 Kal.
477 2122 602 2180 Jan.
632 2123 788 2195 Apud
815 2121 1204 2194 Jerosolymam
1229 2120 1409 2192 passio
1437 2119 1497 2177 8.
1531 2120 1792 2190 Stephani

277 2216 696 2288 protomartyris
742 2223 799 2272 et
845 2215 1081 2281 diaconi,
1143 2214 1236 2286 qui
1284 2228 1394 2268 non
1460 2211 1632 2268 multo
1675 2221 1797 2283 post

277 2305 670 2363 Ascensionem
729 2304 964 2371 Domini,
1015 2304 1086 2360 ab
1158 2303 1414 2376 apostolis
1463 2317 1587 2357 cum
1651 2310 1796 2357 esset

281 2394 477 2466 plenus
504 2395 606 2451 ﬁde
634 2402 690 2451 et
723 2393 930 2465 Spiritu
961 2401 1171 2459 sancto,
1212 2392 1476 2446 diaconus
1517 2401 1602 2446 est
1649 2390 1796 2445 ordi-

279 2495 460 2550 natus,
495 2493 658 2556 atque
682 2483 871 2542 eodem
896 2498 1038 2540 anno
1064 2497 1173 2554 quo
1201 2490 1257 2537 et
1286 2480 1538 2538 Christus
1574 2495 1793 2551 passus,

283 2590 314 2630 a
341 2574 542 2632 Judazis
575 2583 661 2632 est
701 2575 992 2647 lapidatus.
1026 2573 1230 2630 Eodem
1273 2571 1363 2629 die
1404 2570 1585 2627 natale
1618 2571 1794 2627 sancti

281 2665 474 2722 Marini
505 2665 795 2723 clarissimi
822 2667 948 2736 viri,
978 2665 1070 2737 qui
1102 2663 1353 2736 martyrii
1382 2662 1665 2736 praemium
1693 2661 1796 2718 sub

281 2755 612 2827 imperatore
641 2756 907 2814 Martiano
928 2756 1116 2813 Romae
1144 2755 1370 2827 adeptus
1393 2764 1496 2812 est.

357 2849 498 2907 Obiit
518 2849 859 2923 Ingelboldus
881 2849 1051 2906 miles.
1628 2881 1630 2885 -

210 2940 282 2999 Vl
310 2941 428 2998 Kal.
458 2941 581 3000 Jan.
612 2941 767 3013 Apud
789 2941 1065 3013 Ephesum
1109 2940 1287 2998 natale
1329 2940 1502 2998 sancti
1535 2939 1796 2998 Johannis

285 3033 516 3106 apostoli
550 3040 607 3090 et
629 3031 1198 3105 evangelistaadilecti
1241 3033 1476 3090 Domini.
1523 3032 1626 3090 llic
1671 3041 1794 3105 post

281 3125 432 3221 esilii
454 3125 860 3199 relegationem,
882 3109 1005 3221 post
1026 3125 1381 3221 Apocalypsis
1406 3125 1792 3221 revelationem
1821 3157 1868 3221 ο

283 3215 543 3282 divinam,
566 3225 690 3286 post
715 3215 983 3290 evangelii
1038 3217 1482 3290 descriptionem,
1513 3217 1794 3274 coniectus

289 3309 440 3363 I:cnio
482 3315 729 3365 mortuus
764 3317 851 3365 est
888 3316 1013 3381 post
1038 3310 1346 3381 passionem
1387 3308 1602 3365 Domini
1649 3323 1796 3364 anno

284 3416 474 3468 vaiu,
518 3403 698 3460 aetatis
738 3412 920 3460 autem
963 3419 1074 3462 suae
1115 3403 1470 3475 nonagesimo
1507 3416 1672 3460 nono.
1731 3405 1792 3459 In

286 3492 535 3562 partibus
579 3492 844 3566 Aquileia
869 3491 1051 3555 natale
1092 3492 1152 3551 S.
1192 3491 1341 3551 Zoeli
1385 3493 1694 3565 presbyteri
1740 3502 1798 3549 et

140 3655 148 3662 ’
285 3581 634 3641 confessoris.
1491 3595 1495 3599 ‘

214 3674 282 3730 ν.
310 3674 430 3730 Kal.
472 3673 597 3733 Jan.
642 3675 920 3736 Bethleem
964 3685 1144 3736 natare
1187 3685 1502 3750 sanctorum
1537 3676 1798 3734 Innocen-

291 3765 449 3831 tium,
478 3754 616 3836 quas
640 3764 880 3825 Herodes
907 3782 1034 3826 cum
1059 3767 1262 3825 Christi
1306 3768 1650 3825 nativitatem
1675 3765 1794 3822 Ma-

1554 247 1852 312 KALEND.
1895 246 2249 307 MANTUAN.

3339 259 3478 316 {258

1968 376 2158 433 gornm
2186 361 2386 418 indicio
2413 366 2772 437 cognOvisset,
2819 366 3096 438 trigesimo
3123 371 3314 444 quinto
3345 378 3477 432 anni

1967 454 2123 526 regni
2157 456 2238 511 sui
2277 455 2507 514 interﬁci
2531 458 2715 527 jussit.
2749 461 2846 527 Qui
2895 477 3038 518 anno
3066 462 3249 530 xxxvi,
3291 466 3480 523 incrbo

1974 547 2261 604 intercutis
2289 564 2462 620 aquas,
2492 553 2828 608 scatentibus
2869 564 2984 610 toto
3022 571 3251 628 corpore
3281 559 3478 614 vermi-

1968 637 2095 706 bus,
2119 641 2505 698 miserabiliter
2536 654 2589 699 et
2619 644 2782 715 digne
2807 647 3053 701 moritur.

2042 734 2185 792 Obiit
2241 735 2520 809 Sigradus,
2560 742 2668 810 qui
2719 741 2863 814 dedit
2921 742 3173 818 fratribus
3226 743 3480 802 'mansam

1969 851 2125 890 suum
2154 833 2588 888 indominicatum
2616 851 2733 887 cum
2760 835 2998 889 omnibus
3033 837 3345 906 appenditiis
3372 841 3482 894 suis

1969 928 2028 982 in
2063 944 2198 999 pago
2227 925 2579 993 Tornetrensi,
2615 929 2668 981 in
2698 928 2820 982 uilla
2867 928 3178 997 Cidernaco',
3214 932 3279 986 de
3321 929 3483 989 eam

1969 1036 2346 1090 arpennos.....
2387 1021 2451 1074 de
2476 1021 3001 1090 terra'accingas..."
3029 1023 3096 1076 ad
3129 1039 3340 1078 censum
3363 1024 3480 1094 fra-

1969 1110 2136 1164 tribus
2165 1109 2426 1164 dandum.

1897 1195 1965 1255 IV
1994 1197 2113 1253 Kal.
2145 1197 2268 1254 Jan.
2316 1197 2704 1271 Hierosolyma:
2747 1199 3013 1270 depositio
3057 1198 3276 1257 Davidis
3317 1201 3481 1274 regis.

1967 1290 2123 1360 Apud
2148 1289 2425 1346 Arelatem
2454 1291 2632 1344 natale
2661 1291 2834 1345 sancti
2879 1288 3176 1363 Trophymi
3220 1292 3482 1363 episcopi,

1885 1429 1908 1442 .
1970 1382 2038 1438 de
2059 1395 2166 1452 quo
2193 1380 2386 1436 scribit
2415 1380 2709 1451 Apostolus
2736 1381 2802 1435 ad
2829 1379 3168 1437 Timotheum
3195 1400 3208 1435 :
3244 1381 3482 1454 Trophy-

1969 1490 2130 1543 mum,
2168 1473 2353 1544 reliqui
2395 1473 2665 1542 inﬁrmum
2714 1472 2903 1527 Mileti:
2957 1472 3056 1529 llic
3115 1474 3182 1530 al)
3228 1477 3486 1545 apostolis

1968 1567 2157 1623 Romae
2185 1567 2474 1622 ordinatus
2510 1567 2816 1636 episcopus,
2860 1566 3070 1636 primus
3109 1567 3482 1625 Arelatensem

1973 1659 2161 1713 urbem
2188 1655 2377 1713 Gallias
2402 1657 2472 1712 ob
2496 1657 2698 1712 Christi
2719 1658 3055 1726 evangelium
3078 1659 3482 1729 praedicandum

1971 1751 2210 1806 directus
2233 1757 2336 1806 est.
2361 1749 2440 1804 Ex
2465 1748 2624 1820 cujus
2650 1749 2818 1815 fonte,
2850 1760 2911 1804 ut
2941 1750 3131 1806 beatus
3165 1761 3304 1823 papa
3334 1752 3487 1808 Zosi-

1972 1858 2096 1924 mus
2119 1842 2332 1908 scribit,
2356 1851 2484 1900 tota:
2519 1842 2706 1898 Calliae
2730 1841 2853 1897 ﬁdei
2894 1842 3098 1900 rivulos
3140 1855 3484 1916 acceperunt.

1973 1935 2030 1989 In
2061 1949 2201 2006 pago
2221 1933 2542 1990 Occimense
2569 1934 2751 1988 natale
2775 1935 2950 1988 sancti
2979 1933 3182 1990 Ebrulti
3213 1934 3488 1993 confesso-

1969 2026 2066 2090 ris,
2097 2026 2254 2096 cujus
2298 2032 2446 2096 gesta
2483 2025 2771 2080 habentur.
2811 2024 3184 2081 Antissiodero
3218 2024 3488 2084 dedicatio

1972 2118 2216 2174 ecclesia:
2245 2117 2418 2174 sancti
2442 2116 2720 2173 Michaelis
2745 2125 2800 2174 et
2825 2118 3000 2173 sancti
3036 2118 3350 2175 Clementis.

1897 2208 1964 2266 111
1993 2208 2110 2264 Kal.
2153 2207 2278 2266 Jan.
2331 2209 2487 2280 Apud
2541 2207 2820 2293 Spoletum
2851 2208 3032 2280 passio
3078 2210 3253 2266 sancti
3302 2209 3508 2266 Sabini

1972 2305 2233 2374 episcopi,
2263 2303 2594 2375 Exuperanti
2633 2311 2688 2358 et
2740 2301 2978 2357 Marcelli
3027 2301 3404 2367 diaconorum,
3433 2311 3490 2359 et

1969 2393 2292 2450 Venustiani
2319 2402 2444 2450 cum
2475 2407 2644 2449 uxore
2667 2400 2724 2448 et
2746 2392 2867 2447 (iliis
2919 2390 3081 2447 simul
3119 2392 3488 2463 martyrizatis

1971 2487 2073 2543 sub
2094 2487 2423 2542 Maximiano
2447 2488 2796 2556 imperatore.
2822 2485 3054 2541 Turonis
3079 2483 3261 2540 natale
3285 2483 3340 2544 S.
3357 2483 3488 2541 Per-

1970 2577 2115 2648 petui
2143 2576 2382 2648 episcopi
2410 2586 2465 2632 et
2490 2577 2838 2634 confessoris.

1898 2665 1942 2722 11
1976 2665 2096 2722 Kal.
2129 2665 2251 2722 Jan.
2291 2667 2476 2724 Romae
2505 2667 2684 2724 natale
2717 2667 2776 2724 S.
2820 2666 3064 2723 Silvestri
3105 2682 3257 2740 papa:
3281 2676 3336 2723 et
3355 2681 3486 2726 con-

1971 2757 2212 2823 lessoris,
2253 2759 2407 2830 cujus
2448 2768 2600 2815 actus
2629 2759 2762 2815 clari
2793 2759 3077 2814 habentur.
3105 2759 3205 2814 Hic
3236 2758 3336 2814 fuit
3365 2769 3488 2831 post

1971 2849 2191 2905 beatum
2218 2848 2438 2904 Petrum
2463 2849 2829 2920 apostolorum
2850 2865 3014 2905 xxxv.
3042 2849 3196 2906 Sedit
3225 2857 3404 2906 autem
3431 2851 3486 2906 in

1969 2942 2284 3014 episcopatu
2315 2957 2484 2998 annos
2532 2957 2691 3008 xxxii,
2741 2956 2956 2998 menses
2997 2957 3050 3009 v,
3107 2941 3221 2998 dies
3267 2957 3353 2996 ιι.
3388 2941 3488 2997 Hic

1980 3037 2173 3107 plenus
2204 3037 2496 3091 virtutibus
2524 3037 2658 3092 obiit
2685 3038 2747 3091 'in
2775 3051 2933 3107 pace,
2963 3045 3019 3091 et
3046 3035 3403 3107 sepultus‘est
3433 3037 3486 3091 in

1971 3127 2242 3183 cimiterio
2264 3127 2520 3183 Priscillae
2543 3128 2626 3183 via
2657 3126 2865 3182 Salaria
2892 3127 3066 3199 pridie
3095 3126 3363 3184 Kalendas
3383 3126 3477 3183 Ja-

1972 3220 2175 3275 nuarii.
2201 3219 2355 3289 Apud
2385 3218 2627 3275 Senones
2655 3219 2933 3274 beatorum
2957 3219 3144 3274 Sabini
3168 3218 3402 3289 episcopi
3425 3227 3480 3274 et

1974 3311 2306 3378 Potentiani,
2336 3311 2427 3383 qui
2453 3327 2482 3365 a
2506 3311 2680 3366 beatis
2706 3311 2960 3384 apostolis
2986 3311 3052 3365 ad
3081 3311 3482 3382 prmdicandum

1976 3402 2192 3468 directi,
2223 3402 2501 3471 praefatam
2528 3403 2716 3457 urbem
2749 3402 2993 3474 martyrii
3022 3402 3104 3458 sui
3139 3400 3489 3459 confessione

1977 3492 2240 3548 illustrem
2269 3492 2536 3548 fecerunt.
2571 3492 2728 3557 Item,
2771 3491 3017 3549 Senones
3070 3493 3250 3564 passio
3287 3492 3345 3548 8.
3379 3493 3470 3548 ϐο·

1975 3583 2172 3640 lambin
2196 3584 2443 3655 virginis,
2470 3593 2608 3654 quae
2652 3593 2908 3656 superato
2959 3584 3084 3655 igne
3129 3584 3310 3656 gladio
3345 3599 3488 3642 caesa

1975 3685 2077 3732 CSI.
2942 3710 2944 3712 τ
3305 3697 3312 3702 ‘

2044 3765 2186 3823 Obiit
2211 3769 2462 3825 Anseisus
2485 3767 2866 3825 Trieasinemis
2894 3769 3200 3842 episcopus.
3219 3809 3238 3812 η

228 3943 3415 3976 mm

986 4117 1860 4263 KALENDARIUM
1932 4121 2735 4236 MANTUANUM.

1617 4338 2012 4362 ψ...

541 4484 670 4543 Jan.
697 4485 849 4542 habet
877 4484 988 4544 dies
1016 4499 1173 4552 xxxi,
1197 4483 1311 4543 tua.
1339 4501 1469 4544 xxx.

211 4579 282 4640 Α.
303 4577 416 4636 KL.
445 4575 567 4633 Jan.
595 4575 945 4633 Circumcisio
974 4575 1184 4632 Domini
1213 4576 1468 4635 Bonifatii
1496 4594 1586 4652 pp.

212 4670 251 4728 b
289 4671 396 4726 llll.
427 4667 565 4725 Non.
595 4665 717 4724 Oct.
746 4663 936 4736 Steph.
969 4663 1283 4738 Telesphori
1314 4682 1403 4739 pp.

212 4773 249 4819 c
281 4759 369 4817 Ill.
395 4757 517 4817 Oct.
551 4755 745 4814 Johan.
771 4756 1006 4813 Anteros
1039 4771 1130 4828 pp.
1159 4765 1216 4814 et
1241 4766 1405 4815 mart.

216 4853 254 4911 d
287 4851 352 4910 11.
384 4849 508 4909 Oct.
537 4847 723 4905 lnnoc.

215 4961 252 5004 e
285 4944 424 5002 Non.
451 4942 560 5014 vig.

216 5035 248 5094 f
282 5031 417 5091 Vlll.
438 5032 521 5091 Id.
550 5030 854 5106 Epiphania
880 5029 1116 5088 Domini.

221 5144 256 5199 g
291 5124 400 5183 VII.

219 5220 266 5275 Δ
286 5216 377 5274 VI.

219 5307 359 5368 sv.
1603 5373 1611 5382 ,

223 5416 254 5458 c
287 5398 398 5456 1111.
427 5397 580 5455 Pauli
609 5394 770 5470 primi
793 5393 1000 5452 berem.
1030 5392 1444 5470 Agathonispp.
1541 5424 1553 5430 -·

225 5491 258 5546 (1
297 5490 382 5546 111.
417 5489 592 5560 Yginii
621 5503 711 5560 pp.
743 5494 800 5563 et
822 5485 981 5542 Mart.

226 5599 256 5638 e
293 5583 354 5638 11.

229 5673 254 5732 f
295 5676 433 5734 ldus.
467 5673 588 5730 Oct.
618 5673 897 5745 Epyphan.

550 5769 820 5830 Ριτιιοι..
865 5762 1269 5829 CXXXVIII.

1349 5665 1369 5698 \

1823 4471 1880 4533 D
1905 4501 1938 4558 g
1975 4484 2179 4541 xvun.
2210 4485 2274 4542 Κ.
2302 4487 2431 4544 Feb.
2461 4486 2658 4544 Felicis
2681 4485 2992 4544 Presblteri.

1904 4577 1952 4632 A
1972 4575 2156 4632 XVIII.
2180 4576 2348 4632 Mauri
2380 4578 2518 4634 Abb.

1905 4667 1942 4724 b
1980 4667 2143 4723 XVII.
2178 4668 2414 4724 Marcelli
2443 4683 2534 4739 pp.
2560 4678 2615 4724 et
2643 4667 2800 4724 Mart.
2853 4711 2858 4717 .

1905 4772 1937 4814 c
1972 4757 2113 4814 XVI.
2146 4758 2330 4813 Savini
2354 4758 2598 4829 Episcopi
2630 4767 2685 4814 et
2710 4756 2950 4814 Antonii.

1904 4850 1939 4905 d
1974 4849 2093 4925 XV.
2119 4849 2316 4906 Priscae
2343 4850 2410 4905 V.

1904 4953 1936 4995 e
1970 4937 2130 4994 Xllll.
2159 4939 2404 4996 Bassiani
2434 4939 2706 5012 Episcopi.

1903 5030 1930 5086 f
1973 5031 2109 5086 Xlll.
2142 5031 2365 5088 Fabiani
2397 5048 2485 5104 pp.
2516 5042 2573 5088 et
2606 5032 2675 5088 M.
2710 5032 2924 5091 Sebast.
2957 5034 3029 5090 M.
3071 5071 3140 5104 .A
3205 5069 3232 5100 ί.
3301 5071 3308 5077 .
3369 5075 3372 5078 .
3495 5019 3499 5026 ’

1845 5167 1854 5177 .
1904 5140 1938 5196 g
1973 5124 2087 5180 xu.
2119 5124 2343 5194 Agnetis
2372 5125 2434 5182 v.
3048 5108 3059 5118 '
3274 5111 3282 5119 '

1901 5215 1951 5271 A
1970 5211 2061 5270 Xl.
2090 5212 2358 5271 Vincentii
2385 5223 2441 5271 et
2471 5216 2855 5301 Anastasii'M.
2928 5250 2937 5258 -
3056 5250 3066 5257 ~

1905 5416 1937 5459 c
1971 5401 2128 5459 Vllll.
2165 5400 2432 5463 Timothei
2462 5406 2730 5477 Apostoli.

1906 5493 1940 5548 d
1976 5491 2109 5548 Vlll.
2138 5493 2523 5574 ConversioS.
2547 5495 2738 5554 Pauli.~
2779 5525 2786 5572 ς

1903 5585 2082 5649 θξνίι.
2115 5589 2292 5646 Paula:
2315 5591 2636 5646 Abbatissae.

1906 5678 1931 5732 l‘
1967 5680 2052 5735 Vl.
2081 5679 2330 5738 Vitaliani
2360 5698 2449 5754 pp.

2969 5775 3105 5856 ίιο,
