3992 5350
551 273 686 329 1271

711 389 760 461 vj
800 388 827 442 l
947 384 1015 456 vij
1053 383 1206 440 Chal.

805 501 840 557 ε
972 481 1020 552 \‘j
1059 479 1211 536 Chal.

649 583 761 655 xiiij
803 599 834 638 a
975 596 1010 636 ν
1045 579 1198 637 Chal.

711 679 766 751 iij
807 681 840 737 b
928 680 1002 750 iiij
1042 681 1195 739 Chal.

805 793 836 833 c
951 775 1004 845 iij
1045 777 1199 833 Chal.

708 874 760 947 ι]
800 875 836 931 (ι
969 875 1003 946 ij
1044 875 1197 934 Chal.

707 973 826 1030 Kal.

795 1377 828 1419 e
862 1364 1030 1424 Junii.

667 1462 757 1518 xix
796 1463 822 1517 τ
921 1463 996 1535 iiij
1037 1464 1174 1521 Non.

669 1561 758 1632 viij
799 1577 834 1634 ε
941 1563 997 1634 iij
1039 1561 1180 1620 Non.

679 1661 763 1732 xvj
804 1678 834 1716 ει
961 1662 996 1734 ij
1034 1661 1172 1719 Non.

739 1773 770 1812 ν
805 1759 840 1814 b
876 1757 1192 1815 Non.Junii.

801 1867 833 1909 c
911 1855 1001 1924 viij
1114 1855 1193 1911 Id.

572 1938 593 1958 '
671 1950 838 2022 xiijd
925 1953 996 2024 vij
1122 1952 1198 2008 Id.

730 2046 767 2118 ij
805 2062 838 2104 e
942 2047 993 2118 ν]
1119 2048 1196 2104 Id.

807 2140 835 2194 f
971 2143 1201 2200 vId.

726 2255 834 2312 ιε
933 2240 1010 2313 iiij
1128 2241 1209 2301 Id.

547 2394 550 2396 γ
694 2340 764 2367 """
801 2351 833 2394 a
954 2336 1009 2408 iij
1127 2339 1204 2396 Id.

639 2432 765 2504 xviij
805 2432 839 2489 b
893 2413 931 2432 ‘
975 2433 1008 2504 ij
1129 2435 1206 2492 Id.

692 2528 763 2598 vi]
805 2543 834 2584 c
871 2529 994 2586 Idus
1032 2527 1197 2586 Junii.

799 2627 833 2682 d
877 2627 1006 2699 xviij
1045 2626 1196 2684 Chal.

702 2739 774 2778 xv
811 2738 843 2779 e
908 2725 1017 2798 xvij
1053 2726 1212 2783 Chal.

698 2821 774 2893 iiij
814 2819 840 2876 f
939 2821 1025 2892 xvj
1065 2821 1221 2879 Chal.

819 2935 853 2990 ς
961 2935 1031 2974 xv
1068 2919 1221 2976 Chal.

712 3013 784 3086 ιε]
824 3029 856 3069 a
913 3015 1026 3086 xiiij
1065 3015 1220 3072 Chal.

763 3114 784 3184 j
826 3113 859 3170 ι»
933 3115 1024 3186 xiij
1065 3113 1218 3169 Chal.

820 3226 852 3266 c
955 3213 1028 3284 xij
1065 3212 1221 3268 Chal.

719 3309 775 3364 ix
811 3308 847 3365 d
963 3309 1013 3380 ι]
1054 3309 1208 3365 Chal.

812 3420 844 3459 e
986 3420 1022 3460 ι
1061 3405 1218 3463 Chal.

673 3498 782 3571 xvij
825 3498 850 3555 f
974 3500 1036 3571 jx
1072 3501 1227 3559 Chal.

723 3597 770 3666 ν]
812 3614 846 3668 g
930 3597 1020 3670 viij
1059 3599 1214 3656 Chal.

819 3712 850 3752 a
953 3699 1023 3769 vij
1064 3698 1216 3756 Chal.

661 3795 776 3866 xiiij
818 3795 852 3852 ι)
973 3797 1022 3868 vj
1062 3797 1216 3854 Chal.

715 3891 772 3965 iij
813 3909 843 3950 c
987 3910 1019 3949 ν
1057 3893 1212 3952 Chal.

810 3993 846 4048 d
949 3991 1023 4062 iiij
1062 3992 1216 4051 Chal.

728 4089 782 4162 xj
822 4105 854 4146 e
976 4091 1031 4162 iij
1071 4093 1225 4148 Chal.

836 4186 857 4242 ι
996 4188 1032 4258 ij
1069 4187 1224 4245 Chal.

710 4279 829 4338 Kal.

738 4966 774 5008 ν
808 4966 841 5010 c
949 4953 1026 5025 iiij
1066 4955 1204 5013 Non.

658 5039 662 5044 '
748 5047 857 5105 vd
980 5050 1216 5124 iijNou.

817 5159 854 5201 ο
994 5148 1028 5221 ij
1069 5147 1209 5206 Non.

587 5308 591 5310 γ
691 5237 785 5309 xiij
825 5237 1060 5302 {Nonas
1080 5243 1228 5302 Julii.

1345 265 1636 323 APPEND.
1677 265 1768 320 AD
1799 261 1970 320 SEC.
2011 261 2078 318 Χ.
2114 290 2186 304 -
2220 259 2654 320 MONUMEN'I’A
2690 256 2993 318 LITURG..

1281 383 1538 440 Eleulerii
1559 398 1651 455 pp.
1677 391 1734 440 et
1759 391 1920 438 mart.
1953 381 2240 454 Augustini
2274 379 2546 453 Episcopi.

1285 478 1546 536 Johannis
1575 494 1664 550 pp.
1691 488 1747 535 et
1781 487 1944 535 mari.

1272 579 1456 638 Callcii
1475 621 1491 648 ,
1521 580 1800 648 Canciani,
1829 591 1886 636 et
1911 578 2241 637 Cancianille
2267 577 2541 637 martires.

1273 680 1462 738 Sisinii
1486 681 1725 738 Marliris
1740 721 1756 748 ,
1780 688 1836 738 et
1855 680 2152 739 Alexandri
2171 688 2335 738 mari.

1273 777 1470 834 Felicis
1503 793 1593 848 pp.
1621 785 1676 834 et
1703 785 1866 833 mart.

1271 875 1567 932 Petronille
1594 876 1730 947 virg.

1279 973 1471 1031 Junius
1503 974 1558 1029 in
1589 973 1800 1030 decimo
1837 972 2171 1044 quindenum
2194 985 2226 1026 a
2248 970 2355 1027 line
2381 970 2595 1028 salutat.

1271 1072 1470 1141 Quinta
1495 1080 1661 1128 nocet
1690 1071 1814 1128 deni
1840 1069 1984 1126 Junii
2011 1069 2143 1128 satis
2175 1070 2310 1126 hora
2337 1068 2485 1137 diei.|

1272 1169 1434 1226 Horis
1458 1169 1740 1240 quartanis
1771 1167 2075 1240 quindenus
2101 1166 2313 1223 mordet
2335 1173 2399 1222 ut
2430 1163 2622 1238 anguis
2654 1177 2672 1218 .‘

1280 1266 1479 1322 Junius
1504 1268 1657 1322 habet
1684 1267 1795 1323 dies
1818 1282 1927 1322 xxx
1949 1307 1965 1336 ,
1995 1265 2125 1322 luna
2151 1280 2304 1322 nu.

1275 1366 1622 1423 Nichomedis
1646 1375 1803 1422 mart.

1269 1462 1547 1519 Mal'celini
1577 1472 1631 1519 et
1661 1462 1810 1518 Petri
1838 1471 2000 1518 mart.

1270 1560 1481 1618 Gratini
1505 1560 1777 1632 Episcopi.
1805 1555 2089 1615 Laurentii
2109 1563 2167 1614 et
2189 1555 2246 1613 xl
2263 1560 2429 1613 mart.

1269 1660 1480 1730 Quirini
1509 1660 1759 1731 Episcopi
1781 1668 1837 1716 et
1865 1668 2030 1716 mart.

1276 1757 1540 1814 Bonifacii
1566 1755 1993 1828 ArchiepiscOpi.

1277 1856 1482 1921 Amati,
1509 1855 1703 1910 Donati
1725 1863 1778 1911 et
1801 1853 2102 1927 Peregrini.

1285 1951 1437 2008 Pauli
1459 1962 1514 2008 et
1534 1951 1819 2010 Fortunati

1280 2046 1532 2114 Gethuli,
1561 2048 1832 2114 Amancii,
1856 2056 1912 2103 et
1944 2044 2240 2105 Primitivi.

1286 2142 1475 2211 Primi,
1506 2152 1563 2199 et
1589 2142 1850 2200 Feliciani
1874 2157 2012 2199 mar.

1293 2241 1676 2299 Panthaleonis
1707 2257 1846 2297 mar.

1291 2339 1538 2397 Berllabe
1564 2339 1830 2410 Apostoli.

1295 2435 1563 2502 Basilidis,
1597 2436 1790 2503 Cirini,
1822 2435 2078 2503 Naboris,
2105 2442 2163 2492 et
2191 2432 2412 2490 Nazarii
2433 2444 2577 2488 mar.

1273 2531 1510 2603 .Luciani
1539 2542 1595 2588 ct
1620 2531 1926 2588 Fortunati.
1954 2531 2178 2589 Antonii
2205 2529 2365 2590 Conf.

1274 2628 1533 2696 Felicule,
1559 2630 1742 2688 Eliisei
1773 2631 2062 2701 Propllete.

1287 2728 1395 2784 Viti
1425 2737 1481 2785 et
1508 2727 1735 2785 Modesti
1763 2744 1901 2800 mar.
1925 2727 2262 2786 Crescentie.

1298 2822 1484 2880 Fenoli
1507 2823 1840 2897 Presbyteri.

1298 2920 1479 2976 Albini
1507 2929 1669 2976 mart.

1297 3015 1464 3074 Marci
1494 3027 1549 3073 et
1586 3017 1882 3076 Marcellini
1918 3027 2079 3078 mart.
2106 3013 2296 3078 Ymeri
2319 3011 2595 3090 Episcopi.

1299 3114 1544 3171 YervaSii
1565 3124 1621 3173 et
1647 3116 1882 3174 Protasii
1908 3126 2070 3173 mart.

1297 3207 1551 3284 Crispinh

1286 3311 1499 3369 Silverii
1529 3326 1618 3384 pp.
1646 3320 1701 3368 et
1727 3319 1890 3368 mart.

1286 3407 1504 3464 Eusebii
1533 3407 1794 3480 episcopi.
1825 3405 2006 3463 Albini
2040 3420 2181 3462 mar.

1305 3503 1564 3560 lieltrude
1593 3504 1769 3574 Virg.,
1805 3513 1862 3560 et
1889 3503 2116 3576 Regine.
2149 3501 2267 3574 Vig.
2292 3499 2351 3558 S.
2381 3498 2468 3557 J0.

1292 3600 1556 3658 Nativitas
1589 3600 1651 3658 S.
1681 3601 1944 3659 Johannis
1970 3600 2227 3673 Baptista.

1290 3701 1541 3772 Prosperi
1570 3701 1844 3774 Episcopi.

1288 3799 1512 3856 Joannis
1539 3809 1594 3856 et
1616 3799 1767 3856 Pauli
1793 3815 1930 3856 mar.
1965 3794 2436 3882 VigiliiEpiscopi
2453 3799 2510 3853 et
2528 3807 2671 3852 mar.

1289 3897 1589 3954 Crescentii
1619 3905 1676 3954 et
1708 3895 2062 3968 Crispiniani.

1291 3995 1489 4052 Leonis
1516 4011 1606 4068 pp.
1829 3994 1950 4065 γῆς.
1980 3991 2389 4062 Apostolorum.

1302 4093 1458 4150 Scor.
1490 4093 1678 4164 Apost.
1713 4091 1862 4146 Petri
1893 4105 1940 4146 et
1967 4088 2149 4145 Pauli.

1304 4188 1743 4244 Commemoratio
1774 4187 1836 4245 S.
1863 4187 2046 4243 Pauli.

1298 4285 1404 4342 Ter
1428 4285 1669 4342 decimus
1693 4284 1820 4342 Julii
1845 4285 2056 4342 decimo
2085 4284 2223 4342 iuvit
2248 4299 2318 4340 an
2347 4281 2660 4339 Kalendas:

1297 4383 1564 4454 Dampnat
1595 4383 1887 4440 lredecima
1912 4381 2038 4438 Julii
2061 4389 2222 4440 vocat
2251 4380 2386 4439 hora
2414 4378 2674 4437 secunda.

1297 4477 1473 4551 Hujus
1496 4488 1551 4535 et
1580 4480 1635 4534 in
1663 4479 1816 4535 novis
1843 4477 2070 4535 decimis
2090 4491 2308 4550 quoque
2337 4475 2550 4541 sanciat
2577 4473 2755 4535 horis.

1299 4575 1478 4631 Julius
1501 4576 1654 4631 habet
1675 4576 1788 4632 dies
1818 4591 1980 4640 χχιι,
2009 4573 2140 4632 (una
2167 4587 2301 4632 xxx.

1187 4671 1230 4691 "'
1288 4671 1412 4730 Oct.
1443 4671 1630 4729 Sancti
1655 4669 1920 4728 Johannis
1948 4671 2107 4743 Bapt.

1179 4810 1193 4826 .
1290 4768 1540 4826 Processi
1570 4778 1625 4826 et
1656 4769 1966 4826 Martiniani
1991 4765 2148 4827 Mart.

1188 4908 1202 4926 .
1299 4867 1606 4924 Translatio
1635 4867 1693 4924 S.
1727 4868 1934 4926 Thome
1962 4867 2230 4940 Apostoli.

1305 4956 1615 5013 Translatio
1646 4956 1706 5014 S.
1737 4957 1954 5015 Martini
1989 4956 2268 5033 Episcopi.

1311 5052 1636 5122 Agathonis.

1306 5147 1424 5205 Oct.
1454 5149 1853 5220 Apostolorum.
1931 5152 2098 5210 Ysaie
2128 5149 2423 5225 Propheta.

1266 5321 1270 5326 ι
1304 5244 1551 5313 Δροιοηίὶ
1576 5245 1824 5322 Episcopi
1851 5247 2006 5305 Brix.

3673 235 3798 304 1172

3701 2307 3820 2368 III.

3700 3961 3816 4021 ιιι..

3700 4058 3815 4117 IXL.

3700 4157 3812 4217 IXL.

3695 4645 3811 4708 ιιι.
