3992 5350
601 331 740 392 ηπ
1167 420 1173 427 η
1452 338 1744 397 APPEND.
1782 336 1874 395 AD
1913 335 2085 395 διες.
2115 336 2185 393 x.
2225 365 2298 381 —
2335 332 2768 397 MONUMEN'I‘A
2806 335 3086 399 mune.
3705 333 3815 395 me

1306 454 1608 526 September
1633 456 1785 511 habet
1812 456 1922 512 dies
1942 471 2076 522 xxx,
2096 453 2227 521 luna
2245 470 2378 529 nx.

654 546 739 618 ιν]
800 545 828 603 Ι
854 546 1210 629 Septembris.
1305 548 1478 605 Prisci
1517 564 1655 621 mar.
1696 547 2131 621 Egidiiabbatis.

712 655 746 695 ν
801 657 835 713 g
871 640 946 711 iiij
1047 641 1185 699 Non.
1300 641 1437 699 Justi
1476 644 1736 714 episcopi.

803 746 834 787 a
870 732 925 803 iij
1045 731 1184 788 Non.
1297 732 1491 789 Marini
1545 742 1601 789 et
1652 733 1871 793 Leonis.

648 825 737 897 xiij
800 826 835 882 b
872 824 905 895 ij
1041 824 1181 882 Non.
1302 826 1523 882 Ruﬁini.
3582 812 3646 875 ι

580 926 583 929 ‘
703 918 738 989 ij
802 933 833 973 c
869 916 1007 973 Non.
1049 915 1181 988 Sept
1299 918 1525 974 Taurini
1576 926 1631 975 et
1680 918 1885 987 Quinti.
2184 962 2191 969 .

798 1010 832 1065 d
868 1008 958 1081 viij
1047 1010 1126 1066 Id.
1296 1010 1523 1083 Eugenii
1578 1012 1828 1083 Episcopi
1873 1009 2154 1068 Zacharic
2200 1007 2437 1069 Profew.

705 1117 741 1159 ι
805 1117 837 1160 e
873 1102 944 1175 vij
1040 1103 1118 1160 Id.
1224 1112 1225 1115 ‘
1299 1104 1578 1161 Elodoaldi
1633 1103 1792 1161 Conf.

799 1194 828 1249 f
1044 1196 1121 1252 Id.
1305 1195 1571 1251 Nativilas
1624 1195 1682 1251 S.
1736 1195 1925 1252 Maria.
1972 1192 2218 1267 Adriani:
2244 1208 2384 1252 mar.
3709 1185 3814 1249 ιιι..

618 1292 745 1363 xviij
806 1309 839 1365 ε
874 1308 907 1345 v
1040 1293 1119 1349 Id.
1302 1292 1560 1363 Gorgonii
1620 1308 1759 1349 mar.
2614 1284 2617 1285 ⁷

796 1406 830 1448 a
868 1390 945 1463 iii]
1043 1391 1122 1449 Id.
1298 1389 1507 1463 Hylarii
1552 1406 1644 1462 pp.

798 1486 834 1543 b
873 1486 927 1558 lij
1044 1486 1121 1542 Id.
1294 1485 1481 1541 Prothi
1523 1494 1579 1541 et
1625 1485 1853 1542 Jacincti
1911 1502 2050 1542 mar.
2101 1484 2343 1557 Eugenie
2389 1482 2543 1555 Virg.

672 1598 744 1639 xv
802 1599 834 1641 c
868 1584 904 1655 ij
1038 1583 1118 1639 Id.
1300 1581 1614 1655 Serapionis
1662 1599 1799 1638 mar.

658 1680 739 1752 Iiij
801 1681 835 1737 d
874 1682 997 1738 Idus
1035 1681 1186 1754 Sept.
1300 1683 1628 1738 Sanctorum
1681 1682 1753 1738 29
1808 1696 1951 1751 mar.

803 1790 835 1831 e
868 1774 995 1846 xviij
1058 1774 1213 1830 Chal.
1288 1773 1523 1831 Cornelii
1571 1783 1626 1829 et
1665 1773 1925 1845 Cipriani.
1974 1771 2250 1831 Exultatlo
2295 1770 2354 1831 Β.
2406 1768 2620 1837 Crucis.
3709 1760 3813 1825 In.

725 1863 797 1936 xii
837 1864 859 1919 ί
907 1865 1014 1937 xvij
1075 1865 1210 1923 Chal
1306 1865 1612 1921 Nicomedis
1672 1881 1791 1919 mar

758 1955 780 2025 j
819 1974 855 2030 ε
888 1958 978 2029 xvj
1071 1958 1224 2014 Chal.
1301 1959 1599 2029 Euphemie
1639 1959 1792 2028 Virg.
1830 1966 1887 2014 et
1935 1973 2073 2015 mar.

817 2061 847 2101 a
884 2063 957 2113 xv
1065 2046 1219 2103 Chal.
1295 2048 1563 2103 Restitute
1611 2048 1762 2119 Virg.

723 2138 785 2210 jx
822 2138 858 2195 Ι)
894 2138 1007 2211 xiiij
1070 2139 1221 2197 Chal.
1293 2141 1565 2213 Eustorgii
1613 2150 1668 2196 et
1715 2140 1900 2196 Satiri.

812 2253 843 2294 c
881 2238 972 2309 xiij
1058 2239 1213 2295 Chal.
1289 2238 1531 2295 Januarii
1588 2239 1859 2310 Episcopi.
1918 2236 2080 2295 Sosii.
2129 2237 2301 2308 Festi,
2350 2248 2407 2297 et
2462 2234 2679 2303 Proculi
2734 2253 2877 2308 mar.

675 2335 781 2407 xvij
822 2340 856 2393 d
894 2338 966 2411 xij
1060 2338 1211 2396 Chal.
1289 2340 1489 2401 Fauste
1538 2340 1686 2412 Virg.
1798 2339 1922 2413 Vig.

723 2428 774 2503 vj
815 2445 846 2486 e
881 2406 962 2502 xjv
1056 2432 1206 2489 Chal.
1285 2433 1486 2490 Μαιὴεὶ
1541 2406 1779 2505 Apostoli
1830 2406 1896 2490 et.
1930 2434 2285 2509 Evangelia“.
3576 2432 3641 2490 Ι).
3706 2432 3809 2492 ΠΙ..

815 2527 840 2582 f
882 2544 916 2585 κ
1060 2529 1213 2587 Chal.
1291 2530 1525 2587 Mauritii
1569 2540 1623 2588 et
1665 2531 1949 2588 Sociorum
1999 2532 2136 2615 ejus.
3706 2528 3808 2587 ω..

663 2622 776 2695 xiiij
816 2639 851 2696 ε
888 2622 999 2696 viii]
1058 2624 1211 2680 Chal.
1291 2625 1451 2683 Tecle
1496 2626 1644 2699 Virg.
1699 2618 1957 2683 Calimeri
2011 2627 2132 2700 Epi.
2182 2625 2305 2684 Lini
2362 2641 2453 2717 pp.
2503 2634 2559 2693 et
2610 2640 2749 2693 mar.
3705 2617 3809 2676 mu

712 2718 767 2789 iij
807 2736 838 2775 a
878 2720 968 2794 viij
1060 2721 1213 2779 Chal.
1291 2723 1584 2797 Conceptio
1642 2722 1701 2780 S.
1759 2723 2027 2793 Johannis
2082 2725 2239 2797 Bapt.

800 2820 838 2887 ι)
874 2820 943 2893 vij
1070 2821 1223 2879 Chal.
1296 2823 1645 2879 Barduniani.

596 2972 601 2975 .
722 2918 758 2990 ij
799 2933 829 2974 c
867 2918 922 2988 vj
1066 2918 1221 2977 Chal.
1296 2921 1548 2993 Cypriani
1599 2930 1653 2978 et
1692 2921 1903 2993 Iustine
1948 2938 2087 2981 mar.
2133 2920 2316 2996 Vigilil
2369 2921 2652 2996 Episcopi.
3702 2907 3807 2971 ml-

662 3015 753 3084 xjx
791 3016 825 3072 d
863 3033 896 3072 ν
1061 3017 1215 3074 Chal.
1291 3018 1485 3075 Cosme
1530 3030 1585 3075 et
1637 3021 1885 3076 Damiani
1930 3036 2069 3076 mar.
3699 3007 3803 3066 In“

788 3115 921 3175 eiii
1063 3120 1219 3178 Chal.
1296 3121 1520 3179 Silviani
1583 3122 1836 3194 Episcopi
1902 3123 2051 3181 Brix.
2913 3147 2920 3153 -
3326 3158 3329 3159 κ
3698 3105 3803 3173 IXI-

660 3209 749 3282 viii
789 3212 815 3267 ι
860 3212 917 3286 iij
1059 3214 1211 3272 Chal.
1288 3216 1573 3275 Festiuilas
1620 3217 1678 3275 s.
1722 3219 1997 3289 Michaelis
2052 3217 2391 3289 Archangoli.
3693 3201 3803 3271 IXL

790 3319 824 3375 8
859 3301 896 3373 ii
1062 3305 1215 3364 Chal.
1293 3307 1551 3365 Jeronimi
1597 3308 1891 3366 Presbiteri
1952 3309 2256 3367 Cardinalis
2304 3318 2360 3365 et
2416 3310 2685 3371 Doctorls.
3695 3294 3799 3352 ΙΙΙ..

682 3396 806 3456 Kal.
1289 3403 1504 3467 Tertius
1555 3404 1805 3463 Octubris
1860 3404 2045 3464 Pullus
2092 3407 2278 3465 decem
2332 3407 2387 3463 in
2442 3406 2634 3463 ordino
2690 3413 2874 3465 necat.
3510 3396 3519 3405 ’

1295 3500 1514 3559 Sauciat
1560 3501 1810 3560 Octubris
1857 3504 1914 3560 in
1958 3503 2141 3576 quinis
2190 3504 2385 3567 tertius
2432 3502 2606 3561 horis.

1292 3599 1460 3670 Inque
1508 3601 1596 3658 die
1647 3601 1783 3658 dena
1829 3601 1989 3673 hujus
2034 3600 2182 3669 ferit,
2242 3601 2377 3658 hora
2429 3616 2661 3661 novena.

1280 3693 1509 3753 Octuber
1563 3698 1717 3754 habet
1760 3698 1870 3754 dies
1923 3714 2055 3767 nx,
2111 3698 2240 3759 (una
2290 3714 2443 3756 xxxx,

661 3788 752 3862 ιη
791 3803 826 3848 ι
859 3788 1134 3851 Octubris.
1278 3792 1511 3867 Remigii
1557 3794 1830 3867 Episcopi.

713 3903 749 3945 ν
782 3888 821 3949 b
855 3887 906 3961 vi
943 3888 1084 3948 Non.
1275 3888 1496 3947 Eusebii
1540 3906 1627 3961 pp.
1676 3902 1732 3947 et
1781 3907 1920 3949 mar.

645 3987 737 4057 xiij
778 4004 809 4046 c
843 4005 876 4043 ν
945 3988 1084 4046 Νοη.
1274 3989 1515 4048 Duorum
1561 3991 2006 4062 presbiterorum.
2780 4042 2783 4043 ν

700 4085 735 4157 ij
777 4086 809 4143 d
848 4085 921 4157 iiij
944 4085 1086 4144 Non.
1284 4088 1566 4145 Francisci
1617 4088 1773 4145 Conf.
2528 4148 2535 4149 ,
3564 4078 3629 4140 θ’

785 4197 817 4240 e
854 4182 911 4255 iij
948 4182 1089 4239 Non.
1288 4184 1533 4240 Flaviani
1585 4185 1859 4257 Episcopi.
3688 4165 3795 4230 ω

713 4294 750 4334 x
785 4277 814 4334 ἲ
856 4278 892 4349 ij
953 4278 1094 4336 Non.
1275 4281 1423 4336 Cain
1470 4292 1525 4337 et
1574 4280 1748 4338 Emeli
1782 4300 1795 4335 :
1830 4280 2001 4338 Fidis.
2046 4280 2199 4355 Virg.

788 4388 822 4447 ε
857 4373 1039 4433 Nonas
1080 4372 1211 4434 Oct.‘
1275 4376 1440 4433 Marci
1489 4394 1580 4449 pp.

621 4461 746 4534 xvlij
788 4478 820 4521 a
857 4465 949 4538 viij
1087 4465 1219 4524 'Id.‘
1279 4466 1513 4541 Pellagie
1571 4468 1719 4543 Virg.
1778 4478 1834 4526 et
1881 4486 2020 4526 mar.
3683 4454 3789 4515 m-

668 4558 741 4632 vij
779 4558 817 4617 b
851 4559 923 4634 νῆ
1115 4564 1193 4621 Id.
1266 4564 1542 4622 Domnini.
1586 4566 1831 4624 Dionisii.
1886 4565 2116 4624 Rustici.
2159 4576 2215 4624 οι
2255 4564 2553 4626 Eleuther“
2607 4574 2770 4625 mart.
3318 4601 3322 4605 -
3682 4550 3789 4617 ων

786 4674 818 4717 c
852 4656 903 4729 Vi
1114 4662 1194 4721 Id.
1274 4662 1595 4720 Sanctorum
1649 4665 1775 4734 550.
1831 4682 1969 4725 mar.

679 4762 748 4803 xv
785 4751 819 4806 d
854 4767 891 4807 ν
1116 4754 1195 4813 Id.
1240 4740 1567 4814 Eustachii.
1624 4757 1862 4830 Agapiti,
1926 4758 2209 4832 Theopisti
2256 4767 2314 4817 et
2359 4759 2651 4832 Theoplste
2702 4774 2844 4829 mar.

666 4844 744 4917 liij
782 4859 815 4904 e
849 4846 927 4921 iii]
1112 4852 1193 4909 Id.
1266 4854 1523 4912 Venantii
1574 4855 1847 4928 Episcopi.

787 4947 818 5002 f
847 4946 903 5021 iij
1114 4953 1191 5011 Id.
1266 4957 1551 5017 Athanasii
1596 4960 1869 5032 Episcopi.

638 5041 716 5101 xii
749 5040 821 5115 ξε
853 5040 891 5114 ii
1102 5045 1183 5105 Id.
1268 5050 1467 5109 Calixti
1518 5068 1608 5127 pp.
1657 5062 1714 5127 et
1762 5068 1907 5129 mar.

734 5139 753 5190 ἰ
791 5154 823 5190 a
860 5138 984 5190 Idm
1019 5141 1213 5190 natum-
1268 5147 1461 5190 ιηηηις

3942 772 3943 827 l

3940 970 3943 1033 l
