3992 6304
645 283 787 342 1237
1442 279 1736 337 APPEND.
1768 276 1861 337 an
1900 276 2073 336 ssc.
2114 277 2181 335 x.
2219 306 2293 321 -
2325 275 2753 335 MONUMENTA
2786 276 3057 335 mune.
3340 252 3351 258 ’
3694 258 3785 347 his

694 414 3777 447 ν-----------------------------

1859 586 2679 680 FRAGMENTUM

1168 794 1517 856 ALTERIUS
1552 793 1795 855 MULTO
1840 792 2290 865 ANTIQUIORIS
2325 794 2911 857 VALLUMBROSANI
2948 796 3389 859 KALENDARII.

632 1611 676 1667 E

630 1702 675 1763 Ρ

627 1798 674 1855 G

626 1890 675 1949 Δ

626 1982 671 2041 Β

626 2074 670 2131 C

628 2168 675 2225 Β

627 2261 674 2318 Ε

624 2351 668 2407 F

627 2443 673 2500 G

990 1144 1139 1201 Had.
1174 1142 1329 1199 habet
1351 1141 1407 1198 ὀ.
1438 1155 1590 1209 xxxi,
1634 1137 1672 1196 ι.
1694 1154 1827 1196 xxx.
2247 1124 2305 1189 Δ
2325 1137 2373 1192 Α
2423 1134 2557 1223 xiiii.

2247 1124 2373 1192 ΔΑ
2423 1134 2557 1223 xiiii.
2590 1135 2748 1221 Chal.
2789 1134 2957 1213 Marci
2986 1144 3043 1193 et
3069 1136 3417 1199 Marcelliani.

633 1243 678 1300 Β
881 1240 1113 1312 Philippi
1141 1248 1194 1295 et
1211 1235 1399 1294 Jacobi
2317 1224 2362 1280 Β
2450 1226 2566 1282 xiii.
2606 1226 2759 1283 Chal.
2798 1226 3045 1285 Gervasii
3074 1236 3129 1286 et
3154 1228 3406 1287 Protasii.

633 1334 677 1390 c
888 1333 961 1403 vj.
1002 1330 1141 1386 Non.
2316 1315 2360 1374 c
2453 1319 2549 1375 xii.
2588 1318 2745 1375 Chai.

628 1424 676 1481 D
803 1439 854 1480 v.
894 1421 1040 1479 Non.
1098 1418 1347 1477 lnventio
1392 1414 1598 1475 Sancte
1655 1419 1752 1487 υἷι.
1790 1413 2109 1485 Alexandri,
2158 1422 2216 1475 et
2313 1407 2362 1464 D
2464 1411 2542 1466 xi.
2582 1410 2737 1467 Chai.

986 1511 1267 1570 Theadoli.
2312 1492 2358 1549 E
2488 1512 2543 1551 x.
2584 1495 2743 1552 Chal.

749 1610 850 1666 im.
889 1608 1029 1665 Non.
2312 1583 2357 1641 F
2413 1586 2543 1643 viiii.
2584 1587 2737 1644 Chal.
2773 1587 2893 1660 νίς.
2932 1586 2992 1645 S.
3016 1586 3320 1661 Johannis.

771 1704 847 1760 iii.
889 1702 1026 1759 Non.
2311 1676 2360 1735 G
2436 1679 2550 1735 viii.
2590 1677 2745 1736 Chal.
2784 1678 3049 1747 Nativitas
3077 1680 3447 1740 S.Johannis.

778 1796 838 1854 ii.
881 1795 1019 1853 Non.
1054 1793 1114 1852 S.
1139 1790 1406 1851 Johannis
1428 1798 1554 1847 ante
1578 1798 1794 1863 portam
1817 1787 2069 1846 latinam.
2309 1769 2358 1863 θ
2443 1769 2541 1863 νίίο
2582 1770 2746 1828 Chal.

888 1889 1026 1946 Νοη,
1588 1862 1593 1863 ⁷
2308 1862 2354 1916 Β
2471 1862 2546 1919 vi.
2586 1863 2744 1920 Chal.
2783 1862 3048 1922 Johannis
3070 1874 3125 1921 et
3142 1865 3319 1923 Pauli.

740 1983 842 2039 viii.
883 1981 962 2039 ld.
1001 1978 1239 2036 Victoria
1274 1975 1336 2036 S.
1374 1974 1712 2034 Michahelis.
2308 1956 2351 2012 (ἓ
2496 1970 2549 2011 νο
2591 1956 2745 2013 Chal.

756 2075 852 2130 vii,
886 2072 964 2129 ω,
2292 2047 2355 2103 .D
2455 2047 2556 2105 iiii.
2594 2047 2749 2106 Chal.
2837 2059 2942 2122 ing.
2969 2052 3399 2122 Apostolorum.

784 2168 858 2223 vi.
898 2166 977 2222 id.
1016 2164 1272 2222 Gordiam
1308 2169 1364 2220 et
1389 2158 1690 2234 Epimachi.
1724 2155 1784 2216 S.
1812 2154 2108 2216 Christine.
2306 2138 2355 2234 ξ
2496 2138 2577 2234 iii.
2612 2139 2766 2234 Chal.
2833 2140 3075 2234 Apostol.
3107 2140 3251 2196 Petri
3280 2151 3338 2234 et
3366 2140 3529 2234 Pauli.

808 2276 858 2315 ν.
900 2259 979 2316 id.
1022 2258 1080 2314 s.
1118 2256 1344 2314 Antimi.
1438 2227 1454 2234 ’
2305 2227 2352 2283 F

2305 2227 2352 2283 ιε·
2528 2227 2589 2284 ii.
2629 2228 2784 2287 Chal.
2854 2230 3274 2288 Commemorat.
3300 2232 3363 2288 S.
3390 2232 3550 2288 Pauli.

745 2350 845 2422 iiij.
890 2349 969 2405 id.
1006 2347 1189 2404 Nerei.
1217 2344 1414 2404 Achill.
1440 2339 1740 2401 Pancratii.
2313 2412 2321 2422 Δ

2556 2374 2559 2375 ν
2634 2319 2812 2378 Julius
2848 2323 2999 2378 habet
3026 2324 3137 2379 dies
3159 2340 3313 2392 xxxi,
3347 2325 3385 2379 ι.
3417 2341 3535 2380 xxx.

889 2441 968 2499 Id.
2231 2490 2279 2499 _
2307 2413 2355 2468 G
2637 2413 2745 2470 Jul.
2851 2425 2962 2472 oct.
2990 2415 3048 2471 S.
3074 2415 3360 2474 Johannis.

626 2490 670 2591 λ
2230 2490 2283 2552 ³
2306 2502 2354 2560 Δ
2528 2503 2605 2561 vi.
2644 2504 2784 2563 Non.
2886 2507 3133 2566 Processi
3174 2518 3231 2565 et
3263 2510 3502 2567 Martini.

622 2624 666 2682 B
701 2623 843 2681 ldus.
1938 2646 1944 2653 .

1938 2646 1944 2653 .
2306 2597 2351 2651 Β
2420 2624 2421 2627 η
2543 2613 2600 2652 ν.
2638 2597 2776 2654 Νοη.
2890 2598 2951 2656 S.
2995 2600 3256 2659 Mustuole
3283 2602 3353 2657 ν.
3386 2607 3508 2666 r1014

2496 2687 2593 2744 iiii.
2630 2688 2768 2746 Non.
2881 2690 3189 2749 Translatio
3218 2692 3278 2748 S.
3314 2692 3512 2749 Thome
3534 2698 3585 2758 »Β

2511 2782 2591 2837 iii.
2632 2781 2772 2838 Non.
3309 2825 3315 2828 ν

2530 2875 2590 2945 ii.
2628 2874 2768 2932 Non.
2878 2874 3002 2933 Oct.
3023 2876 3407 2949 Apostolorum
3427 2877 3478 2933 4.
3503 2875 3696 2935 Romuli.

621 2715 666 2772 C
703 2717 836 2772 xvii.
878 2714 1034 2772 Chai.

621 2809 668 2865 D
732 2808 842 2864 xvi.
878 2805 1035 2864 Chal.

620 2899 667 2957 E
749 2912 839 2953 xv.
877 2895 1032 2953 Chal.

621 2986 664 3045 1⁵
715 2987 852 3043 xiiii.
890 2984 1046 3042 Chai.
2304 2968 2351 3025 F
2627 2968 2767 3027 Non.
2875 2968 3150 3025 Dedicatio
3177 2968 3439 3028 Ecclesie.

620 3079 687 3138 (ἴ
735 3078 851 3135 xiii.
891 3076 1047 3135 Chal.
2307 3060 2355 3117 G
2473 3060 2589 3117 viii.
2694 3060 2773 3117 1d.

619 3173 669 3229 A
755 3172 853 3228 xii.
891 3169 1047 3227 Chal.
2304 3153 2352 3210 Δ
2497 3154 2592 3209 vii.
2695 3152 2773 3211 Id.

619 3261 667 3321 Β
774 3262 850 3318 xi.
891 3260 1047 3319 Chal.
2305 3244 2351 3300 Β
2518 3246 2593 3301 vi.
2704 3244 2784 3301 ω.
2902 3244 3120 3317 Septem
3146 3245 3419 3305 Fratrum.

622 3352 667 3411 C
795 3369 851 3409 x.
892 3351 1048 3409 Chai.
2306 3332 2352 3391 C
2562 3349 2619 3390 v.
2726 3332 2806 3391 id.

623 3425 671 3499 ι’)
731 3443 863 3501 viiii.
899 3441 1070 3501 Chal.‘
2307 3430 2356 3487 ι)
2535 3430 2611 3488 iv.
2722 3429 2801 3487 id.
2909 3429 3143 3488 Nahoris
3176 3438 3231 3489 et
3267 3430 3464 3489 Felicis

744 3535 862 3592 viii.
900 3533 1053 3592 Chal.
1097 3529 1304 3592 Urbani
1327 3545 1420 3606 pp.
1446 3537 1505 3591 et
1523 3526 1751 3590 Zeuohii
1781 3525 2057 3603 Episcopi.
2307 3522 2355 3580 E
2530 3522 2611 3579 iii.
2720 3522 2795 3577 ιδ.

760 3626 857 3683 vii.
897 3624 1054 3683 Chal.
2308 3612 2354 3670 F
2550 3613 2610 3668 ii.
2719 3611 2798 3668 ld.
2906 3612 3163 3685 Eugenue

771 3717 847 3774 vi.
887 3714 1044 3773 Chal.
2309 3703 2357 3761 (ἓ
2502 3702 2651 3762 ldus.
2905 3704 3108 3773 Quiric’
3148 3713 3206 3763 et
3247 3702 3455 3765 Julitte.

792 3822 865 3867 .v.
903 3806 1060 3866 Chal.
2237 3844 2283 3868 ,,
2311 3796 2359 3854 Δ
2430 3798 2567 3854 xvii.
2608 3796 2762 3855 Chai.
2908 3796 3048 3868 Aug.

2309 1769 2358 1825 Δ

2308 1859 2354 1916 Β

2308 1954 2351 2012 C

2292 2046 2355 2103 .D

2306 2135 2355 2192 E

2305 2224 2352 2283 Γ

2307 2409 2355 2468 G

2234 2490 2354 2560 ΒΔ

2306 2594 2351 2651 Β

2305 2687 2351 2743 C

2306 2779 2354 2837 D

2307 2874 2354 2932 E

2304 2967 2351 3025 F

2307 3059 2355 3117 G

2304 3153 2352 3210 Δ

2305 3242 2351 3300 Β

2306 3332 2352 3391 C

2307 3430 2356 3487 D

2307 3522 2355 3580 E

2308 3612 2354 3670 F

2309 3703 2357 3761 (ἓ

2234 3796 2359 3946 es

2307 3980 2352 4038 C

2307 4074 2355 4131 D

2308 4166 2353 4225 E

2306 4258 2351 4315 Ε

2306 4353 2354 4413 G

2304 4444 2354 4502 Α

2304 4534 2350 4590 Β

2305 4623 2349 4682 C

2306 4715 2353 4772 D

2306 4807 2354 4865 Ε

2305 4899 2352 4956 F

2306 4994 2355 5057 G

2234 5220 2352 5327 DB

2495 3891 2605 3947 xvi.
2646 3890 2815 3947 Chal.‘

2515 3998 2605 4039 xv.
2648 3983 2801 4039 Chal.

2459 4076 2597 4132 xiiii.
2637 4075 2793 4132 Chal.

2477 4167 2592 4223 xiii.
2632 4166 2787 4223 Chal.
2863 4165 2921 4224 S.
2962 4166 3271 4239 Margarile.

2496 4260 2592 4316 xii.
2633 4260 2787 4318 Chal.
2861 4258 3128 4318 Praxedis

2515 4355 2589 4411 xi.
2631 4355 2784 4412 Chal.
2864 4353 2922 4411 S.
2955 4354 3121 4412 Marie
3146 4352 3381 4426 Magdal.
3414 4357 3534 4418 >103

759 3900 858 3958 iiii.
899 3896 1056 3957 Chal.

781 3991 862 4049 iii.
900 3988 1055 4049 Chal.

970 4081 1103 4139 Jun.
1136 4080 1291 4138 habet
1316 4080 1427 4138 dies
1452 4094 1582 4148 xxx,
1610 4080 1650 4136 ι.
1675 4093 1871 4139 xxvm.

828 4175 957 4235 Jun.
986 4175 1201 4235 Proculi
1231 4183 1288 4231 et
1312 4174 1624 4233 Nicomedis
1652 4174 1711 4230 iii
1732 4173 1797 4229 L.

759 4267 859 4327 iiii.
889 4267 1030 4323 Non.
1059 4264 1356 4322 Marcellini
1383 4273 1440 4320 et
1463 4262 1610 4321 Petri
1636 4264 1717 4319 iii.
1753 4262 1817 4319 L.

757 4356 838 4414 iii.
877 4355 1018 4412 Non.
1056 4353 1162 4410 SS.
1193 4352 1490 4411 Alexandri
1523 4352 1676 4426 Epis.
1707 4358 1768 4419 ὦ

623 3533 672 3592 Ε

621 3623 668 3682 F

621 3715 671 3775 G

621 3812 673 3868 Δ

622 3901 669 3959 Β

629 3992 675 4050 C

618 4177 666 4236 E

617 4269 664 4327 F

617 4358 667 4415 ϐ

610 4446 667 4506 -Δ

617 4539 663 4598 Β

618 4723 662 4782 C

622 4817 669 4871 D

621 4906 668 4964 E

621 4999 667 5057 F

620 5092 669 5151 G

620 5186 671 5242 Α

622 5276 667 5331 Β

777 4448 838 4505 ii.
877 4445 1021 4505 Non.
2304 4445 2354 4502 Α
2534 4462 2591 4504 x.
2632 4446 2787 4503 Chal.
2859 4447 3196 4517 Apolenaris.

879 4536 1016 4596 Yon.
1072 4532 1399 4594 Sanctorum
1454 4533 1593 4594 Mar.
1636 4533 1871 4595 Naooris
1917 4542 1977 4594 et
2026 4533 2207 4595 Nan-
2304 4534 2350 4590 B
2454 4536 2587 4591 viiii.
2633 4536 2785 4593 Chal.
2861 4535 3023 4609 Vigil.
3068 4536 3130 4593 S.
3168 4536 3401 4594 Jacobi.‘

937 4630 1025 4688 rii.
1060 4634 1120 4695 v11
2305 4625 2349 4682 C
2474 4626 2590 4683 viii.
2633 4625 2790 4683 Chal.
2866 4626 3075 4684 Jacobi.
3120 4626 3366 4697 Xpofori.

731 4722 847 4779 viii.
880 4722 959 4779 Id.
2306 4715 2353 4772 D
2497 4717 2593 4773 vii.
2634 4717 2789 4774 Chal.
2866 4716 2926 4774 S.
2970 4721 3126 4775 Anne
3164 4717 3355 4775 Matris
3395 4716 3601 4776 Domine
3627 4715 3723 4778 E03

764 4814 859 4871 vii.
897 4814 978 4870 Id.
2306 4810 2354 4865 Ε
2510 4810 2586 4865 vi.
2629 4810 2787 4865 Chal.

782 4906 857 4962 vi.
898 4904 975 4961 Id.
2305 4902 2352 4956 F
2528 4918 2584 4959 v.
2624 4902 2778 4959 Chal.
2851 4902 3068 4959 Nazarii
3115 4912 3172 4960 et
3214 4903 3379 4961 Celsi.
3522 4962 3529 4971 ,

802 5013 857 5055 v.
898 4996 976 5055 ld.
1017 4994 1185 5054 Primi
1214 5004 1270 5054 et
1296 4993 1578 5056 Feliciani.
2306 4994 2355 5057 G
2497 4995 2599 5051 iiii.
2638 4996 2792 5054 Chal.
2866 4997 3086 5065 Felicis,
3115 4996 3400 5070 Simplicii,
3420 4984 3787 5053 Faustinietlier

740 5091 839 5149 iiii.
878 5090 956 5148 Id.
1843 5092 1906 5154 »Β
1952 5134 1955 5135 ν
3022 5091 3193 5147 tricis.
3526 5106 3545 5109 "

766 5185 847 5283 iii.
997 5183 1247 5283 Rara-alie
1270 5183 1387 5283 ἓν..
1414 5183 1786 5283 ξῑριξηοςτίἰὶ.
1919 5272 1954 5283 η
2226 5180 2353 5283 »ἓ
2534 5180 2612 5283 iii.
2650 5181 2804 5283 Chai.
2881 5182 3092 5242 Abdon.
3134 5192 3191 5240 et
3241 5183 3473 5240 Sennen.

780 5275 839 5332 ii.
875 5274 952 5331 Id.
992 5275 1239 5333 Basilidis
1264 5274 1451 5332 Cvrini
1480 5273 1711 5331 Naboris
1740 5272 1979 5331 Nazarii.
2226 5272 2277 5283 "
2308 5272 2352 5327 Β
2547 5274 2605 5330 ii.
2646 5273 2804 5332 Chal.
3498 5330 3503 5333 .

623 5366 667 5424 C
902 5366 1025 5424 ldus
2379 5365 2660 5423 Terdecim
2698 5367 2859 5435 Julii,
2909 5367 3119 5424 decimo
3160 5365 3333 5423 innuit
3385 5371 3502 5419 ante
3528 5348 3749 5414 Kalend“.

620 5461 669 5517 D
698 5458 1039 5519 xviii..Chal.
1080 5458 1389 5517 Translatio
1405 5453 2108 5530 S.BartholomeiApostoli
2136 5461 2195 5523 >I<
2307 5461 2349 5519 C
2656 5461 2789 5533 Aug.
2837 5461 2988 5516 habet
3026 5462 3136 5515 die:
3179 5476 3335 5524 χιιι,
3384 5456 3503 5511 luna
3540 5460 3665 5505 xm.

620 5553 666 5627 Ε
722 5553 852 5608 xvii.
891 5551 1047 5608 Chal.
1081 5550 1191 5610 Viti
1221 5562 1277 5611 et
1315 5552 1562 5613 Modesti.
2311 5555 2354 5610 D
2662 5554 2799 5625 Aug.
2848 5550 3074 5609 Vincula
3128 5549 3188 5607 S.
3254 5547 3392 5605 Petri
3440 5536 3777 5599 Machabcoﬂlﬂ'

623 5642 666 5694 Γ
748 5644 860 5697 xvi.
900 5643 1056 5699 Chal.
2523 5646 2620 5701 iiii.
2663 5645 2800 5701 Non.
2879 5642 3138 5713 Stephani
3178 5657 3267 5717 pp.

627 5728 675 5783 (ἶ
772 5748 862 5785 κν.
902 5729 1057 5793 Chai.
2290 5737 2361 5793 Β
2535 5735 2612 5791 iii.
2655 5734 2789 5790 Non.
2863 5734 3102 5791 lnventio
3137 5734 3197 5789 S.
3232 5727 3478 5799 Stephani
