3992 5350
210 280 406 361 ’119³1

337 409 390 479 iij
429 410 581 466 Chal.

352 499 387 569 ij
425 499 577 555 Chal.

253 608 456 665 Junius
469 612 745 685 Itabcljies
767 629 897 685 xxx,
919 613 1044 668 luna
1068 632 1218 671 uix.
1239 614 1457 685 Signum
1473 615 1831 672 Geminorum.

610 681 737 737 Nox
761 684 914 738 habet
939 686 1097 739 horas
1122 700 1196 752 Vl,
1222 681 1334 740 dies
1364 702 1514 743 xvm.

401 774 594 830 Junius
622 773 676 828 in
708 775 938 842 decimo,
968 777 1243 846 quindeno
1271 793 1302 832 a
1333 778 1439 833 fine
1468 779 1687 834 salutat.

403 864 557 921 Chal.
633 865 734 921 SS.
762 865 1041 923 Martirum
1072 868 1285 924 Proculi
1323 878 1378 925 et
1400 869 1725 927 Nicomedis.

323 953 381 1025 jv
419 955 556 1012 Non.
633 956 733 1012 SS.
766 956 890 1012 MM.
922 958 1239 1025 Marcellini,
1266 970 1320 1016 et
1342 960 1508 1016 Petri.

329 1044 387 1115 iij
427 1045 565 1102 Non.

347 1136 382 1205 ij
422 1134 561 1192 Non.

286 1227 385 1298 viij
425 1227 570 1285 ldus.

303 1315 378 1387 vij
417 1317 561 1373 ldus.

320 1407 374 1477 vj
414 1408 556 1471 Idus.

342 1517 376 1555 v
413 1501 554 1556 Idus.

255 1612 259 1616 ι
311 1590 374 1662 jv
410 1591 556 1649 ldus.

319 1680 378 1751 iij
417 1682 560 1739 Idus.

336 1770 373 1844 ij
413 1774 556 1830 Idus.

345 1861 369 1931 j
406 1862 551 1919 Idus.

231 1952 374 2024 xviij
413 1954 566 2011 Chal.

254 2045 375 2115 xvij
415 2045 569 2102 Chal.

270 2134 366 2205 xvj
404 2136 553 2191 Chal.

289 2242 365 2282 xv
402 2227 557 2284 Chal.

271 2377 382 2478 xjvl
406 2407 536 2464 Chal

272 2450 361 2478 ..μ
409 2450 558 2464 ........

271 2497 373 2567 xiij
415 2498 568 2555 Chal.

291 2593 371 2671 ιη
411 2594 563 2650 Chal.

310 2775 364 2844 χ]
405 2774 554 2833 Chal.

329 2883 363 2922 ι
403 2867 557 2923 Chal.

292 3051 358 3120 jx
398 3050 556 3107 Chal.

268 3142 368 3212 viij
409 3144 562 3200 Chal.

286 3234 361 3305 νῇ
403 3234 556 3291 ChaL

302 3322 357 3392 ν]
400 3323 554 3380 Chal.

321 3426 358 3464 ν
397 3413 550 3469 Chal.

297 3502 359 3581 jv
398 3505 550 3561 Chal.

306 3688 363 3757 iij
409 3688 561 3743 Chal.

405 3780 562 3849 Chal.

227 3976 416 4041 Julius
438 3982 590 4036 habet
617 3984 738 4059 dies
752 4000 884 4059 xxa,
903 3984 1029 4039 luna
1050 3985 1444 4059 xxant'gnum
1457 3988 1667 4044 Cancri.
1695 3988 1819 4059 Nox

230 4136 341 4196 'I‘cr
366 4143 607 4200 decimus
627 4143 819 4212 Julius,
846 4146 1033 4203 decem
1067 4146 1245 4203 innuit
1272 4157 1398 4205 ante
1421 4149 1705 4221 Kalendas.

1286 358 1293 365 .
1322 328 1326 332 ‘
1421 307 1647 363 BEDA‘I.
1670 302 1825 362 ΜΔΕ

1979 306 2289 366 )1.Ο(111111.
3379 306 3515 367 1298

1867 425 1917 483 Α
1946 417 2051 488 xvij
2096 418 2248 474 Chal.
2280 457 2294 471 .
2330 456 2344 471 .
2383 456 2398 471 .
2682 460 2691 470 .

1983 510 2072 581 ιν]
2112 510 2265 566 Chal.
2342 510 2400 566 8.
2447 509 2622 566 Alexii
2657 509 2814 571 Coulf.
2978 582 2985 587 ι

1952 665 1975 673 ,Ι
2013 617 2081 655 xv
2111 600 2262 657 Chal.
2336 597 2448 656 Sal.
2475 600 2531 654 in
2554 598 2795 655 Leonem.
2820 599 2877 655 8.
2903 599 3113 671 Rosilli,
3131 610 3182 655 et
3209 600 3265 656 S.
3292 599 3517 657 Amulli.

2231 698 2237 705 ‘
2425 687 2581 749 Conf:
2936 682 2941 689 ’
3293 711 3297 717 ο

1990 781 2081 837 xiv
2117 780 2270 841 Chal.
2346 780 2533 839 Sancti
2559 781 2774 840 Arseni.

1972 869 2063 939 xiij
2114 869 2267 929 Chal.
2344 869 2403 925 S.
2432 868 2773 942 Margharitze
2798 872 2936 946 virg,

1994 961 2069 1031 xij
2108 958 2264 1017 Chal.
2341 960 2399 1015 8.
2426 960 2732 1017 Praxesidis
2758 962 2895 1032 virg.

2004 1049 2056 1119 ι]
2104 1047 2256 1103 Chal.
2344 1049 2402 1103 S.
2432 1047 3516 1121 CyrilliEpisc.;1=:tS.MariaeMagdalenm.

2012 1155 2043 1193 ι
2095 1137 2250 1194 Chal.
2327 1138 2914 1210 S.Apolenarismart.
3379 1154 3385 1159 '

1997 1229 2058 1299 jx
2096 1229 2251 1290 Chal.
2327 1236 2456 1295 >103
2489 1230 2679 1303 Vigilia
2705 1230 2765 1286 S.
2788 1229 2992 1303 Jacobi.

1992 1320 2082 1396 viij
2120 1322 2272 1397 Chal.
2343 1320 2401 1378 8.
2433 1321 2620 1378 Jacobi
2643 1323 2831 1393 Apost.
2857 1323 3111 1389 Zehedci,
3154 1332 3210 1379 et
3258 1320 3315 1379 8.
3358 1322 3517 1395 Chri-

2410 1412 2599 1471 stol‘uri
2630 1422 2793 1470 mart.
2872 1420 2873 1423 ‘
3380 1426 3386 1433 '

1965 1564 1971 1570 _
2003 1505 2070 1578 vij
2103 1506 2259 1565 Chal.
2286 1545 2300 1561 .
2338 1545 2354 1561 .
2382 1545 2395 1559 .
2432 1546 2446 1559 .

2022 1595 2071 1664 vj
2110 1595 2264 1651 Chal.
2300 1636 2315 1651 .
2354 1637 2367 1649 .
2397 1637 2410 1651 .
2445 1634 2460 1651 .

655 499 713 555 S.
741 499 1046 559 Petronillae
1078 501 1281 559 Vidine.
1302 536 1309 537 γ

644 1046 744 1103 SS.
771 1047 1047 1107 Laurentii
1078 1060 1133 1105 et
1161 1049 1468 1121 Pergentini
1493 1050 1749 1109 fratrum.

637 1137 695 1192 8.
720 1138 971 1193 Bonifatii
1013 1139 1268 1195 Martiris.

649 1227 708 1284 S.
733 1229 1025 1289 Alexandri
1051 1231 1229 1302 Episc.
1259 1231 1528 1294 Fesulani.

636 1318 696 1373 8.
729 1317 1006 1374 Fortunati
1044 1319 1189 1390 Epis.
1260 1324 1263 1329 '

634 1409 692 1464 8.
727 1410 875 1469 Meda
884 1412 960 1468 rdi
1000 1411 1109 1468 Con
1118 1411 1155 1468 1⁵.

633 1501 734 1557 SS.
767 1502 888 1556 MM.
916 1503 1083 1557 Primi
1114 1515 1168 1559 ct
1192 1504 1472 1562 Feliciaui.

639 1685 837 1754 Sancti,
862 1686 1107 1742 Barnabe
1139 1687 1402 1762 Apostoli.
2022 1701 2054 1738 ν
2092 1685 2245 1741 Chal.
2322 1686 2423 1745 88.
2454 1686 2579 1747 1111.
2612 1686 2849 1754 Nazarii,
2877 1697 2934 1743 et
2953 1686 3116 1745 Celsi.
3370 1750 3371 1755 η

635 1774 732 1831 SS.
754 1776 1002 1832 Basilidis
1024 1776 1209 1849 Cyrini
1235 1778 1463 1835 Naboris
1498 1787 1552 1835 et
1588 1779 1826 1837 Nazarii.
1862 1770 1905 1833 Β
1996 1776 2054 1846 jv
2091 1776 2246 1834 Chal.
2315 1778 2545 1835 SS.MM.
2578 1780 2792 1846 Felicis,
2844 1780 3126 1850 Simplicii,
3173 1776 3435 1843 Faustini,
3462 1787 3517 1832 et

629 1863 883 1919 Ultimum
916 1865 1278 1923 Pentecosten.
2324 1926 2327 1931 _
2412 1869 2693 1924 Beatricis.

646 1954 702 2012 S.
731 1956 1005 2014 Feliculaa.
2000 1956 2055 2027 iij
2096 1955 2248 2013 Chal.
2287 1956 2390 2012 SS.
2432 1957 2556 2012 MM.
2590 1958 2804 2026 Ahdon,
2840 1968 2894 2014 et
2922 1958 3197 2014 Seuncnu.

648 2046 749 2104 SS.
780 2046 903 2103 MM.
934 2048 1064 2116 Viti,
1095 2057 1153 2105 et
1172 2048 1420 2108 Modesti.
2020 2046 2054 2116 ij
2095 2047 2248 2103 Chal.
2324 2047 2383 2103 S.
2406 2047 2662 2104 Germani
2694 2049 2965 2120 Episcopi,
3002 2057 3057 2103 et
3082 2046 3440 2103 Confessoris.

1928 2158 2209 2233 Augustus
2221 2160 2374 2233 habet
2398 2176 2621 2233 namque
2641 2162 2751 2217 dies
2778 2177 2929 2226 χχιι,
2956 2161 3081 2216 luna
3114 2177 3262 2216 xxix.
3292 2160 3513 2232 Signum

2174 2230 2385 2285 Leonis.
2418 2230 2543 2286 Non
2568 2232 2721 2287 habet
2749 2233 2908 2287 horas
2927 2247 2982 2296 ι,
3017 2233 3126 2285 dies
3156 2245 3265 2285 xlv.

1926 2319 2204 2389 Augustus
2222 2333 2362 2389 nepa
2387 2319 2561 2387 prima
2589 2320 2673 2375 {er
2695 2320 2761 2375 de
2788 2320 2893 2377 ﬁne
2910 2319 3166 2376 secunda.
3205 2383 3209 2388 ε

1998 2446 2005 2451 -
2085 2406 2204 2463 Kal.
2281 2407 2340 2464 8.
2369 2408 2515 2465 Petri
2539 2410 2607 2464 ad
2633 2410 2875 2477 vincula,
2905 2420 2958 2466 et
2984 2412 3044 2467 8.
3089 2410 3408 2483 Felicitatis,
3461 2420 3515 2465 et

2382 2510 2591 2573 septem
2620 2502 2873 2558 Fratrum
2901 2502 3335 2558 Machabcorum.

1995 2596 2046 2648 iv
2085 2593 2220 2651 Non.
2300 2593 2360 2651 8.
2389 2595 2647 2666 Stephani
2669 2595 2828 2666 Papae
2855 2604 2911 2651 et
2936 2605 3096 2650 mart.
3194 2660 3200 2667 ι

1996 2685 2049 2756 iij
2083 2686 2221 2743 Non.
2295 2688 2540 2744 Iuventio
2596 2687 2851 2758 Corporis
2906 2686 2964 2744 S.
3010 2672 3268 2759 Stephani
3317 2685 3510 2742 Proto-

2002 2833 2008 2840 ,
2351 2777 2637 2835 martiris.‘

2023 2868 2057 2940 ij
2096 2867 2235 2924 Non.
2313 2866 2372 2923 8.
2404 2867 2601 2923 Justini
2629 2867 2944 2935 Presbitcri.

638 2230 733 2287 Sal
761 2233 816 2288 in
850 2232 1133 2289 Cancrum.
1169 2240 1230 2299 >14
1253 2234 1568 2304 ‘Translatio
1610 2234 1668 2291 8.
1697 2233 1830 2290 Bar-

717 2322 973 2385 tholomci
1009 2323 1273 2394 Apostoli.

637 2411 737 2467 SS.
770 2413 894 2468 MM.
926 2414 1094 2472 Marci
1123 2425 1180 2472 et
1204 2413 1555 2471 Marcelliani.

648 2501 747 2557 SS.
776 2503 1046 2569 Cervasii,
1074 2515 1129 2562 et
1149 2505 1404 2562 Protasii.

642 2596 964 2653 Solstitium.
1006 2599 1066 2654 S.
1096 2599 1287 2656 Jacobi
1320 2598 1481 2665 Alfei,
1513 2611 1567 2657 ct
1614 2602 1674 2657 8.
1701 2600 1823 2657 Flo-

744 2688 932 2744 rentia:
965 2690 1118 2760 Virg.

633 2778 693 2832 S.
723 2779 917 2835 Albani
946 2779 1103 2835 Mart.

633 2869 693 2924 8.
722 2870 903 2926 Albini
944 2871 1131 2937 Mart.,
1166 2880 1223 2927 et
1264 2881 1468 2929 sancta:
1521 2872 1843 2943 Consortize
1922 2944 1925 2951 ι

772 2961 921 3033 Virg.
1296 3004 1299 3005 ν
2107 2957 2245 3014 Non.
2322 2958 2381 3015 8.
2412 2959 2678 3015 Domiuiei
2700 2958 2855 3015 Cani.
2873 2960 2941 3015 de
2963 2959 3154 3014 ordine
3171 2958 3277 3014 FF.
3299 2957 3508 3013 Predic.

633 3053 825 3125 Vigilia
852 3053 909 3109 8.
937 3052 1201 3110 Johannis
1226 3054 1500 3125 Baptistae.
1864 3135 1890 3139 A
1980 3048 2070 3119 viij
2168 3049 2245 3105 Id.
2323 3049 2753 3122 Transﬁguratio
2767 3051 2998 3117 Domini,
3016 3060 3072 3106 et
3092 3049 3150 3106 8.
3177 3049 3508 3139 SixtiPapae,

641 3145 849 3203 Natalis
883 3144 942 3203 S.
970 3146 1232 3204 Johannis
1260 3148 1532 3220 Baptistae.
1849 3135 1895 3200 C
2367 3143 2469 3199 SS.
2500 3142 2839 3209 Felicissimi,
2862 3152 2917 3199 et
2937 3142 3171 3214 Agapiti.

1995 3233 2062 3303 vij
2136 3234 2214 3290 Id.
2293 3235 2547 3290 Autumni
2569 3235 2779 3289 initium
2807 3235 2967 3291 hahet
2992 3235 3103 3290 dies
3148 3234 3237 3290 91.
3294 3234 3352 3290 8.
3404 3233 3511 3288 Ὼοσ

2085 3331 2088 3335 ’
2364 3328 2470 3381 nati
2497 3325 2646 3397 Epis.
2683 3336 2739 3381 et
2765 3342 2837 3382 m.
3308 3338 3311 3341 ‘

2010 3415 2060 3485 vj
2148 3415 2226 3471 Id.
2302 3415 2788 3487 S.Cyriacimarl.

2032 3522 2067 3561 v
2148 3506 2226 3561 Id.
2301 3506 2489 3578 Vigilia
2520 3506 2580 3562 8.
2610 3507 2884 3562 Laurentii
2915 3517 3077 3563 mart.

2008 3597 2061 3650 iv
2134 3596 2213 3651 Id.
2303 3595 2364 3651 S.
2400 3595 2703 3651 Laurentii.
2766 3614 2771 3621 ·
3182 3672 3185 3673 ν

2014 3686 2069 3753 iij
2141 3685 2218 3742 Id.
2312 3686 2370 3741 8.
2401 3686 2647 3761 Tyhurtii
2675 3695 2835 3742 mart.
2861 3695 2916 3743 et
2947 3686 3006 3759 S.
3053 3685 3276 3753 Taurini
3332 3693 3387 3742 et
3444 3684 3501 3741 S.

2399 3762 2678 3833 Stisannae.

2029 3869 2063 3939 ij
2137 3870 2345 3939 Id....

2146 3960 2223 4015 Id.
2255 3958 2355 4015 SS.
2381 3959 2507 4015 MM.
2531 3960 2752 4031 Ypoliti,
2779 3971 2836 4017 et
2856 3961 3122 4017 Cassiani.

1975 4048 2073 4121 xix,
2105 4048 2257 4106 Chal.
2336 4049 2489 4120 Sept.
2519 4049 2712 4123 Vigilia
2741 4052 3139 4122 Assumptionis
3178 4050 3234 4107 S.
3292 4050 3495 4118 Marim,

2379 4149 2434 4196 et
2459 4140 2632 4195 sancti
2660 4140 2876 4197 Eusebii
2899 4141 3081 4211 Episc.

633 3326 733 3384 SS.
754 3325 1017 3385 Johannis
1048 3337 1104 3383 et
1128 3328 1280 3385 Pauli
1308 3328 1564 3395 fratrum.

627 3506 685 3564 8.
719 3507 917 3565 Leonis
963 3509 1163 3581 Papaz,
1245 3518 1300 3566 et
1353 3509 1528 3567 sancti
1585 3510 1815 3583 Hyrenci

738 3599 893 3656 Mart.
931 3610 987 3663 et
1013 3602 1131 3671 Vig.
1161 3602 1351 3672 Apost.
1664 3588 1665 3591 “

636 3689 842 3746 Natalis
870 3692 1060 3762 Apost.
1089 3693 1237 3748 Petri
1275 3703 1331 3749 et
1356 3693 1532 3749 Pauli.

632 3783 1088 3845 Commemoratio
1171 3785 1231 3840 S.
1260 3785 1412 3841 Pauli
1453 3786 1717 3857 Apostoli,
1765 3797 1819 3843 et
1914 3770 1918 3775 l

732 3875 790 3930 S.
822 3874 1081 3932 Martialis
1110 3876 1266 3933 Conf.

649 4054 800 4109 habet
825 4055 982 4110 horas
1011 4071 1128 4123 vul,
1161 4057 1271 4111 dies
1289 4054 1415 4112 3m.

398 4233 513 4289 Kal.
540 4274 554 4290 .
587 4275 602 4290 .
640 4273 657 4289 .
696 4276 711 4291 .
754 4277 769 4293 ,
1920 4228 2050 4299 xviii
2089 4227 2243 4286 Chal.
2314 4229 2629 4301 Assumptio
2649 4228 2710 4286 S.
2747 4228 2935 4286 Mariae
2956 4230 3093 4301 Virg.
3147 4258 3151 4262 ι

301 4323 353 4394 vj
394 4323 534 4379 Non.
608 4324 711 4382 SS.
735 4325 857 4381 MM.
889 4325 1136 4384 Processi
1165 4336 1221 4385 et
1241 4326 1568 4384 Martiniani.
1954 4318 2075 4393 xvijl
2102 4319 2255 4375 Chal.
2291 4359 2304 4375 .
2333 4360 2348 4376 .
2376 4360 2389 4376 .

328 4428 363 4466 v
403 4412 542 4471 Non.
577 4453 590 4470 .
621 4454 637 4470 .
670 4456 685 4471 ,
713 4456 729 4472 ,
1164 4480 1171 4483 Α
1845 4481 1866 4483 Α
1990 4410 2077 4479 xvj
2116 4408 2268 4466 Chal.
2341 4412 2542 4469 Octava
2573 4413 2633 4468 S.
2670 4415 2967 4483 Laurentii.

308 4502 367 4573 jv
406 4505 544 4565 Non.

304 4593 359 4664 iij
400 4595 538 4653 Non.
573 4637 585 4650 .

1756 4484 1765 4514 ἓ
1842 4481 1895 4548 Ι)
1991 4518 2059 4556 xv
2097 4502 2251 4567 Chal.
2328 4505 2386 4560 8.
2413 4506 2625 4576 Agapiti
2651 4516 2812 4560 mart.

1972 4599 2062 4667 xiv
2099 4598 2250 4667 Chal.
2327 4601 2385 4657 S.
2412 4602 2612 4674 Magni.

620 4510 873 4568 Turoniaa
892 4480 1198 4568 Translatio
1224 4512 1395 4568 sancti
1420 4510 1656 4579 Martini.

326 4684 363 4755 ij
403 4684 540 4742 Non.
616 4686 816 4745 Octava
837 4689 1052 4761 Apost.,
1102 4689 1243 4755 ctS.
1300 4688 1517 4756 Romuli
1564 4688 1715 4760 Epis.
1761 4698 1819 4744 ct
1966 4692 2057 4763 xiij
2094 4691 2246 4748 Chal.
2325 4692 2382 4749 S.
2409 4693 2665 4751 Feliherti
2696 4694 2840 4761 Abh.

660 4789 819 4833 mart.
1994 4783 2066 4855 xij
2097 4784 2249 4839 Chal.
2280 4823 2293 4837 .
2319 4825 2333 4840 .
2364 4826 2379 4842 .

396 4863 530 4919 Non.
559 4905 572 4918 .
608 4907 621 4920 .
653 4908 667 4921 .
1386 4863 1391 4867 ’
1934 4938 1937 4941 _
2017 4874 2070 4956 κ)
2102 4874 2256 4931 Chal.
2333 4876 2566 4934 SS.MM.
2592 4878 2885 4945 Timothei,
2909 4890 2971 4947 el,
2985 4872 3412 4947 Simphoriani.

270 4953 358 5022 viij
430 4957 507 5011 Id.
548 4997 560 5009 .
599 4996 653 5012 ..
2035 4953 2066 5023 11
2106 4966 2258 5025 Chal.
2336 4972 2630 5028 Autumnus
2656 4972 2880 5036 [teritum

297 5042 365 5113 vi]
437 5046 514 5101 Id.
543 5084 558 5101 .
588 5083 604 5101 .
638 5086 654 5104 .
1380 5044 1383 5047 ’
2000 5060 2062 5131 jx
2099 5060 2253 5118 Chal.
2334 5063 2641 5121 Translatio
2665 5050 2723 5120 S.
2756 5057 3142 5127 Bartholomtei
3176 5056 3428 5128 ᾼβοει.

317 5137 368 5176 vi
441 5138 496 5176 ιιι
593 5138 794 5187 Natalia
818 5151 1021 5210 septem
1050 5142 1339 5213 Fratrum.

1971 5153 2060 5225 viij
2100 5152 2259 5211 Chal.
2334 5155 2391 5210 S.
2423 5156 2639 5224 Genesii
2671 5162 2836 5210 mart.
2862 5162 2917 5208 et
2939 5151 2998 5225 8.
3032 5146 3377 5219 Annus“
3426 5159 3591 5219 man.

1983 5246 2067 5317 .Vil
2107 5243 2266 5303 Cllal-
2345 5247 2464 5306 Ruﬁ
2487 5258 2648 5306 mart.
2672 5251 2729 5304 et
2754 5238 3057 5350 Alexandri
3083 5243 3256 5350 inart.

2354 5337 2387 5350 η
2459 5340 2492 5350 ι-
2619 5339 2651 5350 ιι
2693 5337 2735 5350 '1
2779 5337 2791 5345 ‘
2890 5343 2927 5350 _-
2954 5337 3073 5350 11-..

992 5247 1035 5262 ⁸⁸
1064 5233 1289 5306 “elicis,
1314 5250 1369 5297 et
1401 5240 1707 5310 Translatio
1754 5245 1811 5302 S.
