3992 6304
203 353 346 414 1505

1511 368 1713 425 MISSA
1747 334 2069 423 Larius."

3279 376 3416 432 1506

183 476 3409 545 mm

1351 652 1691 745 MISSA
1758 652 2245 775 LATINA.

1580 867 2019 893 Ψ--ην

257 1012 452 1082 lncipit
477 1011 622 1069 Ordo
653 1011 1148 1072 Sacramentorum.
1178 1017 1246 1072 In
1275 1019 1478 1087 primis,
1499 1019 1757 1090 quomodo
1787 1004 1835 1062 Α
1862 1022 2001 1078 catis
2027 1021 2247 1076 nostris.

177 1104 432 1165 sacerdos
455 1104 787 1175 Apologetica
832 1106 1093 1161 celebrare
1135 1108 1337 1171 debeat,
1382 1117 1663 1178 antequam
1687 1107 1757 1160 ad

180 1191 476 1257 Hissarum
506 1191 899 1249 celebrationem
927 1194 1161 1248 accedat.
1202 1193 1331 1247 Mos:
1368 1204 1644 1262 antequam
1672 1212 1757 1251 sa-

180 1280 536 1339 cerdotalibus
564 1282 820 1337 induatur
851 1284 1093 1348 restibus,
1123 1283 1170 1337 si
1197 1282 1343 1337 locus
1377 1284 1646 1348 acciderit,
1681 1284 1758 1338 vel

181 1381 387 1440 tempus
412 1372 727 1441 permiserit,
763 1374 913 1443 ﬂexis
939 1375 1150 1444 genibus
1186 1391 1361 1428 coram
1385 1374 1567 1429 Altare
1589 1384 1756 1429 cantet

191 1458 303 1513 ιίι
326 1459 914 1534 Ρειιιηιοειρωηὶιεηιὶιε,
939 1481 1056 1519 cum
1081 1464 1287 1530 litania,
1303 1482 1407 1535 qua
1426 1465 1573 1533 ﬁnita
1593 1466 1753 1519 dicat.

180 1550 348 1606 Pater
382 1561 588 1609 noster.
635 1554 811 1612 Credo
860 1556 916 1611 in
960 1556 1126 1612 Deum
1167 1556 1381 1611 Patrem
1420 1557 1759 1627 omnipOten-

183 1653 295 1709 tem
340 1659 356 1697 :
385 1654 502 1715 post
533 1646 629 1700 has
657 1662 851 1716 preces.
998 1667 1013 1681 κ
1676 1654 1679 1657 ’

258 1735 474 1807 Exurge
503 1737 729 1798 Domine
749 1738 941 1808 adiuva
969 1753 1085 1805 nos,
1113 1748 1165 1796 et
1196 1739 1399 1796 redime
1421 1753 1518 1795 nos
1539 1746 1759 1810 propter

181 1841 383 1883 nomen
415 1836 585 1883 tuum.
1184 1878 1191 1881 .

257 1918 437 1989 Dirige
472 1932 559 1974 me
586 1920 641 1974 in
690 1921 922 1975 veritate
960 1928 1071 1985 tua,
1116 1929 1170 1975 et
1211 1921 1346 1976 doce
1380 1936 1502 1975 me:
1531 1921 1657 1991 quia
1702 1931 1758 1989 tu

184 2026 246 2067 es
280 2012 542 2067 Dominus
569 2009 820 2066 Salvator
849 2024 1022 2075 meus,
1055 2019 1110 2066 et
1151 2019 1205 2064 te
1233 2012 1462 2066 sustinui
1505 2020 1614 2063 tota
1646 2011 1756 2065 die.

256 2102 629 2160 Beminiscere
674 2102 1085 2157 miserationum
1140 2110 1353 2156 tuarum
1393 2102 1621 2156 Domine
1657 2118 1671 2155 :
1704 2111 1761 2156 ct

185 2193 685 2253 misericordiarutn
713 2200 950 2256 tuarum,
974 2204 1094 2261 quae
1126 2208 1156 2246 a
1179 2192 1361 2247 seculo
1385 2200 1531 2248 sunt.

258 2286 460 2341 Delicta
484 2282 782 2353 iuventutis
835 2296 989 2350 meae,
1036 2290 1091 2336 et
1137 2281 1467 2353 ignorantias
1497 2294 1646 2335 meas
1689 2294 1759 2335 ne

187 2378 507 2435 memineris
537 2375 781 2431 Domine.

259 2465 567 2523 Secundum
602 2461 1030 2521 misericordiam
1063 2471 1211 2521 tuam
1232 2469 1504 2517 memento
1538 2461 1645 2515 mei
1673 2470 1756 2515 tu:

184 2565 409 2629 propter
446 2556 743 2611 bonitatem
774 2561 922 2613 tuam
954 2553 1198 2614 nomine.

259 2649 488 2719 Propter
516 2660 716 2702 nomen
754 2654 906 2700 tuum
956 2642 1182 2700 Domine
1220 2641 1602 2713 propitiaberis
1638 2656 1762 2711 pec-

186 2748 313 2796 cato
334 2753 496 2820 ‘meo;
525 2737 750 2793 multum
775 2745 863 2793 est
894 2736 1064 2792 enim.

260 2829 373 2885 Non
416 2828 756 2898 derelinquas
800 2841 888 2882 me
916 2826 1142 2882 Domine
1181 2825 1326 2880 Deus
1368 2838 1548 2890 meus,
1580 2839 1649 2878 ne
1676 2823 1762 2879 di-

188 2920 454 2978 sccsseris
483 2935 514 2973 a
545 2932 655 2974 me.
796 2946 799 2953 π
1128 2928 1133 2933 ο

261 3011 606 3080 Compiaceat
650 3009 749 3064 tibi
788 3008 1040 3078 Domine,
1080 3013 1141 3062 ut
1179 3019 1344 3063 eruas
1378 3019 1465 3061 me
1494 3022 1507 3058 :
1540 3001 1767 3061 Domine

196 3105 266 3159 ad
294 3102 652 3173 adiuvandum
676 3116 765 3156 me
793 3102 1021 3170 respice.

263 3197 373 3253 Fac
400 3212 609 3252 mecum
640 3196 867 3251 Domine
891 3195 1126 3266 signum
1148 3194 1202 3248 in
1241 3192 1404 3257 bono,
1436 3200 1495 3245 ut
1523 3190 1763 3255 videant,

193 3288 287 3357 qui
318 3302 402 3341 me
429 3287 681 3351 oderunt,
721 3292 778 3340 et
818 3284 1237 3348 confundantur,
1274 3283 1532 3352 quoniam
1576 3290 1630 3335 tu
1661 3280 1766 3336 Do-

194 3378 338 3431 mine
357 3375 605 3445 adjuvisti
643 3388 750 3438 me,
777 3381 832 3428 et
856 3372 1164 3428 consolatus
1187 3385 1246 3425 es
1275 3385 1381 3425 me.

266 3467 452 3522 Manus
476 3475 579 3522 tuae
608 3464 834 3519 Domine
865 3463 1108 3518 fecerunt
1145 3475 1251 3522 me.
1280 3470 1335 3514 et
1368 3458 1768 3527 plasmaverunt

197 3572 317 3622 me;
341 3556 409 3613 da
440 3555 576 3613 mihi
602 3552 933 3612 intellectum
962 3559 1024 3605 ut
1046 3549 1250 3605 discam
1273 3547 1524 3603 mandata
1550 3555 1660 3600 tua.

267 3652 470 3706 Servus
489 3658 613 3703 tuus
635 3662 753 3703 sum
776 3661 876 3717 ego
898 3646 968 3701 da
992 3643 1124 3698 mihi
1148 3640 1496 3703 intellectum,
1522 3648 1580 3693 ut
1599 3637 1766 3694 sciam
1850 3680 1853 3681 ν

199 3741 507 3799 testimonia
539 3747 650 3793 tua.
917 3794 921 3799 ,

270 3830 542 3901 Egredere
571 3828 799 3889 Domine
834 3827 888 3881 in
936 3826 1161 3881 salutem
1188 3823 1366 3896 populi
1402 3821 1476 3876 tui
1506 3839 1519 3874 :
1544 3820 1599 3874 in
1630 3819 1771 3899 salu-

201 3932 309 3979 tem
335 3935 457 3977 cum
481 3919 698 3975 Christo
727 3927 837 3973 tuo.

273 4011 535 4065 Converte
554 4024 651 4064 nos
670 4009 813 4063 Deus
831 4007 1086 4065 salutaris
1107 4014 1291 4067 noster
1314 4022 1330 4060 :
1353 4013 1409 4067 ct
1428 4013 1610 4065 averte
1638 4002 1773 4057 iram
1792 4030 1795 4033 -

205 4110 353 4157 tuam
387 4117 418 4156 a
443 4102 621 4156 nobis.

279 4192 509 4262 Dignare
548 4190 774 4247 Domine
805 4190 891 4245 die
935 4189 1041 4244 isto
1074 4205 1087 4241 :
1115 4202 1232 4242 sine
1273 4196 1498 4258 peccato
1536 4202 1634 4243 nos
1678 4200 1772 4249 οιιι-

208 4283 433 4342 etodire.

280 4371 531 4429 Miserere
558 4370 727 4426 nostri
758 4368 1004 4432 Domine,
1037 4367 1296 4425 miserere
1334 4364 1525 4420 nostri.

280 4460 400 4521 Fiat
444 4459 817 4515 misericordia
856 4466 946 4512 tua
979 4456 1205 4512 Domine
1234 4470 1395 4525 super
1426 4469 1524 4507 nos
1551 4470 1564 4506 :
1598 4466 1779 4521 quem-

213 4551 499 4606 admodum
531 4550 866 4620 speravimus
895 4550 948 4602 in
979 4557 1049 4602 te.

280 4639 629 4695 Peccavimus
658 4655 779 4694 cum
809 4638 1051 4707 patribus
1082 4636 1297 4701 nostris,
1333 4634 1526 4703 injuste
1552 4632 1775 4702 egimus,

215 4728 557 4801 iniquitatem
588 4730 812 4784 fecimus
839 4729 1081 4784 Domine.
1244 4736 1246 4738 '

284 4823 512 4878 Domine
531 4837 599 4877 ne
627 4821 936 4876 memineris
961 4821 1311 4890 iniquitatium
1348 4826 1658 4873 nostrarum
1687 4831 1785 4872 au-

220 4915 536 4983 tiquarum:
576 4913 688 4967 cito
734 4911 1031 4981 anticipent
1077 4926 1175 4974 nos
1223 4909 1607 4965 misericordia:
1644 4916 1781 4971 tuae,

219 5005 342 5075 quia
377 5019 643 5076 pauperes
667 5003 794 5059 facti
832 5017 1018 5057 sumus
1042 5002 1222 5056 nimis.

1927 1112 2122 1166 Libera
2157 1126 2254 1165 nos
2287 1111 2426 1166 Deus
2468 1110 2520 1166 iu
2568 1109 2905 1166 mirabilibus
2932 1110 3155 1166 tuisset
3200 1110 3266 1166 da
3311 1110 3427 1182 glo-i

1858 1203 1995 1256 riam
2022 1202 2224 1256 nomini
2255 1212 2366 1256 tuo.

1925 1290 2167 1344 Extende
2195 1290 2420 1347 Domine
2462 1289 2748 1346 brachium
2794 1298 2943 1345 tuum
2970 1308 2984 1343 :
3009 1297 3064 1345 et
3103 1288 3274 1345 libera
3312 1288 3429 1345 ani-

1855 1380 1975 1435 ma's
2002 1391 2236 1445 nostras,
2267 1395 2334 1434 ne
2363 1395 2670 1449 pereamus.

1929 1469 2195 1525 Memento
2217 1469 2388 1524 nostri
2421 1469 2648 1528 Domine
2669 1470 2723 1524 in
2747 1469 3085 1538 beneplacito
3104 1469 3285 1541 populi
3308 1468 3383 1531 tui
3411 1487 3424 1522 :

1857 1559 2019 1613 visita
2047 1574 2144 1614 nos
2175 1558 2227 1612 in
2261 1558 2487 1614 salutari
2516 1568 2627 1621 tuo.

1928 1651 2133 1707 Memor
2171 1660 2288 1706 esto
2337 1650 2564 1706 Domine
2612 1651 3046 1722 congregationis
3095 1659 3198 1713 tua).
3224 1669 3241 1703 ι
3266 1666 3427 1720 quam

1858 1743 2143 1814 possedisti
2173 1743 2242 1797 ab
2272 1743 2446 1798 initio.

1928 1835 2152 1890 Custodi
2185 1850 2282 1889 nos
2305 1834 2554 1901 Domine,
2592 1843 2653 1889 ut
2679 1833 2936 1903 pupillam
2964 1833 3112 1889 oculi
3138 1847 3153 1886 :
3183 1833 3286 1888 sub
3311 1847 3432 1886 um-

1857 1927 1954 1981 bra
1977 1927 2185 1980 alarum
2209 1936 2424 1980 tuarum
2455 1934 2677 1995 protege
2701 1940 2819 1979 nos.

1930 2015 2159 2085 Protcge
2201 2031 2301 2070 nos
2346 2014 2570 2069 Domine
2595 2030 2625 2067 a
2653 2014 2793 2069 facie
2842 2014 3161 2083 impiorum;
3196 2014 3289 2084 qui
3336 2027 3435 2068 nos

1860 2103 2187 2172 aiilixerunt.
2236 2131 2241 2136 ι

1932 2196 2062 2250 Esto
2104 2195 2260 2249 nobis
2290 2194 2516 2251 Domine
2562 2194 2615 2247 in
2647 2193 2814 2247 Deum
2862 2200 3244 2263 protectorem,
3288 2200 3343 2246 et
3377 2193 3431 2246 in

1860 2287 2078 2341 domum
2112 2285 2321 2355 refugii,
2356 2294 2414 2337 ut
2440 2284 2618 2339 salvos
2653 2300 2751 2337 nos
2778 2284 2965 2338 facias.

1795 2396 1838 2455 Β
1928 2379 2057 2433 Esto
2112 2376 2273 2432 nobis
2321 2376 2545 2432 Domine
2596 2375 2762 2430 turris
2802 2373 3182 2439 fortitudinis",
3234 2388 3265 2427 a
3298 2373 3436 2431 facie

1863 2487 2089 2525 IlllllllCl.

1934 2561 2008 2613 Da
2042 2559 2196 2614 nobis
2239 2558 2468 2613 Domine
2511 2555 2770 2611 auxilium
2801 2554 2870 2610 de
2913 2552 3279 2617 tribulatione,
3307 2550 3433 2622 quia

1861 2667 1998 2706 vana
2024 2650 2169 2704 salus
2198 2649 2451 2704 hominis.

1933 2743 1990 2797 In
2016 2742 2247 2795 Domino
2274 2742 2536 2795 faciemus
2563 2740 2817 2793 virtutem
2848 2754 2867 2791 ι
2891 2744 2949 2791 et
2971 2735 3088 2806 ipse
3111 2734 3179 2789 ad
3207 2732 3434 2788 nihilum

1862 2833 2091 2899 deducet
2119 2833 2441 2886 tribulanies
2467 2847 2583 2885 nos.

1933 2925 2054 2979 Fiat
2086 2941 2186 2996 pax
2216 2926 2266 2978 in
2293 2925 2491 2978 virtute
2523 2932 2632 2988 tua,
2670 2932 2725 2977 et
2755 2920 3081 2977 abundantia
3113 2920 3166 2975 in
3196 2917 3435 2975 turribus

1867 3016 1991 3070 tuis.

1940 3107 2081 3160 Deus
2130 3113 2183 3159 tu
2226 3116 2522 3159 conversus
2559 3100 2862 3157 viviﬁcahis
2913 3115 3034 3165 nos,
3075 3107 3130 3156 et
3169 3098 3323 3169 plebs
3350 3105 3438 3151 tua

1866 3194 2137 3250 lmlabitur
2162 3195 2214 3248 in
2254 3205 2323 3248 te.
2503 3220 2509 3225 -
2992 3239 3008 3255 ,

1935 3284 2171 3339 Ostende
2211 3283 2366 3338 nobis
2408 3280 2631 3336 Domine
2685 3278 3112 3335 misericordiam
3157 3286 3301 3331 tuam
3330 3293 3349 3329 ι
3377 3284 3435 3336 et

1869 3382 2109 3437 salutare
2136 3389 2285 3436 tuum
2316 3378 2380 3432 da
2405 3377 2582 3432 nobis.

1941 3471 2264 3527 Sacerdotes
2314 3470 2392 3523 tui
2449 3468 2747 3523 induantur
2768 3465 2977 3536 justitia
3007 3480 3021 3519 :
3051 3473 3106 3520 et
3144 3463 3318 3520 sancti
3365 3461 3440 3517 tui

1868 3564 2129 3618 exultent.
3244 3604 3253 3611 ς

1943 3652 2169 3706 Domine
2198 3651 2341 3709 Deus
2370 3648 2631 3703 virtutum
2671 3655 2928 3707 converte
2957 3659 3057 3699 nos
3085 3661 3098 3698 :
3132 3651 3188 3697 et
3221 3640 3443 3697 ostende

1796 3752 1840 3812 ς
1875 3743 2066 3798 f.u:iem
2099 3749 2244 3794 tuam
2278 3757 2290 3792 :
2323 3747 2377 3794 et
2405 3738 2542 3793 salvi
2579 3737 2804 3794 erimus.

1946 3831 2169 3898 Domine
2193 3828 2393 3898 exaudi
2410 3826 2712 3889 orationem
2733 3839 2909 3880 meam
2936 3838 2956 3877 :
2976 3831 3030 3878 et
3065 3822 3271 3881 clamor
3293 3834 3444 3875 meus

1874 3924 1938 3976 ad
1970 3932 2019 3976 te
2045 3921 2246 3976 veniat.

1949 4032 2046 4088 His
2085 4041 2257 4085 autem
2296 4029 2552 4101 precibus
2569 4028 2731 4101 ﬁnitis
2755 4067 2770 4092 ,
2820 4026 2960 4080 dicat
2998 4022 3241 4078 sacerdos
3280 4022 3373 4074 Itas

2515 4096 2810 4153 Orationes.

1951 4193 2209 4248 Dominus
2235 4188 2534 4245 vobiscum.
2866 4183 3107 4236 Oremus.

1947 4285 2299 4352 Omnipotens
2320 4280 2605 4337 mitissime
2621 4278 2785 4340 Deus,
2809 4275 3015 4345 respice
3041 4271 3303 4344 propitius
3325 4283 3450 4339 pre-

1877 4390 1966 4429 ces
1999 4389 2167 4434 meas,
2196 4380 2252 4427 et
2297 4370 2465 4424 libera
2499 4384 2593 4427 cor
2640 4381 2818 4425 meum
2851 4366 2917 4418 de
2960 4362 3221 4427 Inalarum
3270 4366 3443 4413 tenta-

1880 4465 2024 4516 tione
2063 4460 2470 4530 cogitationum,
2507 4466 2564 4513 et
2596 4456 2767 4511 sancti
2811 4454 3044 4523 Spiritus
3078 4453 3298 4519 dignum
3330 4448 3447 4503 ﬁeri

1881 4553 2242 4609 habitaculum
2274 4564 2503 4606 mereat.

1950 4629 2125 4704 Dens;
2161 4642 2244 4694 cui
2278 4639 2555 4708 proprium
2590 4646 2673 4692 est
2715 4634 2958 4691 misereri
2984 4646 3218 4701 semper,
3252 4638 3305 4685 et
3329 4643 3449 4700 par-

1880 4749 2022 4797 cere,
2072 4732 2289 4798 suscipe
2314 4728 2743 4798 deprecationem
2772 4733 3035 4789 nostram,
3062 4729 3118 4776 et
3143 4719 3287 4791 quod
3317 4718 3450 4785 deli—

1881 4831 2089 4875 ciorum
2124 4829 2312 4873 catena
2340 4815 2662 4884 constringit
2689 4811 2965 4868 miseratio
2992 4820 3095 4865 tua:
3118 4809 3334 4880 pietatis
3356 4807 3454 4863 ab-

1882 4910 2074 4966 solvat.
2616 4926 2619 4927 ν

1955 4998 2164 5056 Exaudi
2210 5012 2516 5068 quaesumus
2546 4995 2770 5051 Domine
2818 4994 3116 5065 supplicum
3161 5004 3367 5059 preces,
3399 4995 3454 5041 et

286 5094 492 5164 Adiuva
517 5108 613 5149 nos
640 5094 780 5148 Deus
801 5091 1052 5155 salutaris
1079 5099 1293 5155 uester;
1320 5100 1538 5160 propter
1557 5088 1781 5160 gloriam
1812 5124 1861 5184 Β
1885 5091 2255 5153 conﬁtentium
2300 5089 2394 5144 tibi
2447 5102 2607 5157 parce
2649 5084 2909 5155 peccatis,
2964 5091 3023 5137 ιιι
3059 5080 3265 5150 pariter
3301 5076 3453 5131 nobis

223 5186 454 5241 nominis
502 5184 577 5238 tui
628 5183 852 5239 Domine
896 5182 1063 5237 libera
1099 5198 1215 5244 nos,
1255 5190 1310 5235 et
1355 5180 1620 5251 prepitius
1667 5187 1785 5241 esto

224 5276 458 5349 peccatis
491 5274 691 5330 nostris
717 5283 936 5343 propter
969 5287 1160 5327 nomen
1188 5281 1357 5335 tuum.

236 5356 241 5359 ’
292 5367 515 5422 Domine
550 5382 658 5423 non
688 5365 987 5434 secundum
1013 5376 1231 5432 peccata
1275 5373 1458 5417 nostra
1489 5362 1657 5416 facias
1690 5376 1789 5432 no-

156 5471 161 5476 '
226 5458 307 5511 bis
335 5477 347 5509 ε
378 5472 551 5527 neque
579 5455 871 5525 secundum
901 5454 1215 5527 iniquitates
1257 5464 1474 5518 nostras
1520 5453 1789 5509 retribuas

226 5548 400 5618 nobis.

296 5637 374 5692 Ne
403 5637 772 5695 reminiscaris
818 5636 1044 5693 Domine
1088 5634 1283 5690 dilecta
1333 5645 1537 5699 nostra,
1578 5634 1659 5690 vel
1690 5634 1791 5689 Pa-

229 5737 441 5784 rcntum
471 5738 775 5785 nostrorum
807 5746 820 5784 :
852 5743 1025 5801 neque
1054 5726 1346 5799 vindictam
1374 5741 1554 5800 sumas
1581 5725 1645 5779 de
1671 5740 1791 5804 pec-

1896 5180 2279 5251 iudnlgeutiam
2308 5177 2512 5233 tribuas
2533 5178 2817 5245 benignus,
2850 5182 2905 5229 et
2931 5185 3139 5243 pacem.

1965 5269 2316 5337 Omnipotens
2338 5267 2665 5337 sempiterne
2694 5266 2837 5331 Deus
2864 5257 3290 5316 misericordiam
3312 5264 3455 5311 tuam

1895 5361 2050 5428 nobis
2071 5358 2292 5414 ostende
2320 5356 2668 5426 supplicibus,
2698 5363 2757 5407 ut
2779 5352 2868 5420 qui
2896 5351 2963 5406 de
2984 5349 3300 5403 meritorum
3328 5361 3461 5414 qua-

1896 5452 2045 5506 litate
2093 5449 2401 5515 diﬂidimus,
2456 5464 2562 5503 non
2608 5445 2890 5516 judicium,
2936 5442 3030 5497 sed
3075 5438 3460 5508 indulgentiam

1896 5542 2212 5596 sentiamus.

1965 5632 2318 5702 Omnipotens
2344 5632 2487 5686 Deus
2529 5624 2957 5682 misericordiam
2986 5629 3130 5678 tuam
3170 5617 3325 5674 nobis
3351 5614 3466 5687 pla-

1898 5734 2048 5799 catus
2079 5724 2357 5799 impende,
2398 5719 2573 5791 utqui
2611 5727 2666 5775 te
2701 5714 3094 5773 contemnendo
3141 5710 3357 5781 culpam,
3383 5708 3463 5762 ini
