3992 6304
671 352 811 409 1307

671 463 944 521 currimus
984 501 999 528 ,

672 578 867 635 Postea
902 591 1118 647 surgens
1158 574 1226 627 ad
1249 573 1589 647 __i_udueudum
1624 589 1677 647 se
1716 571 2026 626 vestimentis
2069 584 2242 623 sacer-

1112 643 1375 698 dotalibus
1411 644 1580 713 primo
1601 643 1761 695 dicat.

740 734 1227 792 Intervenientibus
1272 748 1372 802 pro
1419 731 1574 785 nobis
1618 731 1867 784 omnibus
1909 727 2145 790 Sanctis,
2188 734 2244 782 et

671 825 856 882 electis
883 824 1010 891 tuis,
1057 822 1300 878 actiones
1330 829 1545 875 nostras
1581 834 1890 889 quaesumus
1918 818 2162 880 Domine,
2180 824 2248 871 et

670 914 961 985 aspirando
1003 911 1262 984 prteveni,
1315 919 1371 965 et
1427 909 1726 977 adiuvando
1767 920 2134 975 prosequere,
2186 913 2247 958 ut

669 1007 848 1062 omnis
880 1005 1074 1071 oratio,
1107 1013 1164 1059 ct
1186 1012 1381 1058 cuncta
1416 1010 1598 1055 nostra
1622 999 1930 1070 Operatioa
1956 1007 2005 1053 te
2028 1010 2246 1065 semper

669 1090 914 1168 ineipiat,
941 1104 997 1150 et
1020 1090 1117 1165 per
1146 1102 1201 1148 te
1224 1102 1401 1163 empta
1432 1091 1671 1146 ﬁniatur.

829 1186 974 1240 Tunc
1015 1187 1148 1239 lavet
1189 1200 1376 1239 manus
1414 1186 1552 1237 [tunc
1592 1198 1795 1237 versum
1837 1178 2079 1236 dicendo.

738 1276 957 1333 Lavabo
984 1276 1128 1330 inter
1154 1274 1489 1329 innocentes.

1335 1364 1576 1420 Oremus.

736 1460 955 1530 Largite
1004 1459 1254 1514 sensibus
1298 1457 1501 1511 nostris
1557 1455 1899 1526 omnipotens
1950 1454 2133 1517 Deus,
2187 1459 2247 1506 ut

670 1552 810 1606 sicut
837 1551 927 1605 hic
946 1549 1187 1605 exterius
1209 1547 1507 1602 abluuntur
1523 1547 1929 1616 inquinamenta
1962 1557 2242 1606 manuum,

669 1641 749 1696 sic
776 1656 805 1694 a
834 1649 887 1695 te
910 1640 1237 1694 mandentur
1265 1638 1492 1695 interius
1516 1636 1839 1707 pollntiones
1866 1634 2152 1697 mentium,
2189 1639 2245 1687 et

670 1740 880 1787 crescat
902 1731 953 1784 in
985 1730 1141 1784 nobis
1171 1738 1516 1799 augmentum
1551 1735 1859 1781 sanctarum
1889 1723 2168 1778 virtutum.
2233 1741 2240 1749 '

814 1818 946 1874 Cum
982 1836 1037 1874 se
1070 1821 1269 1873 exuerit
1294 1818 1614 1889 quotidianis
1655 1815 1903 1879 vestibus,
1938 1814 2101 1867 dicat.

742 1907 1044 1963 Conscinde
1086 1908 1311 1962 Domine
1361 1921 1576 1962 saccum
1616 1920 1823 1967 meum.
1867 1912 1925 1959 et
1966 1901 2240 1959 circumda

674 2014 766 2055 me
793 2000 979 2056 laetitia
1007 1999 1251 2057 salutari.

681 2106 796 2162 Hos
837 2107 1066 2178 psalmos
1108 2108 1317 2162 interim
1365 2122 1491 2178 dum
1529 2119 1751 2178 paratur
1788 2108 2057 2177 episcopus
2079 2145 2093 2171 ,
2123 2105 2245 2176 ;cir-

1061 2190 1376 2238 cumstaates
1399 2176 1599 2231 Clerici
1624 2189 1854 2232 cantent.

739 2266 911 2333 Quam
936 2267 1126 2321 dilecta
1138 2266 1494 2322 tabernacula
1516 2278 1623 2323 etc.
1640 2266 1986 2323 Benedixisti
2018 2264 2246 2319 Domine

669 2365 873 2412 terram
900 2364 1004 2411 etc.
1052 2354 1255 2412 Inclina
1283 2356 1512 2414 Domine
1555 2373 1743 2413 aurem
1775 2366 1923 2412 tuam
1953 2365 2059 2411 etc.
2100 2355 2247 2410 Fun-

669 2448 919 2502 damenta
952 2447 1069 2517 ejus
1094 2448 1146 2500 in
1184 2448 1456 2503 montibus
1485 2456 1589 2501 etc.
1631 2446 1859 2500 Domine
1884 2445 2030 2500 Deus
2055 2444 2246 2501 salutis

670 2549 829 2592 mae.
859 2535 1073 2591 Credidi
1117 2544 1338 2606 propter
1363 2536 1508 2605 quod
1552 2535 1765 2593 locutus
1803 2549 1946 2591 sum.
1977 2533 2247 2589 Memento

671 2625 917 2681 Domine.

918 2714 1253 2772 Indueudum
1280 2717 1350 2770 ad
1375 2713 1570 2787 Ephat,
1615 2716 1694 2772 uel
1719 2717 1999 2771 Amictum.

743 2808 1010 2865 liumeros
1055 2825 1205 2865 meos
1246 2811 1420 2865 sancti
1467 2810 1702 2881 Spiritus
1749 2809 1924 2879 gratia
1968 2818 2091 2879 tege
2143 2806 2250 2862 Do-

668 2901 1137 2972 miue,-renesque
1180 2915 1329 2957 meos
1363 2904 1512 2957 vitiis
1552 2901 1805 2957 omnibus
1845 2900 2085 2972 expulsis
2115 2915 2246 2969 prae-

672 2993 828 3061 ciuge
852 2992 918 3046 ad
968 2992 1381 3051 sacriﬁcandum
1431 2992 1523 3047 tibi
1557 2992 1780 3057 viventi,
1821 3006 1875 3048 et
1915 2990 2163 3065 regnanti
2195 2990 2249 3047 in

666 3082 854 3139 secula
866 3083 1210 3156 seculorum.

1303 3176 1385 3233 Ad
1418 3177 1623 3232 Albam.

744 3266 1029 3323 Circumda
1060 3284 1147 3323 me
1172 3270 1397 3324 Domine
1438 3270 1560 3324 ﬁdei
1588 3270 1775 3335 armis,
1807 3277 1869 3323 ut
1895 3267 1965 3323 ab
1996 3266 2249 3337 iniquita-

676 3371 788 3417 tum
820 3363 1033 3429 sagittis
1070 3371 1259 3418 erutus
1298 3361 1506 3417 valeam
1545 3363 1876 3433 aequitatem,
1899 3364 1958 3417 et
1978 3360 2250 3430 justitiam

676 3453 974 3508 custodire.
1015 3468 1029 3481 ·

1209 3543 1394 3600 Oratio
1415 3548 1485 3601 ad
1515 3546 1722 3602 Albam.

731 3632 1099 3704 Omnipotens
1168 3636 1499 3705 sempiterna
1559 3638 1743 3702 Deus,
1817 3645 1874 3692 te
1933 3637 2252 3708 suppliciter

675 3738 864 3788 exoro,
906 3733 965 3778 ut
995 3723 1184 3780 fraude
1226 3726 1467 3780 omnium
1509 3725 1839 3783 fuscatorum
1881 3738 2098 3794 exutus,
2129 3728 2249 3783 alba

675 3823 831 3869 veste
871 3815 1089 3871 indutus
1137 3824 1189 3872 te
1232 3818 1385 3886 sequi
1427 3832 1639 3873 merear
1678 3818 1744 3874 ad
1779 3834 1967 3891 regna,
2000 3819 2088 3874 ubi
2120 3835 2249 3875 vera

676 3913 803 3973 sunt
827 3905 1041 3976 gaudia.

1261 3996 1344 4050 Ad
1370 3996 1672 4067 Cingulum;

751 4080 1128 4155 Circumcinge
1159 4084 1371 4142 lumbos
1399 4102 1548 4142 meos
1577 4086 1804 4141 Domine
1844 4103 1978 4142 zona
2001 4088 2245 4158 iustitiae,

678 4178 736 4229 et
764 4172 1093 4229 circumcide
1116 4174 1246 4228 vitia
1274 4176 1472 4239 cordis,
1504 4184 1558 4230 et
1581 4175 1823 4245 corporis
1848 4177 1976 4231 mei.

1189 4264 1267 4317 Ad
1307 4265 1748 4334 praecinclorium.

750 4349 1028 4423 Praeciuge
1063 4367 1152 4407 me
1175 4353 1401 4409 Domine
1428 4355 1647 4421 virtute,
1677 4367 1733 4413 et
1754 4373 1894 4429 pone
1936 4358 2252 4418 immacula-

679 4441 956 4507 tamviam
981 4458 1177 4499 meam.

1216 4554 1219 4557 λ
1300 4536 1380 4590 Ad
1404 4536 1624 4592 Stolam.

752 4624 899 4689 Stola
928 4626 1459 4698 iustitiae-circumda
1498 4629 1724 4685 Domine
1752 4631 2019 4686 cervicem
2050 4646 2253 4698 meam,

680 4722 737 4768 et
784 4704 853 4769 ab
897 4716 1041 4770 omni
1087 4718 1437 4787 corruptione
1483 4719 1692 4789 peccati
1742 4722 1965 4790 puriﬁca
2015 4732 2251 4778 mentem

680 4817 879 4858 meam.

1197 4897 1381 4953 Oratio
1410 4902 1479 4954 ad
1517 4901 1739 4958 Stolam.

750 4985 1267 5057 Dirumpe'Domiue‘
1285 4992 1492 5046 vincula
1521 5004 1864 5063 peccatorum
1889 4998 2163 5067 ,meorum,
2197 5009 2259 5055 ut

675 5076 803 5149 jugo
831 5086 934 5133 tum
962 5079 1243 5135 servitutis
1274 5081 1493 5137 innixus
1530 5084 1736 5140 valeam
1766 5087 1862 5141 tibi
1890 5103 2012 5142 cum
2041 5089 2256 5157 timore,

682 5177 738 5221 et
764 5170 1063 5225 reverentia
1090 5170 1361 5227 famulari.

1304 5263 1388 5317 Ad
1418 5264 1635 5321 Sublile.

752 5347 918 5407 indue
945 5365 1032 5407 me
1060 5349 1288 5408 Domine
1310 5355 1633 5412 vestimento
1662 5358 1871 5428 salutis,
1903 5369 1957 5416 et
1978 5361 2257 5419 circumda

685 5455 775 5496 me
795 5439 961 5497 lorica
986 5442 1323 5498 fortitudinis

1229 5534 1311 5588 Ad
1340 5534 1712 5594 Dalmaticum.

750 5606 1207 5681 indumentoihoe
1237 5628 1417 5696 typico
1460 5615 1762 5698 priscorum
1790 5633 2013 5689 Patrum
2054 5637 2160 5692 ritu
2201 5639 2254 5694 in

694 5705 909 5759 modum
932 5713 1109 5770 crucis
1139 5716 1446 5798 tramitibus
1465 5722 1771 5790 purpureis
1799 5734 2053 5782 contexto
2074 5730 2256 5802 ovesti-

1390 349 1679 405 APPEND.
1718 350 1810 405 AD
1847 348 2019 405 ὃίΕῦ.
2057 346 2126 400 Χ.
2162 374 2235 389 -
2262 344 2694 401 MONUMENTA
2734 345 3009 402 LITL‘RG.

1105 458 1414 517 conﬁtendo
1510 461 1727 515 veniam
1827 471 2241 526 consequamur.
2272 474 2323 529 Α
2351 465 2437 510 tus
2465 455 2742 513 humiliter
2765 459 2997 528 postulo,
3027 468 3088 514 ut
3128 475 3194 514 ex
3231 467 3693 524 commemoratione
3722 488 3802 540 pas-

2276 3188 2324 3251 (Ξ

3713 359 3800 416 1508

2349 546 2517 599 siouis
2563 554 2685 611 tum,
2737 547 2865 601 ﬁam
2905 547 3001 602 tibi
3051 547 3275 605 Domine
3307 548 3433 605 Jcsu
3471 552 3658 611 Christe
3673 556 3805 631 iugiter

2346 635 2639 703 gratiosus,
2669 637 2760 707 qui
2794 636 2953 703 vivis,
2983 645 3088 692 etc.

2934 728 3017 781 Ad
3059 726 3327 784 Casulam.

2410 817 2581 875 indue
2622 834 2711 874 me
2753 819 2978 875 Domine
3017 820 3338 876 sacerdotali
3371 821 3586 892 justitia,
3608 838 3659 883 ut
3691 832 3808 890 induci

2346 922 2562 964 merear
2591 908 2645 963 iu
2677 909 3024 965 tabernacula
3054 911 3403 980 sempiterna.

2834 996 3022 1052 Oratio
3057 999 3126 1053 ad
3157 998 3428 1054 Casulam.

2414 1088 2583 1144 Indue
2608 1104 2695 1145 me
2722 1090 2948 1146 Domine
2973 1101 3295 1147 ornamento
3337 1094 3648 1161 humilitatis,
3673 1103 3811 1157 etde.

2345 1179 2542 1244 ritatis,
2576 1189 2633 1235 et
2655 1183 2893 1236 concede
2922 1182 3054 1236 mihi
3085 1184 3471 1253 protectiouem
3494 1192 3811 1249 CODlﬂ‘llOSielll

2346 1269 2742 1338 insidiatorem,
2784 1281 2846 1326 ut
2871 1272 3081 1328 valeam
3110 1288 3248 1345 puro
3291 1277 3474 1341 corde,
3519 1287 3571 1333 et
3592 1291 3712 1336 casto
3739 1299 3814 1338 cor-

2344 1371 2477 1428 pore
2502 1358 2721 1415 laudare
2750 1375 2946 1417 nomen
2973 1370 3121 1418 tuum
3144 1375 3395 1424 sanctum
3414 1366 3469 1422 in
3490 1370 3654 1425 secula
3674 1376 3813 1429 seculo-

2346 1464 2488 1511 rum,
2522 1450 2714 1509 Amen.

2757 1542 2891 1597 Cum
2913 1543 3223 1616 Happulam
3234 1548 3514 1617 acceperit.

2415 1630 2719 1702 Investioue
2755 1633 2914 1690 istius
2954 1637 3220 1708 mappulaa
3250 1638 3479 1693 subnixe
3522 1635 3816 1709 deprecor!»-

2345 1723 2514 1790 mine,
2536 1733 2598 1779 ut
2631 1725 2712 1780 sic
2732 1741 2928 1795 opercr
2955 1728 3008 1782 in
3034 1728 3317 1798 temporali
3345 1731 3719 1795 conversatione,
3739 1750 3819 1802 qua-

2271 1842 2318 1901 B
2349 1820 2504 1869 tenus
2548 1814 2797 1885 exemplo
2844 1816 3088 1886 priorum
3132 1826 3351 1887 patrum
3393 1818 3445 1872 in
3489 1815 3648 1873 futuro
3681 1835 3820 1875 merear

2347 1904 2663 1977 perenniter
2687 1907 2943 1977 gaudere.
2970 1906 3075 1963 Per
3099 1908 3282 1962 omnia
3320 1916 3427 1964 etc.

2771 1997 2904 2055 Cum
2927 2000 3229 2070 mappulam
3256 2001 3509 2056 induerit.

2419 2088 2496 2142 Da
2519 2088 2750 2144 Domine
2783 2089 3039 2144 virtutem
3068 2091 3323 2146 mauibus
3366 2092 3500 2148 meis
3517 2091 3579 2146 ad
3606 2091 3821 2158 abstergcn

2346 2177 2470 2233 dam
2509 2194 2724 2235 omnem
2773 2181 3040 2237 maculam
3082 2182 3442 2251 immundam,
3485 2194 3543 2240 ut
3583 2186 3681 2239 sine
3713 2185 3821 2253 pollu-

2347 2270 2494 2331 tione
2565 2271 2794 2339 mentis,
2860 2281 2918 2326 et
2982 2273 3227 2343 corporis
3284 2273 3493 2330 valeam
3538 2273 3630 2329 tibi
3670 2273 3817 2328 servire.

2347 2359 2546 2419 Amen.

2819 2455 2900 2508 Ad
2937 2455 3231 2511 induendas
3257 2472 3469 2512 mam.

2419 2545 2646 2599 Crcator
2673 2545 2837 2600 totius
2859 2556 3124 2601 creatura:
3166 2547 3397 2616 dignare
3430 2562 3513 2602 me
3536 2547 3751 2617 indignum
3772 2548 3818 2603 ie

2342 2632 2552 2687 mulum
2584 2642 2735 2687 tuum
2760 2632 3089 2689 indumentis
3110 2635 3341 2705 iustitiae
3382 2645 3437 2691 et
3462 2636 3636 2691 Iustitia
3655 2635 3817 2697 induere,

2348 2731 2408 2775 ut
2437 2723 2587 2791 puris
2612 2723 2884 2779 mentibus
2924 2732 3052 2779 ante
3091 2735 3442 2795 corispeotum
3474 2736 3617 2781 tuum
3649 2726 3818 2781 assistere

2340 2829 2562 2868 merear
2588 2815 2840 2870 mundus.
3036 2856 3039 2857 ν

2938 2906 3021 2959 Ad
3042 2905 3336 2965 Annulum.

2421 2992 2707 3049 Circum'da
2744 2994 2972 3054 Dandae
2988 2995 3194 3066 digitos
3224 3011 3382 3053 utens
3398 2996 3607 3063 virtute,
3620 3004 3670 3055 et
3689 2994 3816 3050 decora

2354 3084 2773 3140 sacriﬁcatione.

2940 3176 3025 3231 Ad
3045 3175 3346 3234 (latinitate.

2420 3266 2499 3321 Da
2512 3265 2678 3322 nobis
2702 3266 2926 3325 Domine
2938 3268 3228 3323 veritatem
3253 3278 3409 3325 tuam
3426 3271 3635 3327 [imiter
3650 3268 3816 3329 retinete.

2351 3364 2406 3414 et
2434 3355 2739 3415 doctrinam
2766 3357 3013 3414 veritatis
3041 3358 3183 3429 plebi
3216 3369 3328 3415 uta:
3360 3360 3519 3433 digne
3536 3362 3719 3431 aperire.

2423 3444 2710 3518 Postquam
2734 3447 2996 3516 infulatus
3022 3450 3180 3519 fuerit
3203 3453 3352 3506 dicat
3383 3452 3776 3507 hanc'Oratiwu.

2420 3537 2574 3609 Rogo
2613 3546 2665 3593 te
2710 3538 2977 3598 altissime
3005 3540 3264 3608 Sabaoth,
3304 3543 3467 3600 Pater
3502 3554 3671 3605 sancte,
3703 3552 3743 3596 ut
3766 3554 3817 3593 nu

2352 3629 2832 3687 tunicacastimtis
2855 3630 3095 3701 digneris
3128 3633 3437 3704 accingere,
3468 3643 3521 3690 et
3539 3649 3663 3688 meos
3684 3631 3815 3685 lumbus

2351 3720 2569 3776 baltheo
2600 3721 2673 3776 tui
2698 3723 2901 3778 amoris
2946 3724 3152 3780 ambire
3175 3741 3239 3781 ac
3270 3742 3435 3782 renes
3477 3727 3635 3781 cordis
3675 3739 3719 3778 ac
3743 3736 3815 3775 cor-

2352 3813 2502 3885 poris
2556 3815 2660 3868 mei
2698 3815 2986 3876 cbaritatis
3030 3816 3153 3889 igne
3201 3832 3480 3888 perurere,
3526 3826 3732 3888 quatenus
3758 3825 3815 3880 pro

2354 3904 2591 3975 peccatis
2631 3906 2764 3961 meis
2814 3907 3013 3977 possim
3038 3908 3196 3978 digne
3236 3909 3581 3971 intercedere,
3608 3904 3815 3963 διαδιδούς

2354 3997 2532 4068 populi
2584 4008 2927 4067 peccatorum
2969 4001 3181 4057 veniam
3224 4004 3543 4072 promereri,
3580 4017 3633 4056 ac
3650 3998 3813 4071 pacilius

2355 4087 2690 4157 singulorum
2724 4090 2932 4145 hostias
2970 4091 3274 4159 immolare,
3328 4108 3417 4149 me
3436 4107 3629 4163 quoque
3647 4089 3815 4143 audaci"

2357 4179 2583 4235 Domine
2606 4180 2672 4233 ad
2704 4189 2757 4235 te
2783 4180 3131 4237 accedentem
3169 4197 3277 4237 non
3325 4184 3472 4238 sinas
3504 4175 3814 4253 perire,seddi-

2306 4287 2315 4298 ε
2356 4285 2521 4340 guarc
2546 4283 2634 4325 me
2667 4270 2946 4336 mundare,
2996 4270 3198 4338 lav'are,
3250 4288 3470 4339 ornare,
3515 4283 3563 4329 et
3599 4272 3813 4328 lenitech

2356 4359 2585 4428 benigne
2612 4360 2906 4429 suscipere,
2934 4359 3095 4415 Pater
3117 4363 3482 4427 sanctissime,
3503 4362 3694 4443 quicum
3716 4353 3811 4413 Filia.

2356 4461 2412 4505 ct
2466 4452 2666 4522 Spiritu
2708 4463 2897 4510 sancto
2937 4455 3071 4510 vivis
3110 4464 3167 4511 et
3213 4471 3413 4527 regnas
3466 4456 3593 4511 Deus
3626 4453 3669 4507 in
3689 4443 3812 4503 wh

2284 4537 2333 4599 Ι)
2360 4542 2700 4602 saeculorum.
2730 4544 2921 4612 Amen.

2767 4634 2901 4698 Iade
2929 4638 3187 4707 confessio
3214 4638 3516 4709 singularis.

2431 4724 2653 4783 Domine
2680 4724 2823 4781 Deus
2843 4728 3207 4800 omnipotens,
3235 4731 3329 4801 qui
3356 4746 3417 4785 es
3442 4730 3616 4792 trinas,
3651 4731 3691 4777 et
3709 4730 3813 4777 unus.

2357 4824 2412 4871 et
2440 4817 2638 4885 ubique
2662 4831 2925 4887 pragsens,
2947 4819 3045 4877 tibi
3063 4819 3326 4875 conﬁteor
3348 4820 3520 4877 omina
3534 4822 3708 4888 peccata
3724 4821 3810 4865 In”:

2356 4927 2476 4983 quise
2504 4911 2551 4967 si
2588 4927 2691 4965 non
2722 4912 3032 4979 conﬁterer,
3064 4922 3115 4967 te
3143 4923 3322 4979 tamen
3350 4913 3517 4967 latere
3542 4924 3629 4964 non
3646 4907 3810 4976 possum:

2358 5004 2484 5074 quia
2515 5004 2728 5073 peccavi
2762 5005 2920 5059 nimis
2944 5005 2996 5059 iu
3019 5005 3450 5072 cogitationibus,
3466 5004 3520 5057 in
3538 4992 3809 5056 locationibus.

2361 5096 2693 5167 diversisque
2719 5097 2973 5166 operibus
3013 5097 3190 5162 malis,
3218 5106 3283 5152 et
3333 5096 3524 5159 multis,
3552 5103 3602 5147 et
3634 5087 3729 5157 quia
3752 5092 3809 5147 εἴθ

2361 5190 2547 5257 miser,
2575 5200 2631 5246 et
2678 5190 3000 5245 miserabilis
3032 5191 3255 5246 Domine
3292 5198 3502 5261 propter
3544 5181 3754 5241 duritiam.
3777 5178 3809 5224 cl

2362 5280 2657 5349 nequitiam
2688 5281 2866 5336 cordis
2895 5281 3022 5345 mei,
3070 5280 3172 5336 nisi
3200 5290 3260 5335 tu
3308 5279 3519 5349 adjuch
3554 5280 3646 5337 me,
3679 5269 3718 5321 ίη
3740 5265 3808 5331 ἳβλ

2360 5380 2708 5444 peccatorum
2775 5385 3018 5426 meorum
3079 5379 3254 5427 morte
3320 5369 3560 5440 perduro,
3616 5362 3808 5433 ριοριεηλ

2360 5471 2582 5532 propter
2606 5472 2657 5516 te
2681 5462 2938 5518 miserere
2960 5462 3085 5527 mei,
3110 5462 3200 5532 qui
3238 5462 3441 5516 vivis-et
3462 5469 3651 5528 regnas.

2363 5549 2462 5606 llis
2489 5552 2726 5607 cantibus
2760 5554 2855 5608 rite
2885 5552 3106 5624 peractis
3134 5554 3270 5606 dicat
3294 5549 3562 5622 Episcopus
3583 5554 3718 5614 pm“
3736 5534 3805 5584 lm'

2434 5641 2647 5711 Exurge
2666 5643 2889 5701 Domine
2910 5642 3097 5715 adjuva
3126 5658 3223 5699 nos
3240 5628 3338 5698 :Et
3361 5641 3549 5697 redime
3573 5648 3652 5690 nos
3666 5631 3804 5701 pml‘m

2366 5748 2558 5789 IlOlllCll
2588 5743 2757 5789 tuum.
