3992 6304
168 326 320 397 1569

1546 319 1754 376 MSSA
1801 317 2076 374 LATIXA.
2139 288 2153 295 ’

3272 322 3414 376 ’1510

244 450 372 506 Fiat
414 444 786 509 misericordia
817 454 908 500 tua
928 439 1163 498 fDomine
1189 450 1351 508 super
1384 450 1517 492 nes:
1545 436 1743 504 Quem-
1770 439 1821 495 λ
1847 430 2045 486 Sancta
2072 428 2391 485 Sanctorum
2416 427 2839 484 incarnationem
2866 428 3140 500 Unigcniti
3179 430 3301 485 Filii
3342 433 3417 486 tui

166 542 471 601 admodum
496 538 834 606 speravimus
849 535 910 590 in
938 543 1010 589 te.

247 634 392 689 Deus
425 642 484 687 tu
518 642 814 685 conversus
851 622 1148 680 viviﬁcabis
1198 633 1327 676 nos:
1350 618 1425 674 fEt
1463 617 1622 718 plebs
1648 625 1743 671 tua

166 723 452 782 iactabitur
477 721 531 777 in
559 729 636 775 te.

234 812 483 871 "Ostende
532 809 688 867 nobis
713 806 941 864 Domine
983 802 1407 867 misericordiam
1450 807 1640 863 tuam;
1678 798 1746 853 Et

161 905 414 962 salutare
436 912 595 957 tuum
626 903 691 957 da
726 898 906 961 nobis,

243 996 525 1052 Ne'intres
566 994 618 1048 in
656 992 916 1064 judicium
960 1004 1087 1047 cum
1126 986 1299 1043 servis
1336 985 1444 1041 tuis
1483 982 1739 1038 Domine:

158 1085 312 1154 Quia
349 1099 455 1141 non
485 1080 872 1153 justllieabitur
914 1079 972 1134 in
993 1083 1283 1149 conspectu
1330 1084 1424 1130 tuo
1460 1073 1638 1130 onmis
1659 1072 1741 1129 vi-

164 1191 325 1233 vens.

238 1265 469 1321 Domine
491 1280 561 1320 ne
590 1262 901 1319 memineris
942 1259 1287 1331 iniquitatum
1314 1265 1622 1311 nostrarum
1646 1246 1760 1310 an?

164 1355 477 1428 tiquarum:
526 1354 651 1409 Cito
703 1353 999 1422 anticipent
1037 1366 1138 1405 nos
1176 1346 1562 1403 misericordia:
1612 1354 1738 1411 tute,

164 1447 295 1517 quia
324 1459 588 1515 pauperes
612 1443 740 1499 facti
760 1457 946 1498 sumus
966 1441 1149 1496 nimis.

230 1536 508 1613 Propitius
538 1546 656 1592 esto
703 1534 946 1605 peccatis
991 1531 1193 1587 noetris
1218 1530 1480 1585 Domine:
1508 1527 1743 1598 Propter

165 1638 367 1689 nomen
388 1633 547 1682 tuum
580 1623 826 1689 nurnine.

233 1714 464 1771 Domine
483 1715 678 1771 exaudi
707 1714 1005 1771 orationem
1033 1727 1239 1771 meam:
1273 1712 1339 1769 Et
1364 1712 1571 1768 clamor
1590 1723 1745 1767 meus

159 1806 232 1864 ad
261 1815 312 1863 te
332 1805 534 1862 veniat.
677 1874 684 1880 .

407 1899 712 1973 Sequuntur
740 1902 1038 1955 Orationes.
1251 1898 1498 1955 Oremus.

229 1992 342 2049 Fac
368 2006 456 2048 me
477 2007 660 2063 quasso
680 1991 1029 2062 omnipotens
1058 1990 1202 2045 Deus
1242 1989 1314 2043 ita
1332 1988 1540 2057 iustitia
1562 1985 1735 2052 indui,

157 2092 223 2148 ut
248 2083 299 2138 iu
323 2089 631 2137 sanctorum
664 2089 877 2135 tuorum
924 2094 1140 2135 merear
1177 2077 1514 2134 exultatione
1542 2076 1735 2147 laetari,

156 2180 429 2243 quatenus
456 2171 779 2227 emundatus
821 2171 889 2225 ab
915 2169 1167 2225 omnibus
1211 2166 1461 2223 sordibus
1488 2172 1737 2236 peccato-

158 2280 284 2319 rum
347 2263 680 2320 consortium
738 2262 1013 2331 adipiscar
1047 2260 1143 2315 tibi
1174 2259 1500 2330 placentium
1547 2256 1738 2312 Sacer-

156 2355 366 2421 dotum,
412 2368 611 2423 meque
665 2362 755 2407 tua
799 2350 1171 2406 misericordia
1228 2364 1260 2402 a
1300 2348 1448 2402 vitiis
1484 2346 1736 2401 omnibus

160 2450 349 2510 exuat,
401 2459 560 2515 quem
610 2440 1080 2515 reatus_'proprizn
1132 2437 1476 2503 conscientia:
1524 2444 1731 2508 gravat.

156 2534 261 2606 Qui
290 2542 397 2591 etc.
918 2562 923 2565 -

178 2610 193 2627 ‘
874 2623 1015 2678 Alia.

226 2718 401 2773 'Aurcs
422 2725 528 2774 tua:
552 2714 772 2789 pietatis
813 2714 1101 2772 mitissime
1145 2712 1288 2767 Deus
1316 2709 1512 2766 inclina
1554 2710 1735 2780 preci-

154 2809 457 2885 bus'meis,
498 2819 553 2865 et
603 2809 779 2893 gratia
828 2806 1003 2862 sancti
1052 2803 1287 2876 Spiritus
1352 2801 1590 2857 illumina
1638 2814 1737 2863 cor

156 2912 361 2968 meum,
407 2910 469 2957 ut
518 2902 624 2958 tuis
664 2898 941 2971 mysteriis
993 2897 1151 2967 digne
1196 2896 1531 2959 ministrare,
1568 2902 1732 2965 atque

157 3002 358 3049 mterna
381 2993 648 3050 charitate
676 2990 899 3062 diligere
925 3002 1157 3044 merear.
1192 2985 1327 3053 ‘Per,
1362 2997 1471 3042 etc.

563 3080 645 3137 Ad
670 3081 938 3153 incensum
974 3077 1363 3148 imponendum.

227 3178 284 3233 In
328 3178 542 3234 nomine
580 3176 782 3241 Patris,
807 3182 864 3230 et
899 3172 1041 3239 Filii,
1078 3179 1135 3228 et
1172 3170 1407 3242 Spiritus
1451 3169 1621 3225 sancti
1658 3169 1702 3223 si

154 3267 497 3325 benedictum
530 3268 631 3323 hoc
670 3268 948 3322 incensum
979 3265 1034 3323 in
1060 3264 1281 3322 odorem
1327 3262 1606 3318 suavitatis
1624 3260 1730 3316 Do-

156 3359 307 3414 mino
330 3366 383 3414 et
421 3360 477 3414 in
521 3356 897 3414 remissionem
932 3355 1176 3411 omnium
1216 3361 1595 3425 pecccatorum
1634 3366 1730 3405 no-

157 3457 414 3505 strorum.
442 3448 639 3504 Amen.

517 3540 601 3595 Ad
626 3540 971 3596 osculandum
1001 3536 1362 3608 Eeangeh'um.

224 3632 337 3688 Pas
364 3631 566 3687 Christi
596 3633 650 3687 in
686 3632 985 3687 visceribus
1009 3631 1210 3685 nostris
1243 3637 1579 3700 permaneat.
1615 3662 1625 3687 ν
1698 3646 1701 3651 ·

296 3721 431 3776 Cum
455 3722 1028 3793 egreditur_'Episcopus
1051 3722 1115 3775 de
1140 3720 1392 3776 Sacrario
1412 3720 1587 3774 dicat:

223 3811 408 3867 Deduc
427 3825 524 3865 me
544 3810 769 3867 Domine
792 3811 846 3866 in
870 3813 957 3866 via
983 3819 1092 3876 tua,
1125 3819 1181 3866 et
1207 3810 1479 3882 ingrediar
1505 3810 1557 3864 in
1584 3808 1729 3864 veris
1814 3830 1817 3831 ν

157 3910 268 3956 tate
289 3910 377 3957 tua
398 3918 413 3968 ;
436 3900 656 3957 ‘laatetur
674 3916 772 3957 cor
796 3916 997 3967 meum,
1023 3911 1083 3956 ut
1104 3901 1295 3957 timeat
1336 3916 1530 3955 nomen
1552 3911 1727 3953 tuum.

156 3990 469 4049 Voluntarie
519 3993 837 4050 sacriﬁcabo
905 3994 1024 4060 tibi,
1074 4003 1131 4049 et
1177 3994 1477 4051 confitebor
1524 3990 1729 4048 nomini

156 4094 249 4140 tuo
272 4085 518 4154 Domine,
536 4085 787 4157 quoniam
810 4086 1011 4142 bonum
1034 4094 1138 4141 est.

583 4174 868 4230 Ecclesium
905 4176 1107 4229 intrans
1127 4176 1266 4231 dicat
1292 4192 1308 4206 ο

225 4263 460 4323 lntroibo
497 4267 552 4322 in
597 4247 814 4322 domum
844 4260 990 4320 tuam
1033 4266 1277 4332 Domine,
1306 4274 1372 4335 et
1396 4265 1631 4322 adorabo
1658 4265 1727 4321 ad

158 4356 411 4428 templum
438 4365 680 4413 sanctum
711 4366 858 4412 tuum
896 4357 950 4411 in
990 4356 1186 4412 timore
1209 4364 1323 4410 tuo.

228 4447 454 4503 Domine
477 4447 649 4503 deduc
672 4463 759 4503 me
787 4445 1072 4517 iniustitia
1097 4456 1185 4505 tua
1216 4454 1437 4518 propter
1474 4446 1724 4504 inimicos
1751 4489 1803 4551 υ

155 4554 324 4604 meos,
353 4540 523 4609 dirige
543 4538 596 4593 in
625 4548 917 4611 conspectu
942 4554 1067 4599 meo
1092 4539 1236 4595 viam
1261 4549 1429 4594 tuam.

224 4631 424 4684 Averte
452 4629 681 4684 Domine
694 4630 880 4691 oculos
894 4644 1064 4695 meos,
1090 4645 1157 4684 ne
1172 4629 1389 4684 videant
1404 4629 1695 4682 vanitatem
1706 4668 1721 4692 ,

155 4722 212 4777 in
264 4721 349 4777 via
390 4726 482 4775 tua
525 4719 739 4776 viviﬁca
789 4736 895 4784 me.
928 4722 1076 4777 Deus
1117 4720 1385 4792 propitius
1427 4729 1544 4775 esto
1591 4719 1723 4785 mihi

153 4812 446 4884 peccatori.
460 4855 485 4882 ,

153 4925 374 4998 Interim
413 4942 531 4980 cum
558 4923 898 4983 Pracessioae
923 4928 1207 4996 egrediens,
1242 4929 1315 4983 ad
1342 4928 1538 4998 gradus
1587 4929 1727 4985 hunc

258 4997 517 5065 psalmum
544 5013 639 5066 pro
661 5013 716 5051 se
741 5013 858 5052 cum
880 4997 1253 5053 deducentibtts
1280 4997 1397 5053 eum
1430 5008 1621 5054 cantet.

224 5085 484 5142 Dominus
513 5086 651 5158 regit
677 5102 781 5149 me,
813 5096 865 5144 et
890 5086 1022 5141 nihil
1043 5087 1172 5142 mibi
1206 5088 1377 5144 deerit
1407 5097 1514 5144 etc.

752 5174 884 5235 Cum
928 5175 1117 5234 Versu.

223 5262 386 5337 Virga
401 5274 507 5322 ‘tua
518 5306 533 5334 ,
567 5272 623 5341 et
647 5266 872 5323 baculus
901 5275 1022 5323 tuus
1050 5276 1157 5321 etc.
1192 5267 1309 5334 Quo
1329 5268 1478 5336 ﬁnito
1505 5270 1725 5339 subjuae

152 5368 240 5427 gat
270 5357 556 5414 orationem
582 5359 717 5413 Itane
739 5372 758 5412 :
782 5357 1042 5416 Dominus
1069 5357 1363 5414 vobiscum.
1389 5358 1588 5414 Etcum
1612 5361 1721 5431 spi-

154 5452 259 5503 ritu
290 5458 404 5506 tuo.

814 5545 1052 5599 Oremus.

1840 518 2057 573 Domini
2089 517 2259 572 nostri
2281 517 2655 583 obsecrantes,
2674 518 3010 589 postulamus
3033 519 3419 590 benignitatem

1835 615 2012 671 suam,
2043 605 2168 675 quis
2200 605 2258 659 in
2288 605 2493 659 timore
2519 621 2728 672 sumus,
2772 616 2831 663 et
2882 614 3140 670 tremore,
3180 607 3421 663 volentes

1834 698 2099 753 assistere
2118 706 2253 754 ante
2288 705 2561 763 sanctum,
2609 706 2666 753 et
2706 696 3000 766 gloriosum
3037 697 3221 752 Altare
3250 706 3418 765 tuum,

1832 796 1902 841 art
1920 786 2138 842 emittas
2158 801 2323 857 super
2352 800 2460 842 nos
2511 786 2712 841 donum
2738 787 2924 856 gratiae
2940 787 3184 859 Spiritus
3227 789 3417 854 sancti,

1842 886 1896 931 ct
1940 876 2163 931 iunoves
2193 876 2403 930 animas
2448 883 2686 940 nostras,
2738 883 2791 930 et
2841 890 3099 944 corpora,
3134 877 3421 932 Itmundo

1832 964 2002 1020 corde
2014 962 2310 1020 dictamus
2338 964 2435 1019 tibi
2466 961 2817 1028 sacriﬁcium,
2846 962 3043 1017 domtm
3074 961 3417 1019 fructiferum

1834 1055 1897 1123 in
1950 1053 2321 1112 remissionem
2372 1061 2717 1125 peccatorum
2756 1064 3099 1119 nostrorum,
3132 1063 3195 1110 et
3238 1054 3419 1124 pepuli

1842 1146 1943 1210 tui,
1970 1161 2069 1215 per
2103 1144 2361 1213 gloriam,
2392 1152 2447 1201 et
2482 1143 2876 1201 humanitatem
2896 1143 3028 1202 Jesu
3070 1143 3285 1215 Christi:
3323 1143 3416 1197 lilii

1832 1236 1940 1302 .ttti.
1964 1236 2058 1306 qui
2092 1243 2267 1301 tecum
2301 1244 2403 1293 etc.

1842 1347 2032 1407 Coram
2056 1346 2233 1419 ditare
2256 1357 2427 1419 autem
2447 1358 2592 1403 stans
2610 1418 2613 1419 ν
2630 1364 2747 1402 eum
2770 1349 3126 1419 Processione,
3148 1349 3418 1419 proferens

1948 1418 2322 1486 confessionem
2348 1418 2433 1472 det
2468 1418 2843 1488 indulgentiam
2872 1417 3135 1473 Ministris
3154 1417 3316 1473 hanc.

1912 1505 2299 1576 indulgentiam
2364 1516 2432 1563 -et
2478 1507 2854 1563 remissionem
2906 1507 3021 1577 ipse
3080 1506 3417 1562 occultorum

1842 1598 2085 1653 omnium
2135 1598 2382 1669 cognitor
2446 1615 2543 1670 per
2595 1599 2881 1661 Dominum
2937 1608 3183 1654 nostrum
3228 1597 3418 1654 Jesum

1840 1686 2118 1743 Christum
2152 1688 2317 1743 lilium
2344 1705 2523 1757 suum,
2554 1705 2658 1744 una
2684 1702 2806 1746 cum
2834 1687 3037 1759 Spiritu
3060 1698 3257 1745 sancto
3284 1704 3417 1745 cou-

1768 1786 1815 1846 B
1847 1779 2122 1835 tritioncm
2146 1780 2387 1851 spiritus,
2418 1782 2677 1851 gemitum
2707 1782 2910 1845 cordis,
2933 1790 2997 1837 net
3020 1780 3418 1845 confessionem

1840 1869 1954 1925 sris
1980 1869 2146 1924 vestri
2196 1869 2391 1926 blande.
2415 1880 2470 1925 et
2512 1870 2893 1927 venerabiliter
2917 1871 3193 1941 suscipere
3235 1871 3421 1941 digne-

1831 1966 1951 2025 tur,
1974 1958 2175 2029 quique
2203 1959 2417 2016 mulieri
2453 1960 2741 2031 peceatrici
2788 1960 2967 2022 omnia
3002 1970 3233 2029 peccata
3255 1961 3419 2016 dimi-

1840 2062 1986 2107 serat
2009 2052 2396 2124 Iachrymanti,
2433 2062 2488 2109 et
2513 2054 2712 2110 latroni
2741 2055 2807 2108 ad
2836 2070 2998 2109 uuam
3025 2054 3418 2110 confessionem

1833 2143 2077 2199 clatrstra
2134 2142 2344 2211 aperuit
2395 2141 2663 2208 Paradisi,
2715 2142 2831 2212 ipse
2876 2157 2973 2197 vos
3031 2143 3419 2214 redemptionis

1837 2249 1947 2289 sua:
1967 2233 2255 2303 participes
2276 2233 2344 2287 ab
2367 2233 2513 2287 omni
2540 2233 2758 2293 vinculo
2780 2243 3125 2302 peccatorum
3151 2235 3417 2302 absolvat,

1832 2333 1894 2379 et
1908 2323 2149 2377 membra
2177 2321 2524 2391 aliquatenus
2540 2322 2816 2379 debilitata
2839 2339 2950 2379 sua:
2970 2325 3236 2381 medicina
3258 2325 3419 2380 mise-

1837 2413 2085 2468 ricordia:
2130 2421 2345 2477 sanata,
2377 2414 2594 2483 corpori
2649 2423 2850 2470 sanctae
2878 2414 3134 2470 Ecclesia:
3156 2416 3419 2471 redeunte

1836 2501 2008 2575 gratia
2040 2501 2312 2567 restituat,
2335 2510 2496 2572 atque
2521 2504 2576 2562 in
2592 2512 2928 2575 perpetuum
2968 2504 3199 2561 solidata
3235 2513 3416 2562 custo-

1830 2594 1966 2655 diat.
1994 2593 2095 2662 Qui
2125 2595 2333 2651 vivitet
2363 2606 2569 2668 regant.

2032 2684 2174 2747 Data
2187 2686 2788 2812 .indulgetuitbadneetst
2809 2688 2904 2744 Itas
2928 2688 3233 2746 Orationes.

2550 2774 2740 2812 remus.

2550 2774 2740 2812 remus.

1905 2847 2258 2919 Omnipotens
2281 2850 2611 2922 sempiterno
2649 2852 2792 2908 Deus
2838 2862 2892 2909 te
2916 2853 3197 2909 humiliter
3218 2852 3412 2925 depre—

1833 2952 2041 3004 camur,
2069 2948 2127 2994 ut
2150 2954 2261 2995 non
2289 2955 2390 2996 nos
2426 2940 2709 3011 permittas
2734 2941 2934 3010 perire,
2962 2942 3088 3012 quia
3142 2949 3235 2995 tua
3262 2956 3414 2996 crea-

1833 3038 1953 3085 tura
1983 3046 2190 3097 sumus,
2218 3031 2311 3088 sed
2333 3032 2572 3087 concede
2596 3031 2751 3087 nobis
2773 3032 3003 3101 spatium
3032 3031 3156 3085 vitze
3174 3030 3411 3096 vivendi,

1710 3144 1799 3223 ια
1836 3129 1895 3175 ut
1922 3129 2050 3184 ante
2076 3122 2220 3177 diem
2256 3123 2437 3187 exitus
2470 3124 2639 3179 nostri
2660 3138 2763 3195 per
2799 3137 2982 3178 veram
3012 3120 3411 3193 pmnitentiam,

1814 3214 2098 3283 iidemque
2125 3223 2350 3280 rectam,
2379 3223 2437 3270 et
2466 3229 2656 3286 puram
2684 3213 3088 3270 confessionem
3114 3211 3212 3268 tibi
3238 3210 3415 3267 omni-

1812 3304 2035 3373 potenti
2103 3304 2333 3359 Domino
2406 3303 2462 3359 in
2532 3304 2637 3372 hac
2690 3303 2944 3375 praesenti
3007 3303 3118 3357 vita
3184 3301 3413 3372 1plausere

1830 3394 2153 3449 mereamur.
2186 3392 2289 3447 Per
2317 3401 2423 3455 etc.

2546 3482 2685 3536 Alia.

1900 3570 2103 3634 Prmsta
2155 3586 2464 3641 qmesumus
2531 3571 2915 3643 omnipotens,
2979 3578 3035 3626 et
3096 3568 3411 3623 misericors

1831 3660 1993 3727 Deus,
2016 3670 2077 3714 ut
2102 3670 2284 3717 reatus
2315 3661 2488 3717 nostri
2516 3660 2788 3716 confessio
2816 3658 3205 3731 indulgentiam
3228 3657 3409 3719 valeat

1830 3752 2110 3823 percipere
2139 3750 2479 3811 delictorum.
2510 3750 2616 3813 I‘er
2641 3760 2748 3808 etc.

2544 3842 2688 3903 Alia,

1900 3932 2246 3989 Famulorum
2304 3942 2518 3989 tuorum
2565 3948 2873 4003 quaesumus
2918 3930 3409 4009 Dominedclictis

1831 4021 2070 4093 ignosce,
2100 4033 2155 4076 et
2175 4023 2264 4093 qui
2295 4022 2512 4092 placere
2542 4023 2609 4077 de
2652 4022 2863 4079 actibus
2890 4021 3090 4099 nostris
3124 4035 3231 4075 non
3256 4018 3409 4072 vale-2

1829 4129 1952 4171 mus
1971 4114 2264 4173 Geuitricis
2288 4114 2378 4169 lilii
2408 4114 2484 4169 tui
2503 4114 2712 4171 Domini
2738 4115 2833 4170 Dei
2858 4112 3050 4178 nostri,
3075 4121 3129 4164 et
3154 4111 3407 4179 istorum,

1829 4217 1991 4277 atque
2051 4207 2294 4263 omnium
2355 4207 2677 4263 Sanctorum
2756 4216 2967 4261 tuorum
3015 4202 3409 4261 intercessione

1826 4296 2121 4352 salvemur.
2153 4297 2257 4352 Per
2286 4299 2538 4353 eumdem
2566 4309 2676 4354 etc.

1830 4382 2035 4455 Deinde
2077 4385 2130 4438 iu
2162 4385 2341 4440 eodem
2385 4386 2499 4439 loco
2525 4385 2835 4455 presbyteris
2879 4381 3028 4455 illum
3060 4378 3401 4455 ducentibus.

1899 4465 1947 4507 et
2002 4453 2239 4507 diaconis
2280 4452 2533 4523 prtebeat'
2560 4452 2796 4507 osculum
2842 4454 3007 4523 pacis,
3052 4452 3250 4523 ipsique
3288 4458 3405 4523 post

1893 4535 2159 4590 acceptam
2196 4519 2375 4591 pacem
2405 4523 2471 4576 ab
2501 4519 2983 4592 episcopo,singuli
3024 4519 3402 4592 ascendantad

1900 4588 2063 4647 contu
2090 4588 2300 4657 altaris,
2328 4588 2621 4647 osculantes
2652 4588 2803 4644 illud.
2835 4589 2900 4642 Et
2924 4588 3154 4641 redeant
3188 4588 3403 4656 presby-

1898 4662 1998 4717 teri
2017 4662 2085 4715 ad
2105 4662 2403 4716 ducendum
2428 4661 2739 4731 Episcopum
2763 4660 2833 4713 ad
2861 4658 3048 4721 altare,
3073 4667 3121 4711 et
3154 4659 3207 4711 in
3229 4673 3404 4719 ascen-

1899 4732 2070 4786 dendo
2098 4733 2236 4785 dicat
2275 4733 2563 4786 orationem
2584 4732 2718 4783 hanc
2733 4743 2751 4779 :

1888 4823 2160 4891 Dominus
2189 4822 2491 4887 vobiscum,

1900 4916 1965 4977 Et
1995 4932 2115 4974 cum
2142 4917 2336 4988 spiritu
2363 4926 2474 4971 tuo.

2495 5005 2737 5060 Oremus.

1898 5097 2065 5162 Aufer
2095 5114 2124 5151 a
2162 5097 2320 5152 nobis
2340 5111 2647 5166 quaesumus
2694 5093 2918 5149 Domine
2964 5088 3277 5158 iniquitates
3301 5098 3397 5138 no-

1808 5183 1988 5254 ‘slras,
2024 5199 2081 5242 ut
2105 5189 2169 5242 ad
2200 5198 2386 5242 sancta
2417 5194 2727 5243 sanctorum
2749 5185 2900 5256 puris
2918 5194 3221 5259 mereamur
3243 5172 3395 5230 men-

1826 5278 1969 5334 tibus
1998 5278 2241 5332 introire.
3208 5272 3211 5275 λ

1859 5390 1928 5445 Et
1959 5392 2084 5444 dum
2119 5390 2402 5459 pervenerit
2442 5387 2512 5442 ad
2524 5387 2714 5509 [Altare
2750 5386 2983 5454 imponat
3011 5364 3109 5451 per
3137 5396 3192 5435 se
3211 5379 3364 5433 Anti-

2490 5475 2520 5509 υ
2540 5472 2735 5509 tonant.

2488 5472 2735 5527 pnouam.

1810 5538 1815 5539 ί
1896 5550 2135 5606 lntroibo
2162 5548 2227 5603 ad
2266 5549 2441 5603 altare
2459 5546 2574 5609 Dei,
2608 5545 2674 5598 ad
2702 5542 3002 5613 Dominum,
3038 5541 3129 5613 qui
3157 5536 3394 5624 lzctiﬂca‘t

229 5623 452 5691 Domine
475 5626 617 5692 Deus
649 5638 1006 5708 omnipotens,
1032 5636 1123 5708 qui
1152 5653 1209 5693 es
1249 5655 1491 5710 magnus,
1539 5650 1593 5696 et
1621 5641 1719 5695 mi-
1806 5642 2158 5711 .juveututem
2185 5654 2379 5693 meam.
2411 5652 2527 5689 cum
2562 5626 2790 5688 Psalmo.
2818 5630 3004 5689 iudica
3040 5648 3125 5689 me
3147 5626 3315 5697 Deus,
3339 5639 3395 5684 et

156 5724 341 5780 rabilis
388 5725 665 5796 Dominus,
717 5730 808 5800 qui
862 5732 1015 5787 nobis
1077 5730 1285 5787 donasti
1339 5731 1615 5788 introitum
1664 5734 1716 5788 in

1830 5736 2077 5789 discerne
2104 5746 2319 5786 causam
2362 5742 2531 5781 meum
2559 5727 2623 5782 de
2651 5734 2825 5797 gente.
