3992 5350
660 319 785 375 1511

994 427 1107 495 Qua
1132 427 1279 496 ﬁnito
1309 427 1404 480 llas
1434 426 1674 479 adtrectat
1702 441 1899 497 preces.

730 520 992 576 Delictum
1035 536 1210 575 meum
1250 518 1524 589 cognitum
1580 517 1675 573 tibi
1706 515 1828 583 feci,
1854 515 2222 586 etiujustitias

661 628 809 667 meas
830 626 936 666 non
962 610 1240 675 abseondi,
1275 609 1585 678 iniquitates
1618 623 1768 662 meas
1810 624 1911 679 ego
1936 623 2221 678 cognosco,

659 712 712 757 et
743 703 936 757 delicta
984 717 1103 756 mea
1146 711 1335 755 contra
1382 716 1468 755 me
1505 709 1632 753 sunt
1659 714 1892 769 semper.
1925 699 2120 752 Averte
2142 697 2222 752 fa-

662 792 795 845 ciem
836 799 983 845 tuam
1033 807 1062 846 a
1105 792 1340 861 peccatis
1392 790 1548 857 meis,
1594 799 1648 845 et
1694 804 1883 855 omnes
1915 788 2226 860 iniquitates

661 896 811 937 meas
827 882 965 938 dele.
1372 924 1379 927 -
2114 952 2115 955 η

732 972 913 1027 Redde
943 973 1070 1027 mihi
1091 972 1330 1029 lanitium
1357 971 1613 1028 salutaris
1643 972 1739 1037 tui,
1778 980 1832 1026 et
1856 971 2043 1040 spiritu
2084 971 2228 1040 prin-

661 1063 819 1132 cipali
842 1063 1101 1118 confirma
1130 1078 1235 1117 me.
1262 1064 1512 1118 Auditum
1541 1062 1626 1116 fac
1652 1063 1783 1117 mihi
1829 1076 1989 1118 tuane
2012 1061 2224 1116 miseri-

661 1155 901 1210 cordiam
936 1163 1077 1209 tuam
1104 1173 1117 1208 :
1152 1158 1276 1226 quia
1307 1156 1360 1210 in
1390 1164 1443 1211 te
1471 1157 1707 1226 speravi.

732 1244 923 1299 Notam
953 1245 1039 1302 fac
1062 1246 1191 1300 mihi
1223 1247 1385 1311 viam,
1433 1247 1487 1301 in
1535 1262 1641 1316 qua
1672 1246 1965 1312 ambulem,
2007 1247 2131 1316 quia
2159 1247 2227 1301 ad

662 1343 714 1399 te
738 1335 908 1390 levavi
947 1335 1183 1399 animam
1215 1352 1413 1395 meam.

734 1425 892 1495 Eripe
913 1442 999 1480 me
1022 1427 1090 1479 de
1116 1425 1350 1480 inimicis
1380 1426 1513 1481 meis
1538 1426 1779 1492 Domine,
1807 1427 1872 1480 ad
1910 1436 1962 1481 te
1988 1427 2224 1498 confugi,

661 1515 794 1568 doce
824 1530 910 1570 me
956 1513 1135 1570 facere
1172 1516 1498 1570 voluntatem
1551 1526 1720 1585 tuam,
1754 1518 1876 1587 quia
1908 1517 2048 1573 Deus
2077 1534 2227 1573 meus

660 1619 720 1658 es
753 1613 828 1659 ιιι.

729 1695 962 1765 Spiritus
984 1706 1103 1753 tuus
1118 1698 1291 1753 bonus
1313 1699 1539 1753 deducet
1569 1713 1653 1752 me
1680 1698 1731 1752 in
1760 1708 1955 1752 terram
1983 1706 2180 1753 rectam
2205 1716 2219 1763 ;

658 1794 876 1853 propter
933 1802 1127 1841 nomen
1192 1798 1338 1842 tuum
1396 1789 1619 1843 Domine
1688 1788 1978 1847 viviticabis
2033 1803 2119 1842 me
2169 1789 2221 1842 in
2256 1774 2296 1833 Β

659 1874 913 1941 aequitate
949 1884 1059 1930 tua.

728 1964 938 2020 Educes
952 1966 1018 2021 de
1046 1968 1389 2023 tribulatione
1412 1970 1645 2024 animam
1676 1984 1872 2034 meam,
1906 1978 1959 2023 et
1988 1969 2039 2022 in
2068 1969 2228 2024 mise-

660 2055 891 2112 ricordia
924 2067 1014 2111 tua
1039 2059 1315 2127 disperdes
1348 2060 1595 2114 inimicos
1633 2075 1803 2113 meos.

729 2144 795 2218 Et
824 2146 1017 2215 perdes
1060 2162 1268 2213 omnes,
1296 2149 1389 2218 qui
1435 2149 1691 2203 tribulaut
1740 2149 1974 2201 animam
2030 2162 2224 2212 meam,

662 2238 919 2305 quoniam
950 2252 1049 2308 ego
1073 2255 1262 2293 servus
1297 2250 1418 2301 tuus
1457 2256 1596 2293 sum.

728 2331 998 2401 Egredere
1029 2333 1252 2388 Domine
1274 2334 1327 2388 in
1349 2332 1573 2388 salutem
1598 2334 1776 2404 populi
1808 2335 1902 2400 tui,
1935 2336 1986 2388 in
2005 2335 2229 2390 salutem

659 2437 782 2476 cum
806 2422 1023 2479 Christo
1051 2434 1161 2479 tuo.

945 2512 1088 2566 Tunc
1112 2513 1306 2567 salutat
1332 2512 1698 2585 Evangelium,
1725 2516 1899 2570 (licens
1924 2530 1943 2567 :

732 2601 840 2656 Pax
885 2602 1108 2668 Christi,
1150 2619 1311 2673 quam
1360 2606 1516 2661 nobis
1553 2621 1650 2676 per
1677 2607 2023 2678 Evangelium
2074 2625 2230 2664 suum

662 2693 901 2758 tradidit,
945 2694 1248 2758 continuet,
1300 2704 1355 2750 et
1400 2707 1681 2752 conservet
1711 2700 1873 2752 corda
1900 2707 1955 2752 et
2000 2715 2232 2770 corpora

663 2793 846 2837 nostra
879 2784 1117 2838 invitam
1150 2794 1431 2840 aeternam.
1461 2788 1652 2842 Amen.

741 2875 942 2929 Deinde
976 2876 1240 2930 osculetur
1259 2876 1439 2932 Altare
1460 2879 1637 2933 dicens
1667 2881 1802 2933 lianc
1834 2882 2118 2936 orationem
2143 2899 2161 2937 :

736 2965 1087 3035 Omnipotens
1128 2967 1455 3037 sempiterno
1486 2967 1647 3035 Deus,
1676 2970 1767 3039 qui
1794 2986 1877 3025 me
1898 2982 2233 3040 peccatorcm

662 3056 829 3109 sacris
857 3055 1128 3111 Altaribus
1169 3057 1384 3113 adstare
1425 3058 1661 3125 voluisti,
1690 3070 1745 3114 et
1786 3052 1956 3115 sancti
1998 3064 2234 3119 nominis

1505 316 1784 374 APPEND.
1818 316 1909 371 AD
1943 319 2117 372 SASC.
2162 317 2226 371 Χ.
2268 346 2340 359 -
2370 317 2799 374 MONUMENTA
2836 319 3109 377 LITURG.

3733 322 3830 379 ιδιξ

2249 431 2297 490 Λ
2323 428 2563 482 omnium
2610 438 2917 485 sanctorum
2966 430 3225 486 confiteor
3263 431 3352 487 tibi
3378 436 3602 502 peccata
3628 450 3746 502 mea,
3769 455 3831 494 re.

2323 519 2466 574 uiam
2494 520 2705 591 postulo
2732 536 2829 591 pro
2865 521 3074 581 delictis
3104 523 3260 588 meis,
3290 532 3453 594 teque
3481 524 3714 590 obsecro,
3731 538 3776 582 ut
3794 531 3830 585 in

2323 607 2427 663 hoc
2470 617 2708 679 tempore
2746 619 2966 681 accepto
2994 613 3250 667 exaudias
3278 628 3384 678 me,
3411 621 3472 668 et
3510 613 3564 667 in
3591 614 3671 669 his
3694 616 3834 673 diebus

2324 698 2511 753 salutis
2542 700 2761 770 adjuves
2786 715 2890 764 me,
2918 708 2975 754 ut
3001 701 3054 755 in
3101 702 3353 771 praesenti
3412 700 3652 772 perfecte
3676 702 3831 759 valesii

2322 801 2707 857 recognoscere
2744 798 2966 858 peccata
3019 803 3159 856 mea,
3185 799 3242 845 et
3277 799 3484 846 aeterno
3529 790 3836 847 Judiciconﬁ-

2248 945 2254 948 4
2325 877 2448 943 teri,
2478 886 2530 931 et
2571 893 2668 947 per
2712 879 2764 933 id
2807 880 3018 933 veniam
3064 880 3259 935 mereri
3304 881 3552 935 omnium
3580 880 3834 937 delictorum

2325 983 2589 1034 meorum,
2610 979 2877 1040 quatenus
2901 970 2967 1024 ad
2998 971 3331 1027 tremendum
3353 969 3621 1040 judicium
3645 980 3765 1024 tuum
3781 988 3837 1025 se-

2325 1078 2514 1125 curum
2543 1078 2626 1117 me
2659 1064 2727 1119 ab
2748 1064 2998 1120 omnibus
3032 1065 3471 1121 accusationibus
3504 1063 3698 1119 inimici
3716 1062 3835 1119 facias
3870 1098 3873 1099 ν

2325 1154 2625 1223 pervenire.
2660 1154 2763 1209 Per
2782 1163 2888 1211 etc.

3032 1246 3173 1300 Alia.

2397 1336 2509 1405 Ego
2552 1338 2717 1391 miser
2745 1346 3013 1407 peccator,
3043 1338 3135 1406 qui
3183 1352 3268 1392 me
3317 1352 3430 1407 prce
3467 1335 3709 1391 omnibus
3726 1335 3837 1391 Chri-

2327 1426 2517 1482 stianis
2546 1426 3016 1491 sceleratissimum
3042 1434 3190 1497 puto,
3221 1433 3275 1481 et
3327 1427 3466 1490 scio,
3515 1424 3838 1480 confiteorDo-

2326 1516 2495 1581 mino,
2521 1524 2576 1570 et
2609 1516 2861 1571 omnibus
2901 1515 3114 1571 Sanctis
3161 1516 3296 1586 ejus,
3325 1514 3584 1570 omnibus
3608 1511 3838 1567 sceleribus

2326 1616 2380 1661 et
2403 1604 2617 1675 flagitiis
2668 1605 2889 1659 inﬁnitis
2916 1604 2984 1660 ab
3025 1605 3240 1659 ineunte
3272 1612 3437 1674 aetate
3467 1618 3635 1672 usque
3658 1601 3707 1656 in
3742 1617 3839 1670 pra-

2324 1704 2535 1755 sentem
2564 1697 2706 1751 diem
2732 1710 2817 1750 me
2847 1709 3059 1765 semper
3087 1703 3411 1764 occupatum
3448 1693 3636 1757 fuisse,
3660 1692 3755 1747 sine
3769 1692 3836 1745 ali-

2325 1806 2431 1859 quo
2469 1790 2634 1843 divini
2662 1789 2873 1845 timoris
2922 1790 3138 1852 intuitu,
3171 1788 3406 1843 maxime
3436 1796 3618 1841 autem
3638 1785 3687 1839 in
3718 1784 3837 1838 tomi-

2326 1879 2628 1943 Catiouibus
2655 1880 2837 1935 nimiis
2872 1890 2925 1934 et
2953 1879 3139 1945 variis,
3169 1878 3349 1934 sedula
3372 1876 3638 1933 ebrietate
3658 1876 3742 1930 hoc
3758 1889 3839 1943 per-

2326 1979 2593 2042 petrante,
2624 1969 2963 2042 negligentiis
3010 1969 3329 2040 omnigenis,
3363 1967 3637 2039 periuriis,
3676 1967 3839 2019 menda.

2328 2060 2448 2125 ciis,
2477 2060 2696 2125 invidia,
2729 2060 3000 2129 superbia,
3033 2058 3255 2124 malitia,
3302 2058 3454 2129 gnta,
3479 2055 3712 2119 avaritia,
3736 2054 3838 2122 rapi-

2329 2164 2420 2214 na,
2452 2148 2617 2211 furto,
2660 2148 2712 2201 in
2756 2162 2891 2202 vana
2933 2146 3125 2218 gloria,
3157 2147 3211 2201 in
3252 2144 3591 2217 arrogantia,
3628 2143 3676 2197 in
3707 2140 3838 2195 iuobe-

2331 2240 2555 2305 dientia,
2589 2240 2642 2299 in
2689 2241 3048 2304 contumacia,
3099 2240 3152 2295 in
3184 2240 3381 2311 duritia
3434 2237 3650 2303 mentis,
3685 2235 3731 2288 in
3750 2247 3837 2288 con-

2333 2332 2674 2396 tradictione,
2725 2333 2778 2387 in
2836 2331 3281 2396 murmuratione,
3336 2331 3391 2384 in
3435 2323 3839 2400 iudignatione,iu

2331 2420 2684 2485 detractione,
2730 2421 2784 2476 in
2816 2421 2917 2486 ira,
2949 2420 3001 2475 iu
3030 2420 3179 2485 odio,
3209 2421 3261 2475 in
3293 2419 3689 2480 maledictioue,
3711 2414 3754 2468 in
3782 2427 3840 2466 sn-

2333 2513 2653 2575 surratione,
2681 2512 2731 2565 in
2759 2511 2997 2574 tristitia,
3032 2511 3083 2565 in
3114 2510 3295 2565 laetitia
3321 2525 3492 2575 vana,
3527 2509 3578 2563 in
3614 2505 3834 2576 loquendi).

2334 2601 2387 2656 in
2416 2601 2711 2665 reticendo,
2750 2600 2802 2655 in
2857 2600 3184 2669 increpando
3215 2599 3593 2662 immoderate,
3623 2597 3670 2651 in
3706 2594 3839 2649 remit-

2336 2692 2497 2748 tendo
2526 2692 2764 2757 incaute,
2796 2691 2848 2745 in
2876 2690 3159 2745 dilectione
3198 2705 3355 2756 vana,
3397 2690 3458 2744 in
3491 2690 3618 2752 risu,
3664 2686 3709 2741 in
3737 2683 3837 2753 ioca.

2336 2784 2389 2839 iu
2419 2783 2766 2846 scurrilitate,
2811 2783 2865 2836 in
2906 2781 3192 2845 discordia,
3241 2780 3299 2843 in
3342 2778 3658 2841 seminando
3693 2775 3841 2829 discorv

2334 2873 2502 2941 diam,
2528 2874 2579 2925 in
2607 2873 2730 2937 tieta
2760 2870 3016 2935 amicitia.
3067 2870 3119 2924 in
3151 2870 3350 2935 dando,
3396 2877 3459 2922 et
3498 2864 3840 2937 accipiendo,et

2336 2964 2390 3018 in
2420 2961 2673 3028 omnibus
2726 2961 2971 3016 sensibus
3013 2960 3255 3029 corporis
3299 2972 3387 3012 me
3430 2963 3721 3026 corruptum
3760 2965 3841 3007 esse

2341 3053 2625 3117 contiteor,
2654 3061 2711 3126 et
2740 3052 2794 3106 iu
2825 3051 3075 3106 omnibus
3118 3048 3380 3121 pestibus,
3407 3062 3534 3117 qua:
3576 3043 3637 3098 ad
3675 3050 3838 3098 mortem

663 3148 738 3200 tui
763 3146 981 3201 laudare
998 3149 1315 3217 potentiam,
1335 3148 1590 3215 concede,
1618 3166 1821 3220 qureso,
1851 3167 1948 3221 per
1973 3152 2128 3223 hujus
2148 3153 2241 3207 Sa-
2266 3124 2312 3187 (ἶ
2344 3160 2520 3200 meam
2574 3124 2868 3215 pertinent.
2919 3157 3005 3197 me
3027 3152 3325 3212 gravatum,
3380 3149 3441 3194 et
3493 3137 3727 3209 repletum
3763 3146 3839 3187 esse

662 3237 926 3292 cramenti
956 3238 1272 3308 mysterium
1301 3252 1545 3293 meorum
1577 3241 1706 3295 mihi
1740 3232 1952 3294 veniam
1997 3252 2246 3309 peccato-

668 3340 812 3390 rum,
846 3332 906 3378 ut
960 3334 1064 3380 tute
1100 3326 1366 3394 majestati
1417 3326 1574 3396 digne
1609 3328 1935 3397 ministrare,
1964 3339 2130 3401 atque
2177 3345 2248 3385 ze-

670 3426 821 3483 tcrna
850 3416 1116 3471 charitate
1144 3418 1365 3489 diligere
1393 3434 1623 3474 merear.
1645 3419 1747 3475 Per
1771 3430 1876 3475 etc.
2060 3410 2061 3413 η

833 3506 961 3561 Post
999 3510 1110 3563 Itwc
1130 3520 1324 3563 secreto
1352 3510 1492 3565 dicat
1519 3511 1654 3565 hanc
1685 3500 2080 3581 confessionem.

741 3595 966 3667 Suscipe
1009 3597 1401 3654 confessionem
1456 3616 1629 3655 meam
1678 3601 1837 3656 unica
1880 3616 2002 3670 spes
2059 3601 2249 3671 salutis

666 3702 801 3741 mea:
832 3687 1058 3743 Domine
1114 3689 1255 3745 Deus
1306 3705 1458 3746 meus
1500 3689 1627 3759 Jesu
1668 3690 1906 3756 Christe,
1934 3693 2057 3763 quia
2104 3692 2246 3764 gula,

665 3780 949 3846 ebrietate,
1009 3780 1387 3847 fornicatione,
1442 3782 1684 3849 libidine,
1728 3785 1972 3850 tristitia,
2019 3770 2247 3853 accidia,

666 3874 1045 3943 somnolentia,
1096 3875 1439 3947 negligentia,
1495 3878 1598 3941 ira,
1652 3878 1973 3949 cupiditate,
2028 3879 2247 3945 invidia,

668 3965 897 4030 malitia,
919 3967 1061 4031 odio,
1097 3969 1455 4035 detractione,
1508 3969 1766 4040 perjurio,
1812 3971 2068 4037 falsitate,
2101 3987 2252 4027 men-

656 4056 844 4119 dacio,
895 4072 1033 4111 vana
1074 4058 1262 4126 gloria,
1308 4059 1547 4126 levitate,
1600 4069 1653 4116 et
1707 4062 1957 4131 superbia
2010 4064 2252 4133 perditus

672 4161 814 4207 sum,
840 4154 893 4198 et
918 4149 1137 4202 omnino
1164 4150 1512 4218 cogitatione,
1564 4151 1855 4214 locutione,
1905 4154 2138 4218 actione,
2166 4163 2249 4207 at-

676 4254 780 4307 que
801 4238 1049 4294 omnibus
1089 4242 1245 4294 malis
1270 4244 1541 4296 extinctus
1565 4258 1703 4306 sum,
1727 4244 1816 4312 qui
1857 4245 2122 4314 justilicas
2154 4247 2251 4299 im-

670 4329 808 4394 pios,
834 4336 889 4379 et
917 4328 1157 4382 vivitlcas
1193 4340 1457 4396 mortuos,
1481 4332 1717 4400 justiﬁca
1759 4349 1863 4399 me,
1911 4343 1962 4388 et
1992 4337 2250 4393 rcsuscita

674 4405 760 4487 me
788 4417 1011 4472 Domine
1035 4418 1175 4474 Deus
1203 4438 1373 4477 meus.
1406 4424 1506 4491 Qui
1531 4425 1666 4479 viris
1688 4435 1790 4481 etc.

1396 4515 1537 4570 Alia.

743 4600 1018 4659 Confiteor
1048 4603 1141 4658 tibi
1196 4616 1414 4675 peccata
1469 4625 1585 4663 mea
1631 4620 1832 4665 :eterue
1882 4611 2148 4676 Pontifex,
2198 4620 2253 4667 et

677 4702 989 4748 sanctorum
1035 4695 1307 4761 minister,
1353 4709 1407 4759 ct
1449 4701 1560 4754 veri
1602 4701 1928 4756 tabernaculi
1979 4706 2251 4770 sacerdos,

678 4780 768 4848 qui
791 4781 954 4834 semel
1003 4783 1054 4834 in
1101 4798 1242 4836 anno
1292 4785 1344 4837 in
1400 4788 1657 4857 mysteria
1704 4799 1889 4843 sancta
1939 4790 2253 4855 intrasti,et

681 4874 1353 4931 sanctumimmaculatum
1385 4872 1581 4949 agnum
1635 4883 1835 4952 proprii
1887 4884 2131 4951 corporis,
2176 4884 2251 4940 tui

681 4968 747 4998 nn.
779 4966 1009 4998 Lucinam
1033 4966 1223 4998 Διαλκοιῖ
1271 4983 1364 4998 nun
1395 4972 1625 4998 νιΛιιιΑιιΙξη
1653 4973 1782 4998 ..καῖρε
1823 4972 1939 4998 φῖιιῖ
1971 4975 2226 4998 ΛΑδιαίΛΑ-

2281 4472 2329 4533 D

2346 3236 2633 3307 profiteor;
2668 3236 2718 3289 in
2767 3242 2971 3295 tantum
2998 3243 3057 3288 ut
3096 3248 3195 3288 nec
3227 3230 3505 3287 homicidii
3538 3242 3620 3283 me
3657 3237 3839 3281 securum

2345 3328 2635 3397 confidam,
2653 3328 2776 3397 quia
2829 3327 3088 3398 plurimos
3115 3341 3209 3396 per
3230 3339 3407 3386 meam
3427 3319 3766 3393 negligentiam
3792 3313 3839 3365 la-

2348 3435 2433 3475 me
2457 3421 2809 3474 mortilicatos
2838 3432 2976 3484 esse,
3002 3432 3137 3488 quos
3163 3416 3508 3485 aliquatenus
3532 3412 3839 3475 viviticarcpo-

2350 3516 2593 3580 luissem,
2623 3513 2667 3568 si
2699 3514 2765 3567 de
2795 3512 2904 3582 his,
2928 3526 3048 3582 quat
3070 3507 3335 3580 superflua
3381 3516 3562 3574 erant,
3597 3500 3836 3576 prepensio-

2347 3622 2461 3662 rem
2490 3607 2567 3662 eis
2587 3620 2767 3662 curam
2796 3603 3194 3674 impendissem.
3230 3599 3354 3655 llam
3377 3598 3560 3659 omnia
3612 3608 3714 3650 cum
3745 3603 3838 3644 sem-

2346 3712 2445 3769 per
2473 3696 2742 3759 fecissem,
2769 3708 3060 3773 numquam
3101 3707 3165 3746 ea
3201 3705 3335 3769 pura
3362 3688 3686 3746 confessione
3704 3694 3839 3777 purga-

2347 3791 2421 3857 vi,
2452 3788 2536 3844 vel
2575 3787 2754 3843 debila
2804 3784 3119 3855 poenitentia
3150 3781 3337 3847 minui,
3374 3783 3471 3843 sed
3502 3791 3696 3847 semper
3712 3784 3837 3843 grau-

2335 3881 2449 3949 gbus
2472 3880 2718 3950 graviora
2749 3874 2940 3944 adieci,
2966 3890 3062 3945 pro
3082 3873 3169 3927 his
3196 3871 3467 3937 omnibus,
3506 3878 3559 3925 et
3593 3866 3697 3921 aliis
3729 3864 3833 3915 inna-

2350 3968 2722 4034 nzerabilibus,
2761 3981 2881 4037 qua:
2904 3980 3008 4019 non
3034 3963 3205 4019 solum
3228 3976 3336 4017 non
3366 3971 3663 4019 numerare,
3687 3951 3758 4007 sed
3774 3960 3836 4000 nec

2351 4059 2419 4113 ad
2449 4058 2765 4112 memoriam
2795 4055 3050 4111 reducere
3079 4062 3282 4123 potero,
3315 4053 3527 4107 veniam
3553 4066 3580 4102 a
3605 4041 3837 4100 misericor-

2353 4151 2573 4206 dissimo
2623 4149 2844 4207 Domino
2894 4134 3035 4216 peto,
3069 4145 3194 4215 quia
3247 4142 3456 4206 nescio,
3490 4139 3574 4195 ubi
3605 4135 3761 4205 fugiam
3792 4125 3837 4179 ab

2352 4243 2432 4297 ira
2463 4239 2577 4310 ejus
2600 4241 2701 4295 nisi
2735 4240 2800 4294 ad
2832 4240 3000 4293 illum.

2395 4329 2520 4386 Post
2541 4330 2915 4401 confessionem
2944 4328 3260 4402 singularem
3297 4338 3581 4397 sequuntur
3596 4319 3813 4376 orarias!!-

2426 4422 2594 4476 Tuam
2621 4421 2841 4476 Domine
2865 4420 3204 4475 clementiam
3245 4420 3523 4488 deprecor,
3550 4422 3601 4467 ut
3642 4405 3746 4464 mihi
3777 4414 3839 4452 τε·

2354 4515 2497 4567 niam
2528 4520 2869 4581 peccatorum
2902 4526 3141 4566 meorum
3173 4508 3463 4572 concedas,
3487 4514 3540 4559 et
3566 4517 3641 4557 me
3663 4500 3705 4552 in
3728 4506 3834 4547 man-

2351 4604 2596 4667 datorum
2647 4612 2857 4657 tuorum
2903 4602 3175 4661 custodias
3212 4597 3600 4662 observatione,
3641 4604 3721 4645 nec
3763 4594 3835 4638 non

2352 4692 2513 4757 etiam
2536 4708 2622 4747 me
2651 4691 2927 4763 indignum
2958 4690 3201 4747 exaudiri
3233 4686 3472 4759 digneris
3506 4699 3596 4754 pro
3632 4674 3835 4763 omnibust

2351 4799 2578 4854 quorum
2619 4782 3008 4845 confessiones,
3032 4781 3117 4836 vel
3160 4781 3529 4848 eleemosynas
3563 4765 3755 4836 suscepi,
3778 4757 3834 4813 id

2354 4873 2444 4942 qui
2471 4888 2529 4927 se
2550 4871 2873 4927 confidentia
2902 4870 3188 4937 charitatis
3215 4868 3346 4922 mihi
3386 4855 3833 4928 commendarem“

2351 4951 2405 4998 n‘l
2432 4962 2541 4998 cina
2559 4961 2735 4998 vivnnl
2779 4961 2891 4998 ciu-tt
2921 4961 2972 4998 in
3005 4970 3108 4998 lum
3138 4958 3283 4998 napi:
3306 4968 3402 4998 ann,
3428 4952 3747 4998 rpnniescunt.
3766 4948 3835 4992 ωε
