3992 6304
184 268 348 323 1513

924 372 1069 432 Αιξά.

264 467 513 523 Obsecro
530 461 760 519 Domine
780 463 905 520 Jesu
934 471 1157 519 cunctas
1176 460 1422 517 Civitatis
1443 476 1574 515 mea:
1594 468 1781 530 portas

166 557 421 627 iustitia:
447 553 638 618 facias,
662 561 721 606 ut
768 553 1043 622 ingressus
1068 553 1118 606 iu
1158 566 1250 606 eas
1272 551 1530 606 conﬁtear
1574 551 1803 605 nomini'

177 662 314 716 tuo,
348 659 558 719 tuasque
587 644 853 714 maiestati
890 660 1010 698 cum
1041 644 1302 697 ministris
1323 643 1626 698 caelestibus
1659 657 1779 696 eam

176 742 451 799 crebrius
504 739 757 793 invisent:
805 752 911 791 non
944 736 1105 789 fictor
1138 736 1263 790 elati
1292 734 1570 789 cadaveris
1589 749 1779 788 oecur-

178 840 303 886 rat.
339 830 449 885 Sed
479 836 706 898 occupet
748 825 895 881 salus
922 839 1105 879 muros
1156 824 1315 887 illius,
1355 832 1411 878 et
1453 832 1639 893 portas
1664 820 1779 892 ejus

179 920 462 976 laudatio.

903 1006 1043 1062 Alia.

262 1105 411 1159 Deus
432 1101 783 1172 Omnipotens
809 1099 1065 1153 miserere
1105 1096 1329 1167 supplici
1361 1106 1470 1159 tuo,
1510 1094 1634 1163 quia
1667 1108 1773 1147 non

181 1211 314 1250 sunt
341 1195 485 1249 sicut
520 1190 786 1245 innumeri
819 1189 983 1252 servi,
1015 1195 1325 1256 contemptu
1376 1183 1541 1239 seculi
1602 1181 1772 1236 subli-

181 1300 330 1351 mes,
355 1283 581 1355 justitia:
614 1281 809 1335 merito
837 1277 1080 1347 gloriosi,
1117 1275 1386 1330 castitatis
1430 1274 1589 1327 laude
1614 1286 1774 1341 ange-

181 1379 302 1444 lici,
334 1377 483 1432 velut
509 1376 674 1431 etiam
702 1373 854 1427 multi
884 1372 1120 1431 illorum,
1147 1370 1237 1440 qui
1270 1377 1392 1440 post
1430 1367 1629 1438 ﬂagitia
1675 1382 1772 1435 pu-

180 1470 357 1536 bliea,
402 1466 716 1539 pmnitendo
766 1464 860 1518 tibi
910 1470 1223 1517 meruerunt
1279 1474 1399 1514 esse
1439 1458 1638 1521 devoti,
1678 1456 1769 1526 qui

179 1564 376 1627 etiam,
407 1560 451 1616 si
474 1559 603 1629 quid
630 1556 782 1620 boni,
815 1565 903 1609 tua
946 1553 1118 1624 gratia
1151 1550 1410 1622 largiente
1436 1548 1635 1611 fecero,
1662 1561 1770 1617 quo

179 1651 298 1707 ﬁne
346 1650 449 1705 hoc
478 1645 699 1711 faciam,
730 1657 905 1713 quave
944 1657 973 1695 a
1029 1649 1082 1696 te
1126 1637 1459 1694 districtione
1488 1646 1765 1707 pensetur,

182 1743 402 1814 ignoro.

903 1826 1045 1881 Alia.
1413 1870 1416 1874 .

256 1922 541 1994 Indignum
563 1936 652 1977 me
680 1919 905 1977 Domine
934 1915 1106 1971 fateor
1128 1914 1232 1970 tuis
1261 1912 1454 1976 sacris,
1482 1910 1571 1981 qui
1619 1912 1774 1965 innu-

182 2015 355 2070 meris
379 2011 620 2083 quotidie
644 2009 826 2066 fuscor
872 2006 1133 2080 peccatis,
1182 2018 1304 2057 nam
1335 2002 1426 2071 qui
1458 2009 1510 2055 te
1559 1998 1769 2055 blandis

183 2106 374 2173 verbis
411 2118 604 2174 rogare
631 2115 919 2174 praesumo,
970 2096 1229 2168 improbis
1274 2092 1572 2163 smpissime
1612 2090 1768 2146 factis

184 2182 435 2259 ollendo;
471 2203 525 2247 tu
550 2193 692 2247 enim
743 2189 875 2243 mihi
908 2186 1230 2242 medicinam
1256 2182 1455 2253 ingeris
1478 2194 1641 2251 a:gro,
1666 2194 1768 2249 ego

186 2285 406 2341 sanitati
434 2298 564 2338 mea:
591 2281 959 2337 indesinenter
983 2276 1254 2332 contraria
1267 2288 1388 2344 ago,
1419 2272 1588 2341 legem
1622 2280 1767 2324 tuavn

186 2374 361 2430 sacris
386 2373 605 2427 inditam
635 2370 846 2441 paginis
872 2369 1012 2438 lego,
1055 2381 1242 2421 sanam
1281 2378 1410 2418 vero
1432 2360 1767 2431 disciplinam

188 2463 372 2520 infelix
408 2462 639 2534 negligo,
659 2460 725 2514 ad
766 2469 916 2514 tuum
965 2457 1181 2527 quidem
1208 2454 1400 2518 altare,
1426 2452 1579 2522 quasi
1608 2452 1769 2506 ἀργο-

190 2565 278 2609 tus
300 2556 518 2620 accedo,
552 2554 647 2608 sed
709 2566 740 2606 a
793 2548 1077 2620 prteceptis
1109 2547 1213 2601 tuis
1262 2543 1566 2601 contumaci
1604 2544 1768 2600 corde
1810 2554 1821 2559 '

189 2646 403 2709 recedo,
437 2644 591 2714 quasi
622 2642 844 2713 dignum
873 2655 959 2695 me
985 2639 1039 2693 in
1069 2637 1241 2693 oculis
1272 2637 1550 2691 hominum
1580 2644 1764 2689 osten-

191 2738 279 2800 do,
312 2736 404 2790 sed
430 2735 481 2789 in
510 2742 600 2789 tuo
622 2738 937 2801 conspectu,
967 2743 1127 2798 quem
1154 2725 1364 2782 occulta
1415 2742 1522 2780 non
1573 2723 1765 2780 fallunt

190 2827 417 2883 diversis
455 2826 750 2882 sceleribus
792 2823 1025 2894 pollutus
1075 2820 1286 2876 sordeo.
1321 2818 1425 2874 Sed
1487 2827 1635 2871 tuum
1682 2824 1767 2872 est

193 2918 413 2972 Domine
442 2916 585 2970 Deus
614 2915 744 2970 dare
792 2910 1059 2982 peccatori
1092 2925 1188 2964 eor
1218 2916 1619 2978 compunctum,
1647 2906 1766 2959 fon-

194 3019 406 3077 temque
458 3007 844 3076 lacrymaruin,
895 3017 1001 3072 quo
1057 3002 1216 3073 digne
1279 2998 1486 3055 valeam
1543 2997 1763 3051 abluere

1549 257 1749 315 MISSA
1790 258 2064 313 LATlNA.

1811 390 1864 447 Α
2602 371 2739 426 Alia.

3317 261 3487 314 1511

1956 460 2098 514 Deus
2126 460 2509 516 misericordia:
2537 471 2592 517 et
2623 463 2886 528 veritatis,
2916 463 3257 518 clementiam
3308 474 3456 521 tuam

1882 553 2194 624 suppliciter
2207 555 2490 624 deprecor,
2518 563 2576 608 ut
2604 555 2737 609 mihi
2753 556 2962 610 'misero
2986 556 3454 613 innumerabilium

1880 646 2091 700 veniam
2125 648 2391 702 concedas
2442 656 2809 717 peccatorum,
2838 648 3031 718 quibus
3066 649 3200 703 iram
3236 659 3337 704 tua:
3365 665 3457 719 po-

1880 734 2064 789 tentiae
2092 737 2403 805 provocari,
2428 744 2695 806 quatenus
2724 745 2775 791 te
2818 737 3108 792 miserante
3138 739 3189 793 in
3217 740 3319 794 hac
3344 741 3453 794 vita

1879 825 2173 879 secundum
2201 837 2347 879 tuam
2376 826 2702 883 voluntatem
2723 836 2979 897 purgatus
3000 829 3067 882 ad
3093 836 3305 883 aeterna:
3327 830 3456 884 bea-

1881 918 2124 972 titudinis
2172 919 2645 989 participationem
2694 919 3018 989 pertingam,
3053 921 3259 976 cunctis
3286 921 3452 975 etiam

1878 1008 1930 1061 in
1957 1022 2203 1076 corpore,
2244 1009 2356 1063 sive
2386 1019 2540 1064 extra
2577 1010 3138 1079 corpus,viventibns,
3178 1011 3267 1081 qui
3318 998 3453 1066 mihi

1876 1098 2130 1167 spiritali,
2159 1098 2242 1152 vel
2271 1099 2476 1154 carnali
2533 1100 2912 1168 conjunctione
2941 1102 3237 1166 cohaerent,
3267 1112 3321 1157 et
3358 1103 3451 1171 qui

1876 1190 2102 1243 se'mihi
2136 1190 2223 1244 vel
2275 1191 2603 1257 conﬁtendo,
2640 1193 2725 1247 vel
2769 1194 3005 1262 rogando
3043 1184 3459 1249 commendare:

1876 1290 2023 1345 runt,
2058 1296 2155 1337 nec
2186 1298 2290 1337 non
2321 1293 2375 1337 et
2402 1298 2630 1353 quorum
2659 1286 2934 1353 pecunias,
2968 1287 3053 1341 vel
3082 1287 3452 1358 eleemesynas

1873 1372 2108 1440 suscepi,
2134 1372 2215 1426 vel
2243 1373 2334 1442 qui
2376 1389 2474 1443 per
2509 1389 2684 1428 meam
2711 1376 3110 1446 negligentiam,
3147 1394 3242 1433 seu
3296 1379 3452 1433 mali-

1874 1463 2001 1517 tiam
2032 1465 2269 1533 corrupti
2299 1474 2442 1531 sunt,
2471 1482 2691 1520 manum
2724 1468 3107 1522 misericordiae
3134 1479 3236 1523 tum
3269 1471 3446 1539 porri-'-

1870 1568 1985 1623 gas,
2017 1563 2070 1609 et
2106 1569 2202 1623 per
2239 1554 2561 1611 ineﬁ‘abilem
2621 1556 2923 1627 largitatem
2957 1567 3102 1613 tuam
3139 1558 3449 1628 adoptatam

1870 1642 1950 1696 eis
1971 1642 2354 1712 indulgentiam
2382 1653 2722 1713 peccatorum
2745 1646 3012 1700 concedas
3033 1654 3087 1700 et
3120 1646 3185 1700 ad
3210 1647 3449 1716 requiem

1798 1731 1842 1792 Β
1870 1729 2149 1787 beatorum
2173 1734 2459 1804 spirituum
2488 1735 2787 1805 perducere
2811 1735 3068 1807 digneris.
3105 1733 3230 1802 Per,
3252 1746 3356 1792 etc.

2596 1828 2739 1881 Alia.

1936 1915 2370 1973 Clementissime
2397 1917 2611 1974 Christe
2642 1918 2878 1973 ﬁdelium
2913 1920 3213 1975 animarum
3238 1920 3448 1976 redem-é

1867 2015 2009 2077 ptor,
2031 2008 2293 2078 propitius
2317 2023 2499 2077 quaeso
2524 2010 2713 2063 adesto
2760 2012 2895 2064 meis
2941 2010 3172 2081 indignis
3198 2012 3449 2080 precibus

1867 2100 2173 2165 exauditor,
2199 2100 2287 2170 qui
2320 2101 2389 2156 ad
2416 2099 2796 2154 immolandam
2825 2115 2993 2155 sacra:
3031 2109 3135 2155 tua:
3180 2101 3448 2172 passionis

1868 2189 2100 2245 hostiam
2126 2202 2366 2248 tremens
2396 2193 2613 2258 assiste,
2659 2192 2786 2245 dum
2818 2192 3134 2259 multifaria,
3175 2204 3232 2249 et
3284 2194 3446 2250 noxia

1866 2297 1952 2336 me
1977 2283 2286 2337 accusantia
2330 2283 2555 2337 crimina
2590 2295 2939 2352 recognosco,
2978 2283 3158 2338 debita
3187 2284 3448 2340 altaribus

1869 2373 1975 2427 tuis
2001 2373 2251 2444 indignus
2300 2367 2567 2430 sacriﬁcia
2616 2383 2709 2430 tuo
2746 2374 3279 2445 conspectuloﬁ‘erre
3308 2381 3449 2445 prae-

1866 2477 2043 2528 sumo,
2074 2463 2165 2534 qui
2221 2472 2345 2518 ante
2398 2472 2503 2518 tua:
2551 2462 2851 2536 llajestatis
2901 2466 3242 2535 praesentiam
3264 2462 3444 2536 jaceo,

1866 2566 2110 2624 corpore,
2144 2564 2344 2619 mente,
2372 2555 2641 2625 cordeque
2678 2556 2935 2627 pollutus,
2965 2558 3058 2612 sed
3081 2556 3280 2612 habeas
3305 2558 3449 2613 inter

1865 2644 1983 2700 haec
2013 2653 2162 2699 tuum
2200 2645 2509 2701 antidotum
2549 2646 2784 2713 Christe,
2825 2650 3153 2718 quo'sanare
3177 2647 3317 2703 bone
3339 2648 3447 2704 Me;-

1866 2733 1985 2788 dice
2031 2733 2335 2788 animarum
2384 2734 2607 2789 vulnera
2642 2733 2802 2790 nosti.
2832 2734 3209 2805 Consc'riptum
3264 2736 3446 2806 quicso'

1866 2834 2051 2903 contra
2074 2841 2180 2889 me,
2203 2812 2421 2882 Arbiter
2445 2826 2606 2891 alme,
2632 2827 2749 2882 dele
2776 2828 2981 2898 peccati
2997 2828 3440 2900 chirographum,

1867 2930 1933 2989 ne
1964 2915 2104 2969 ultor
2129 2930 2159 2968 a
2182 2930 2266 2970 me
2291 2931 2445 2971 suum
2499 2907 2641 2971 ultra
2673 2916 2849 2971 valeat
2879 2917 3096 2986 exigere
3143 2934 3440 2972 nummum.

1867 3003 1948 3058 Oh
1973 3005 2074 3059 hoc
2105 3014 2248 3075 tuam
2276 3006 2501 3061 Domine
2533 3005 2874 3061 clementiam
2907 3007 3126 3077 indigno
3150 3021 3265 3072 ore,
3297 3023 3448 3061 mena

192 3098 588 3157 multitudinem
637 3095 922 3152 scelerum.
950 3094 1123 3148 Meum
1152 3102 1254 3158 est,
1280 3093 1323 3147 si
1355 3089 1640 3147 donaveris
1665 3090 1759 3146 de-
1789 3088 1833 3152 C
1868 3101 2023 3163 teque
2050 3092 2301 3175 deposco,
2341 3104 2398 3149 ιιι
2449 3109 2643 3150 sereno
2691 3090 2945 3150 familiam
2972 3104 3139 3163 tuam,
3183 3096 3322 3151 sacri
3369 3097 3444 3151 tul

192 3191 314 3245 licta
342 3188 554 3253 deﬂere,
588 3197 737 3244 tuum
765 3196 869 3252 est,
900 3200 986 3250 ea,
1012 3194 1070 3240 ut
1103 3185 1322 3249 nubem,
1352 3183 1460 3237 cito
1483 3182 1681 3246 delere,
1707 3189 1763 3236 et

192 3278 314 3332 licet
329 3278 558 3347 palmam
586 3276 859 3330 amiserim
882 3273 1223 3338 innocentitr,
1240 3273 1456 3327 inimico
1483 3272 1761 3337 suadente,

190 3369 378 3424 saltem
396 3368 895 3441 pereonfessionem
927 3366 1138 3420 veniam
1170 3379 1398 3427 merear,
1426 3373 1478 3418 te
1505 3364 1765 3418 miseram

194 3468 267 3521 te,
301 3467 357 3512 ut
383 3448 477 3511 tibi
521 3458 594 3511 sit
618 3457 808 3526 gloria,
838 3455 955 3509 laus
986 3462 1038 3509 et
1082 3454 1273 3518 honor,
1326 3460 1519 3505 cuncta
1555 3452 1762 3521 regenti

191 3552 244 3606 in
272 3548 450 3605 secula
479 3546 785 3603 seculorum
808 3554 911 3602 etc.

898 3635 1038 3689 Alia.

262 3731 401 3785 Deus
426 3726 689 3798 propitius
714 3734 832 3781 esto
861 3726 990 3779 mihi
1020 3725 1313 3795 peccatori,
1339 3725 1463 3795 quia
1495 3734 1549 3780 tn
1575 3740 1633 3781 es
1666 3726 1763 3779 im-

193 3818 434 3874 mortalis
458 3826 512 3872 et
535 3817 652 3871 sine
678 3827 927 3887 peccato,
953 3816 1100 3871 solus
1145 3816 1369 3871 Domine
1422 3804 1561 3871 Deus
1588 3832 1760 3881 meus,

192 3913 404 3985 indulge
435 3913 567 3967 mihi
599 3912 819 3982 indigno
864 3909 1062 3965 famulo
1101 3919 1191 3964 tuo
1228 3919 1282 3965 et
1316 3916 1608 3979 peccatori,
1638 3911 1762 3980 quia

196 4015 615 4076 peccator’sum,
636 4015 691 4059 et
714 4004 991 4074 indignus,
1014 4003 1104 4073 qui
1129 4018 1398 4073 pr:rsumo
1420 4002 1486 4057 ad
1516 4012 1762 4057 sanctum

195 4098 374 4153 Altare
405 4097 683 4163 accedere,
728 4103 783 4151 et
809 4097 1063 4150 invocare
1089 4107 1158 4160 te,
1184 4096 1309 4165 quia
1334 4095 1548 4165 peccavi
1580 4109 1761 4149 coram

199 4203 269 4255 te,
298 4201 350 4247 et
381 4206 564 4247 coram
598 4189 817 4260 Angelis
847 4189 952 4247 tuis
981 4202 996 4240 :
1021 4188 1112 4242 sed
1140 4203 1235 4256 per
1266 4188 1473 4241 illorum
1508 4187 1764 4241 interces-

199 4283 397 4338 sionem
454 4282 631 4337 tribue
677 4280 807 4336 mihi
839 4277 1224 4349 indulgentiam
1252 4277 1566 4331 delictorum
1616 4290 1762 4329 meo-

200 4390 333 4436 rum,
360 4382 414 4428 et
444 4374 701 4428 conﬁrma
724 4387 809 4427 me
850 4372 901 4425 in
928 4378 1115 4425 saneta
1143 4367 1380 4422 Ecclesia
1408 4375 1494 4419 tua
1550 4368 1601 4419 in
1658 4365 1760 4418 ﬁde

199 4463 648 4527 Ortliodoxomm,
680 4472 735 4516 et
762 4462 892 4517 doce
920 4476 1004 4515 me
1053 4458 1231 4514 facere
1258 4457 1583 4512 voluntatem
1616 4465 1761 4510 tuam

199 4554 444 4609 erunibus
468 4554 656 4609 diebus
681 4554 803 4607 vita:
839 4566 990 4606 meae.

909 4664 1048 4717 Alia.

267 4757 489 4813 Domine
516 4755 643 4813 Jesu
682 4756 894 4811 Christe
947 4754 1252 4823 Redempor
1278 4750 1458 4806 Mundi
1503 4750 1763 4822 propitius

195 4857 313 4904 esto
338 4848 468 4902 mihi
500 4847 768 4917 peceatori
796 4844 1050 4900 omnibus
1085 4844 1258 4898 modis
1300 4841 1353 4895 in
1397 4840 1633 4911 peccatis
1672 4838 1758 4908 ja-

205 4939 361 5003 centi,
387 4938 512 5008 quia
536 4946 590 4991 tu
622 4936 769 4991 solus
805 4934 1031 4989 Domine
1062 4932 1381 4988 immortalis
1421 4947 1498 4995 es,
1547 4940 1602 4988 et
1651 4931 1767 4986 sine

195 5040 414 5101 peccato
458 5028 674 5100 indulge
703 5028 835 5083 mihi
880 5027 1183 5083 miserrimo
1224 5024 1570 5095 prtesumenti
1614 5039 1767 5080 acce-

206 5122 323 5175 dere
343 5120 408 5174 ad
439 5127 682 5174 sanctum
740 5117 923 5173 Altare
951 5126 1100 5170 tuum
1131 5125 1184 5170 et
1224 5116 1476 5169 invocare
1520 5124 1601 5179 te,
1642 5114 1766 5183 quia

194 5209 411 5281 peccavi
441 5212 509 5264 ab
536 5207 758 5262 infantia
791 5223 908 5262 mea
955 5221 1127 5276 usque
1172 5220 1315 5260 nunc
1367 5220 1546 5260 coram
1598 5215 1667 5269 te,
1713 5214 1765 5260 et

208 5313 377 5353 coram
398 5298 636 5368 Angelis,
667 5306 722 5351 et
743 5297 992 5352 omnibus
1022 5295 1240 5349 Sanetis
1264 5294 1391 5360 tuis,
1414 5295 1509 5349 sed
1557 5310 1652 5363 per
1700 5293 1760 5348 il-

206 5392 372 5447 lorum
418 5391 858 5448 intercessionem
891 5389 1064 5444 tribue
1093 5388 1223 5442 mihi
1265 5388 1502 5454 divinam
1536 5386 1764 5441 clemen-

211 5482 353 5551 tiam,
390 5482 710 5553 veniamque
766 5487 1113 5551 peccatorum
1150 5492 1414 5543 meorum,
1440 5485 1494 5532 et
1529 5477 1660 5532 doce
1680 5491 1765 5532 me

211 5574 379 5630 facere
419 5573 746 5630 voluntatem
777 5582 920 5628 tuam
949 5570 1199 5628 omnibus
1242 5570 1431 5626 diebus
1460 5569 1579 5626 vitze
1610 5583 1760 5626 mete.

208 5662 389 5722 Amen.

1864 3182 2096 3237 nominis
2127 3180 2298 3237 olIicia
2330 3183 2729 3252 prcestolantem
2747 3183 2985 3254 digneris
3008 3186 3250 3254 aspicere
3272 3185 3441 3252 vultu,

1863 3287 1931 3326 ne
1951 3287 2050 3342 per
2096 3288 2185 3328 me
2232 3273 2510 3343 indignum
2541 3289 2729 3329 eorum
2758 3273 2947 3329 salutis
2975 3285 3164 3345 pereat
3188 3278 3443 3346 pretium,

1863 3378 1961 3431 pro
1982 3364 2177 3433 quibus
2208 3364 2457 3432 dignatus
2484 3379 2544 3419 es
2571 3373 2720 3419 tuum
2744 3371 2990 3420 sanctum
3020 3365 3290 3422 fundendo
3314 3380 3443 3422 san—‘

1864 3453 2077 3520 guinem
2106 3467 2226 3507 esse
2266 3454 2590 3522 redemptio,
2612 3454 2707 3507 sed
2742 3462 2832 3509 tua
2854 3470 2952 3509 nos
2978 3470 3213 3526 semper,
3242 3467 3297 3511 et
3326 3458 3443 3513 ubi-

1863 3556 1967 3611 que
1989 3545 2323 3611 protectione
2350 3559 2629 3606 conserva,
2666 3555 2726 3599 ut
2755 3561 2891 3615 quos
2920 3548 3155 3614 pretioso
3177 3550 3438 3619 sanguine

1865 3633 2139 3687 redemisti
2196 3634 2246 3687 in
2300 3636 2481 3701 terris,
2512 3645 2714 3690 azterna
2742 3635 2910 3690 facias
2954 3652 3076 3691 cum
3108 3640 3306 3695 sanctis
3335 3639 3442 3695 tuis
3480 3628 3487 3631 ⁷

1863 3724 2033 3791 gloria
2075 3726 2352 3779 numerari
2407 3727 2461 3780 in
2499 3726 2674 3787 cmlis,
2725 3727 2970 3796 quicum
3011 3737 3213 3783 aeterno
3259 3729 3441 3796 Patre,

1863 3814 2023 3877 vivis,
2063 3826 2117 3869 et
2165 3831 2358 3885 regnas
2406 3818 2550 3871 Deus
2593 3818 2645 3871 in
2692 3819 2897 3874 unitate
2925 3819 3159 3889 Spiritus
3179 3821 3350 3875 sancti
3386 3822 3441 3876 in

1864 3905 2043 3959 secula
2077 3906 2403 3961 seculorum.
2430 3907 2620 3961 Amen.

1864 3982 1979 4049 llas
2024 3994 2283 4050 orationes
2303 3997 2510 4049 interim
2536 3998 2698 4060 dicat,
2733 3998 2894 4052 donec
2935 4010 3211 4053 conteritur
3246 3999 3440 4057 Versus

1934 4068 2013 4189 mtl
2028 4067 2324 4131 introitum,
2354 4076 2400 4120 et
2428 4070 2571 4138 κερ-ξε
2596 4068 2806 4130 eleison,
2839 4080 2885 4122 et
2909 4070 3096 4124 deinde
3113 4087 3320 4126 carmen
3336 4075 3444 4126 Ληο

1934 4153 1986 4189 ac
2015 4153 2186 4189 orum.
3346 4166 3351 4183 ς

1933 4153 2186 4205 gctorum.

1933 4227 2115 4283 Cloria
2146 4228 2197 4283 in
2225 4229 2457 4285 excelsis
2489 4228 2617 4284 Deo.
2643 4230 2711 4285 Et
2740 4231 2793 4285 in
2824 4239 2966 4287 terra
2991 4246 3098 4302 pax
3129 4232 3445 4289 hominibus

1862 4318 2017 4372 bona:
2046 4319 2356 4375 voluntatis.
2384 4320 2691 4377 Laudamus
2710 4332 2781 4387 te,
2823 4324 3190 4380 benedicimus
3215 4334 3289 4391 te,
3316 4326 3445 4381 ado-

1791 4424 2051 4487 Dramus
2100 4420 2172 4473 te,
2221 4411 2590 4478 glorificamus
2621 4421 2697 4476 te,
2747 4412 3014 4483 llymnum
3065 4414 3295 4470 dicimus
3324 4416 3445 4480 tibi,

1869 4499 2087 4554 Gratias
2110 4502 2319 4571 agimus
2343 4501 2436 4556 tibi
2464 4511 2687 4571 propter
2715 4519 2961 4573 magnam
3003 4506 3226 4574 gloriam
3273 4515 3442 4562 tuam.

1868 4587 2094 4642 Domine
2117 4588 2261 4645 Deus
2286 4588 2401 4644 Rex
2428 4590 2679 4653 caelestis,
2712 4590 2854 4646 Deus
2876 4591 3039 4646 Pater
3069 4595 3409 4662 omnipotens
3431 4613 3443 4659 ι

1867 4675 2092 4732 Domine
2107 4677 2208 4733 Fili
2239 4678 2511 4749 unigenite
2529 4677 2654 4734 Jesu
2674 4678 2888 4735 Christe
2910 4680 3192 4749 altissime,
3216 4683 3442 4740 Domine

1869 4766 2033 4831 Deus,
2062 4767 2246 4836 Agnus
2292 4766 2409 4833 Dei,
2438 4767 2607 4823 Filius
2651 4768 2846 4832 Patris,
2900 4770 2989 4838 qui
3044 4769 3183 4827 tollis
3223 4783 3440 4842 peccata

1868 4856 2077 4922 mundi,
2137 4858 2395 4914 miserere
2436 4858 2611 4915 nobis.
2668 4858 2769 4925 Qui
2806 4859 2949 4915 tollis
2994 4871 3213 4930 peccata
3259 4864 3443 4919 mundi

1867 4951 2081 5022 suscipe
2102 4952 2537 5022 deprecationem
2560 4962 2834 5018 nostram;
2863 4950 2955 5024 qui
2983 4956 3137 5009 sedes
3170 4957 3237 5008 ad
3262 4958 3445 5010 dexte-

1869 5061 1986 5103 ram
2013 5044 2208 5110 Patris,
2243 5046 2504 5101 miserere
2547 5046 2723 5111 nobis,
2757 5047 3010 5116 quoniam
3055 5054 3107 5099 tu
3139 5043 3284 5099 solus
3312 5059 3438 5097 san-

1868 5141 2007 5197 ctus,
2036 5143 2088 5187 ιιι
2137 5132 2283 5188 solus
2318 5133 2597 5195 Dominus,
2645 5143 2698 5189 tu
2764 5135 2911 5190 solus
2956 5131 3266 5209 Altissimus
3313 5129 3442 5185 Jesu

1869 5212 2082 5280 Christe
2122 5239 2242 5280 cum
2293 5233 2482 5279 saneto
2523 5224 2726 5296 Spiritu
2776 5226 2827 5280 in
2879 5221 3047 5292 gloria
3103 5219 3199 5276 Dei
3244 5218 3438 5276 Patris.

1864 5316 2057 5370 Amen.

1864 5408 1997 5463 llwc
2023 5424 2240 5478 sequens
2275 5408 2459 5463 Oratio
2471 5406 2768 5478 dicaturgab
2789 5405 3028 5478 episcopo
3054 5402 3256 5457 interim
3278 5402 3439 5455 donec

2258 5478 2478 5549 hymnus
2514 5475 2789 5546 Angelicus
2813 5474 3051 5541 ﬁniatur.

2536 5567 2772 5621 Oremus.

1944 5650 2085 5714 Deus
2117 5660 2204 5730 qui
2226 5658 2369 5728 justc
2398 5656 2646 5712 irasceris
2672 5664 2726 5711 et
2746 5653 3035 5712 clementer
3072 5648 3319 5723 ignoscis,
3346 5636 3436 5717 qui
