3992 5350
631 289 769 347 1515
1453 290 1743 347 APPEND.
1779 292 1871 347 AD
1911 292 2087 350 S/EC.
2118 293 2193 349 Χ.
2227 325 2304 338 -
2336 296 2767 358 MDXUMENTA
2808 302 3087 362 LITURG.
3736 322 3833 381 5515

628 405 790 460 etiam
823 418 929 458 non
959 411 1187 459 mortem
1212 414 1577 471 peccatorum,
1601 404 1694 460 sed
1724 404 1887 459 vitam
1918 405 2214 475 desideras,
2243 415 2297 478 Α
2319 408 2433 464 sive
2458 423 2644 467 errore
2696 412 3012 484 ignorantia:
3040 416 3431 485 commisimus,
3486 422 3648 492 pietas
3673 426 3830 491 Domini

627 508 716 550 nte
756 495 1037 561 miserum,
1088 493 1443 565 fragilemque
1500 505 1843 565 peccaterem
1893 497 2219 554 delictorum
2319 499 2496 554 nostri
2518 500 2752 567 solvere,
2778 518 2841 559 ac
2878 505 3178 574 perdonare
3204 508 3479 580 dignetur,
3503 522 3565 568 at
3588 523 3637 569 te
3665 516 3831 579 Domine

628 587 881 642 sordibus
918 584 1135 656 plenum
1173 592 1323 639 atna
1358 586 1563 655 pietate
1602 602 1713 642 non
1737 586 1991 658 repellas,
2041 603 2223 659 neque
2320 599 2615 660 minuente,
2672 594 2954 653 valeamus
3004 613 3125 669 qua:
3170 600 3310 657 mala
3346 612 3478 665 sum
3525 605 3839 677 declinare,“

537 701 540 704 ’
626 682 889 753 respicias
919 681 988 735 ad
1035 688 1263 753 peccata
1309 695 1450 747 mea,
1483 695 1609 751 quae
1644 682 1788 738 male
1816 684 2041 740 vivendo
2069 700 2218 741 cem-

624 775 770 841 misi,
818 772 912 829 sed
958 773 1027 828 ad
1064 774 1358 828 immensas
1389 773 1790 831 misericordias
1840 785 1982 842 tuas,
2021 778 2233 848 quibus

624 864 861 933 gratuito
901 878 1125 919 munere
1161 863 1517 934 peccantibus
1544 866 1832 922 subvenire
1862 868 2212 934 censueristi,

624 956 854 1012 obsecro
885 957 1067 1028 itaque
1090 957 1339 1022 Domine,
1367 966 1425 1011 ut
1456 958 1743 1014 immemor
1773 961 1849 1014 sis
1868 971 2216 1031 peccatorum

622 1064 891 1116 meorum,
931 1059 989 1106 et
1011 1065 1220 1106 memor
1243 1050 1742 1107 misericordiamm
1777 1060 2015 1117 tuarum,
2064 1063 2212 1122 veta,

620 1154 919 1211 precesque
946 1155 1097 1196 meas
1135 1140 1427 1213 dignanter
1468 1141 1755 1212 suscipias,
1785 1152 1839 1198 et
1862 1144 2213 1202 dissimulatis

623 1226 933 1300 fragilitatis
980 1245 1116 1286 metu
1146 1224 1408 1299 peccatis,
1444 1231 1585 1286 labia
1613 1248 1731 1287 mea
1780 1235 2013 1304 aperias,
2039 1243 2093 1290 et
2145 1236 2217 1291 ad

619 1318 1019 1375 confessionem
1047 1336 1133 1376 me
1159 1329 1264 1377 tua:
1291 1321 1469 1377 laudis
1511 1323 1758 1391 placatus
1790 1325 2069 1390 admittas,
2119 1326 2211 1396 qui

616 1424 716 1479 per
736 1410 1166 1466 incarnationem
1215 1418 1270 1465 et
1295 1411 1686 1466 humanitatem
1722 1413 1786 1468 D.
1834 1412 1897 1466 N.
1930 1414 1978 1469 J.
2012 1413 2211 1470 Christi

616 1500 715 1556 filii
752 1502 831 1556 tui
857 1502 1055 1557 dedisti
1082 1518 1268 1574 pacem
1325 1503 1654 1570 hominibus,
1681 1511 1737 1559 et
1763 1503 2069 1559 caelestium
2098 1505 2211 1561 cel.

618 1591 821 1663 legium
848 1592 1204 1665 Angelerum,
1232 1594 1300 1648 da
1336 1609 1423 1649 mc
1460 1603 1515 1650 et
1546 1595 1617 1650 de
1638 1603 1746 1651 tua:
1781 1597 1931 1666 pacis
1961 1598 2213 1654 ubertate

616 1683 837 1753 repleri,
869 1693 923 1739 et
963 1685 1029 1739 de
1075 1684 1348 1756 Angelictc
1402 1685 1681 1742 societatis
1731 1688 1940 1743 unitate
1990 1688 2205 1756 laetari;

2317 692 2442 749 qum
2486 679 2633 737 bona
2681 694 2808 741 sunt
2851 697 3243 759 consequenter
3270 692 3512 762 explere,
3554 705 3609 751 et
3642 699 3838 769 quiaaos

2318 769 2505 827 fecisti.
2549 772 2621 828 ad
2676 783 2775 829 tua.
2828 789 3170 835 sacramenta
3224 782 3519 852 pertinere,
3565 795 3618 846 tu
3658 787 3834 848 clemen-

2317 867 2403 916 ter
2432 861 2486 916 in
2515 863 2671 919 nobis
2708 880 2895 921 eorum
2923 883 3118 926 munus
3143 878 3403 941 operare,
3436 877 3759 950 manibusque
3775 899 3834 938 ct-

2318 954 2566 1011 rantibus
2609 956 2845 1029 indulge,
2871 958 3027 1029 juxta
3058 965 3490 1033 magnitudinem
3517 968 3715 1039 pietatis
3746 983 3835 1029 tua.

3030 1052 3173 1113 Atia.

2346 1174 2349 1179 -
2388 1135 2446 1191 Si
2476 1147 2602 1194 ante
2616 1140 2801 1198 oculos
2829 1150 2949 1200 tuos
2994 1144 3243 1214 Domine,
3272 1148 3467 1219 culpas
3495 1166 3626 1222 quas
3647 1151 3833 1225 fecimus,

2316 1236 2379 1280 et
2400 1228 2588 1300 plagas
2608 1247 2765 1301 quas,
2807 1235 2893 1290 vel
2928 1235 3250 1295 durissimas
3270 1241 3325 1295 in
3348 1242 3459 1297 hac
3501 1243 3610 1303 vita
3630 1248 3834 1318 patipes-

2316 1333 2503 1375 sumus
2525 1322 2893 1391 conferamus,
2927 1326 3110 1382 minus
3131 1337 3234 1395 est,
3263 1331 3410 1399 quod
3438 1331 3683 1402 patimur,
3709 1351 3837 1405 ιδεμ

2314 1419 2425 1477 est,
2448 1413 2590 1482 quod
2617 1430 2916 1483 meremur;
2938 1420 3146 1488 peccati
3169 1436 3387 1490 pceuam
3410 1425 3731 1482 sentimuset
3748 1444 3837 1499 pec-

2313 1502 2861 1572 candi.pertinaciam
2911 1524 3019 1563 non
3066 1509 3379 1579 evitamus;
3430 1512 3495 1568 in
3531 1514 3734 1587 ﬂagellis
3762 1520 3838 1576 tuis

2313 1592 2578 1665 fragilitas
2600 1608 2782 1653 nostra
2800 1599 3090 1672 frangitur,
3116 1610 3171 1660 et
3193 1603 3472 1675 iniquitas
3492 1622 3597 1664 non
3618 1619 3830 1679 mutatur;

2313 1700 2471 1740 mens
2498 1699 2700 1759 aegrota
2742 1696 3046 1761 torquetur,
3101 1702 3157 1750 et
3196 1696 3383 1752 cervix
3424 1697 3567 1757 dura
3599 1715 3699 1757 non
3719 1701 3837 1759 ﬂecti-

614 1775 802 1846 sicque
839 1791 928 1832 me
964 1775 1132 1832 facias
1155 1777 1240 1831 bis
1267 1776 1654 1847 temporalibus
1681 1777 1870 1835 ciliciis
1918 1780 2203 1849 interesse,
2236 1780 2291 1840 Β
2314 1785 2401 1831 tur
2424 1794 2438 1845 ;
2464 1779 2572 1833 vita
2605 1781 2659 1835 in
2684 1783 2869 1838 dolore
2896 1786 3154 1857 suspirat,
3181 1796 3235 1844 et
3269 1799 3461 1846 tamen
3508 1791 3565 1846 in
3601 1809 3835 1865 operation

612 1877 672 1924 ut
694 1868 760 1922 ad
794 1877 911 1924 tuas
942 1868 1345 1925 misericordias
1373 1869 1427 1922 iu
1453 1877 1714 1924 aeternum
1734 1886 1855 1924 eum
1880 1870 1988 1925 illis
2009 1870 2207 1927 decané

613 1959 810 2013 tandas
834 1958 1111 2028 perpetuis
1139 1956 1445 2013 aleatorum
1468 1967 1687 2013 tuorum
1713 1958 1894 2015 choris
1914 1962 2204 2032 aggregari

610 2049 911 2129 principias.
941 2049 1045 2104 Per
1068 2059 1175 2106 etc.

612 2136 800 2193 Finita
838 2138 1088 2208 Angelica
1134 2137 1292 2194 laude
1319 2139 1583 2194 missaicm
1616 2141 1906 2196 orationem
1933 2142 2079 2197 dicat
2112 2158 2217 2199 sa-~

652 2211 884 2264 'cerdos.
914 2210 1115 2262 Deinde
1140 2209 1292 2264 lectio
1334 2211 1602 2276 recitetur,
1646 2222 1695 2265 et
1742 2211 1882 2265 inter
1906 2212 2199 2278 lectionem,

680 2290 730 2333 et
784 2278 1140 2350 euangelium,
1176 2281 1231 2335 id
1273 2290 1349 2334 est
1390 2292 1619 2350 tempore
1660 2279 1968 2347 Gradualis,
2018 2294 2067 2339 et
2110 2285 2202 2339 Al-

646 2349 837 2422 ,lelut’a
892 2366 957 2404 ac
1009 2349 1345 2420 Sequentite,
1398 2349 1670 2422 episcopus
1732 2352 1873 2406 dicat
1929 2353 2025 2408 has
2079 2371 2200 2409 ora-

675 2420 841 2474 tiones
864 2436 884 2474 .'

638 2512 647 2588 _'
676 2513 819 2568 Ante
860 2512 1048 2569 oculos
1078 2522 1198 2571 tuos
1229 2513 1457 2571 Domine
1482 2515 1644 2584 Deus,
1674 2516 2020 2575 conscientiae
2048 2520 2211 2577 testis

606 2605 820 2671 assiste,
851 2621 1046 2679 regare
1094 2623 1199 2662 non
1227 2608 1420 2676 audeo,
1453 2610 1596 2680 quod
1626 2610 1927 2683 impetrare
1952 2628 2059 2668 non
2087 2628 2201 2670 πιθα

606 2684 754 2783 reor,
799 2708 855 2754 tu
903 2699 1011 2756 scis
1057 2700 1308 2767 Domine,
1343 2717 1464 2771 qua:
1492 2712 1729 2773 aguntur
1755 2703 1809 2758 in
1860 2702 2034 2770 nobis,
2066 2719 2196 2760 eru-

603 2792 879 2848 bescimus
940 2790 1146 2858 fateri,
1205 2792 1349 2862 quod
1406 2808 1513 2849 non
1565 2793 1815 2850 timemus
1861 2796 2194 2852 admittere:

600 2876 784 2941 verbis
806 2884 901 2940 tibi
934 2892 1141 2939 tantum
1168 2884 1540 2954 obsequimur,
1572 2885 1736 2941 corde
1775 2886 2092 2954 mentimur,
2141 2896 2197 2943 et

600 2964 747 3051 quod
780 2977 916 3034 velle
944 2991 1044 3033 nos
1082 2977 1333 3044 dicimus,
1367 2977 1508 3033 nolle
1537 2979 1739 3033 nostris
1767 2979 1977 3034 actibus
2001 2994 2195 3052 appre-

596 3070 813 3149 bamus.
861 3067 969 3125 Sed
1017 3084 1179 3139 parce
1234 3067 1461 3124 Domine
1511 3067 1929 3134 conlidentibus,
1972 3070 2191 3142 ignosce

2309 1886 2369 1926 se
2415 1873 2687 1928 emendat.
2741 1874 2800 1931 Si
2829 1888 3201 1950 expectantur,
3248 1896 3358 1938 non
3423 1884 3767 1955 cerrigimur;
3803 1889 3834 1945 si

2304 1961 2570 2029 vindicas,
2595 1979 2702 2019 non
2733 1964 3013 2034 duramus,
3062 1969 3390 2029 confitemur
3433 1972 3495 2033 in
3538 1978 3832 2048 correptione,

2306 2059 2447 2127 quod
2473 2057 2718 2131 fecimus,
2744 2062 3117 2122 eblivlscimur
3142 2067 3565 2141 invisitatieue,
3580 2077 3708 2146 qud
3723 2075 3835 2133 licti-

2306 2164 2462 2217 mus;
2489 2152 2533 2207 si
2559 2153 2903 2225 impresseris
2923 2173 3140 2214 manum
3165 2159 3421 2218 facienda
3441 2167 3833 2236 promittimus,si

2304 2243 2650 2312 suspenderis
2672 2245 2909 2316 gladium
2925 2250 3192 2319 promissa
3218 2268 3328 2308 non
3347 2253 3618 2323 facimus;
3639 2257 3679 2317 si
3698 2257 3831 2322 fet-ias.

2303 2331 2600 2390 clamamus
2621 2345 2680 2390 ut
2697 2352 2922 2407 pareas;
2948 2339 2993 2395 si
3014 2343 3214 2411 parcis,
3241 2343 3448 2400 iterum
3471 2355 3524 2403 te
3544 2363 3834 2418 provocamus

2303 2434 2363 2479 ut
2389 2424 2584 2493 ferias;
2601 2427 2648 2482 si
2675 2430 2936 2501 angustia:
2960 2433 3201 2500 veniunt,
3226 2445 3447 2506 tempus
3463 2438 3689 2508 petimus
3707 2438 3833 2509 pani,

2303 2516 2524 2585 tentiis;
2558 2518 2606 2574 si
2636 2519 3009 2578 misericordia
3038 2525 3340 2592 subveniat,
3374 2529 3656 2585 abutimur
3675 2530 3831 2599 [satia-

2302 2606 2394 2675 tia,
2427 2623 2549 2679 qua:
2574 2612 2817 2682 pepercit
2844 2631 2857 2669 :
2890 2614 3067 2672 adhuc
3106 2617 3264 2691 plaga
3294 2618 3453 2676 illata
3507 2621 3599 2679 vix
3628 2622 3829 2692 mittit.

2298 2699 2464 2755 etiam
2509 2717 2619 2757 non
2666 2704 2857 2760 recolit
2895 2720 3051 2764 mens
3085 2709 3322 2782 ingrata,
3352 2711 3509 2783 quod
3554 2713 3830 2784 pertulitzsi

2298 2789 2460 2847 citius
2482 2808 2582 2850 nos
2606 2796 2888 2865 exaudias,
2914 2813 2983 2854 ex
3003 2799 3378 2859 misericordia
3414 2804 3830 2869 insolescitaus;si

2296 2883 2522 2952 tardius,
2555 2900 2620 2941 ex
2651 2887 2985 2960 impatientia
3006 2908 3438 2952 murmurantes.
3467 2896 3515 2954 0
3537 2898 3737 2955 Domine
3764 2910 3830 2952 ro-

2257 3034 2261 3039 ,
2294 2973 2473 3032 lumus
2509 2986 2561 3034 te
2589 2995 2832 3050 servare,
2859 2984 3003 3055 quod
3032 2985 3246 3058 feceris,
3274 3005 3382 3047 non
3421 2991 3667 3048 timemus
3705 2991 3830 3062 aeglis

2262 3117 2265 3119 .
2294 3082 2439 3138 gere,
2469 3071 2611 3140 quod
2633 3071 2864 3142 iusseris
2888 3093 2904 3143 ;
2930 3077 3101 3135 habes
3140 3080 3366 3138 Domine
3385 3082 3702 3141 conﬁtentes
3719 3097 3827 3147 ιω,

597 3159 968 3242 precantibus,
999 3159 1260 3214 miserere
1293 3167 1346 3214 te
1376 3156 1713 3230 rogantibus.
1768 3157 1836 3213 Et
1866 3158 1996 3230 quia
2036 3174 2188 3216 meus
2215 3153 2261 3216 C
2292 3174 2454 3229 parce
2501 3164 2629 3233 quia
2679 3166 2802 3235 pius
2834 3181 2913 3224 es.
2949 3166 3227 3239 Vevimus,
3267 3174 3423 3242 quod
3473 3176 3581 3231 nisi
3618 3175 3824 3238 (limiti-“:8.

599 3268 797 3311 sensus
830 3253 886 3307 in
936 3251 1292 3308 sacramentis
1340 3251 1450 3306 tuis
1493 3250 1743 3307 inﬁrmus
1779 3249 1886 3316 est,
1940 3260 2006 3306 'et
2047 3252 2189 3323 apud

598 3323 652 3400 te
688 3358 795 3399 non
818 3343 1025 3397 habent
1046 3349 1361 3411 peccatores
1381 3339 1545 3395 verba
1570 3343 1687 3395 sine
1714 3339 1962 3404 crimine,
1993 3351 2189 3411 praesta

597 3433 846 3499 Domine,
891 3432 1027 3487 ut‘si
1065 3447 1132 3486 ex
1161 3430 1318 3486 nobis
1350 3430 1608 3501 indignis,
1650 3429 1984 3513 duricordis
2022 3432 2190 3487 verba

596 3540 706 3580 non
751 3524 985 3597 suscipis
1021 3539 1119 3595 per
1157 3523 1500 3597 temetipsum
1530 3523 1745 3585 veniam
1782 3516 2051 3594 largiaris.
2085 3524 2183 3591 Qui

594 3618 735 3675 viris
763 3627 872 3675 etc.

618 3776 625 3783 .
1315 3698 1461 3765 Alta.

667 3801 885 3859 Christe
913 3816 1075 3871 parce
1097 3801 1359 3857 miserere
1380 3802 1508 3866 mei,
1533 3816 1641 3857 non
1669 3801 1965 3857 secundum
1988 3802 2182 3858 meiita

589 3909 732 3958 mea,
771 3876 866 3949 sed
903 3893 1198 3949 secundum
1247 3893 1679 3949 misericordiam
1732 3904 1904 3949 tuam.
1935 3894 2054 3950 Noli
2093 3910 2181 3951 me

591 3983 874 4054 despicere
904 3993 1266 4053 peccatercm.
1313 3982 1433 4038 Noli
1479 3999 1566 4040 me
1607 3983 1920 4057 reprebare,
1955 3987 2049 4042 sed
2088 4002 2179 4042 su-

590 4076 741 4145 scipe
792 4090 878 4130 me
918 4075 1212 4131 secundum
1255 4074 1527 4144 eloquium
1570 4085 1745 4145 tuum,
1790 4086 1845 4132 et
1868 4080 2067 4144 vivam,
2122 4087 2176 4134 et

587 4180 697 4219 non
728 4164 1028 4220 confundas
1060 4179 1147 4219 me
1202 4165 1269 4218 ab
1307 4166 1685 4233 expectatione
1728 4181 1881 4221 mea:
1916 4168 2173 4224 miserere

588 4257 697 4312 mei
725 4256 974 4320 Domine,
1005 4256 1132 4324 quia
1176 4253 1396 4323 peccavi
1439 4255 1557 4319 tibi,
1584 4254 1823 4309 da‘milii
1865 4255 2066 4313 fontem
2094 4257 2173 4313 la-

586 4349 960 4419 cltrymarnm,
993 4346 1113 4400 fons
1136 4346 1279 4411 vitae,
1311 4355 1369 4401 et
1394 4346 1483 4401 lux
1510 4345 1748 4410 luminis,
1779 4350 2015 4406 concede
2037 4352 2171 4408 mibi

587 4440 642 4496 in
700 4438 954 4509 prmsenti
992 4439 1098 4493 vita
1150 4453 1334 4493 veram
1384 4439 1763 4509 paenitentiam
1813 4441 1881 4499 de
1929 4446 2166 4515 peccatis

2293 3262 2441 3308 recte
2465 3269 2564 3311 nos
2605 3258 2798 3327 punias
2823 3276 2837 3326 ;
2888 3261 2983 3318 sed
3009 3264 3151 3334 apud
3182 3273 3234 3321 te
3261 3275 3346 3322 est
3379 3268 3561 3323 multa
3584 3267 3824 3332 miseratio,

2293 3354 2348 3400 et
2384 3346 2696 3417 propitiatie
2732 3350 3112 3420 perabundans
3163 3373 3179 3423 ;
3237 3366 3443 3427 prtesta
3497 3360 3615 3416 sine
3656 3359 3824 3423 men‘to,

2291 3434 2433 3507 Quod
2463 3455 2733 3511 rogamus,
2767 3446 2860 3514 qui
2883 3442 3058 3501 fecisti
3081 3448 3173 3516 qui
3204 3457 3258 3504 te
3301 3459 3585 3522 rogarent.
3630 3449 3825 3507 Charac-

2291 3530 2435 3584 tibus
2471 3540 2656 3586 autem
2686 3533 2753 3589 ad
2786 3543 2837 3590 te
2876 3536 3033 3591 nobis
3064 3537 3291 3595 Domine
3330 3541 3616 3598 miserere.
3660 3541 3825 3597 ﬂoreat

2287 3620 2543 3689 pietatem
2573 3631 2720 3678 tuam
2767 3640 2874 3683 rex
2926 3626 3100 3684 ﬁdelis
3149 3638 3207 3685 et
3251 3630 3469 3700 ﬂebilis,
3502 3641 3659 3704 atque
3684 3629 3822 3686 illati!

2286 3725 2392 3779 qua
2418 3722 2586 3768 totum
2629 3731 2910 3786 speramus
2943 3719 3116 3789 pietas
3145 3736 3252 3776 non
3283 3732 3504 3793 reputet
3527 3726 3662 3795 quod
3688 3720 3818 3778 odru-

2285 3802 2476 3869 dimus,
2535 3806 2661 3860 dum
2710 3810 2932 3881 respicit
2977 3814 3123 3882 quod
3170 3829 3421 3884 regamus
3464 3833 3481 3883 ;
3538 3826 3595 3873 et
3637 3830 3737 3872 cum
3764 3813 3818 3868 sit

2284 3895 2501 3963 grandis
2522 3898 2741 3955 miseria
2764 3916 2886 3958 esse
2911 3919 3010 3959 nes
3035 3920 3178 3973 reos,
3205 3906 3381 3976 major
3404 3908 3502 3965 tibi
3534 3909 3604 3965 sit
3627 3911 3816 3964 clemetr

2282 3980 2354 4041 tia
2381 4002 2509 4057 erga
2560 4000 2659 4046 nos
2710 3993 2959 4051 miseros.
2988 3995 3150 4069 Erige
3194 4012 3293 4055 nos
3332 4001 3561 4057 Domine
3600 4001 3815 4056 Deusne-

2279 4083 2411 4142 sier,
2439 4087 2493 4132 et
2517 4079 2687 4135 alleva
2718 4084 3092 4142 misericordia
3142 4096 3252 4154 tua,
3279 4098 3338 4145 ut
3368 4088 3815 4147 communicasse-

2276 4164 2426 4235 Iutis,
2474 4180 2528 4225 et
2561 4174 2756 4241 gaudio
2787 4177 3092 4244 cbaritatis,
3122 4180 3247 4236 dum
3283 4182 3384 4253 ipsi
3415 4183 3615 4240 salvari
3649 4198 3706 4239 ex
3732 4196 3817 4236 mu-

2276 4260 2406 4315 nere
2457 4269 2546 4318 tuo
2593 4267 2862 4335 cupimus,
2912 4270 3076 4326 etiam
3132 4272 3238 4330 fide
3284 4284 3340 4330 ct
3368 4292 3507 4347 pace
3545 4286 3813 4333 cunctarum

2274 4356 2515 4428 gentium
2545 4361 2900 4430 gaudeamus.
2930 4363 3037 4421 Per
3062 4378 3171 4424 etc.

3010 4457 3150 4513 Alia;

585 4524 828 4596 meis,'et
866 4531 919 4586 in
973 4530 1117 4586 bene
1152 4534 1633 4603 perseverantiam.
1690 4534 1921 4592 Domine
1970 4541 2166 4595 exaudi
2198 4520 2247 4581 ο
2341 4539 2482 4594 Ante
2536 4555 2883 4614 cettSpcctum
2929 4556 3034 4602 tua:
3082 4548 3476 4608 inaestimabilis
3521 4552 3809 4623 majestatis,

582 4625 885 4681 arationem
909 4640 1082 4681 meam
1111 4644 1124 4679 :
1167 4624 1269 4693 Qui
1299 4626 1435 4682 viris
1455 4626 1560 4684 etc.

1303 4717 1444 4772 Alia.

653 4802 973 4872 Quaesumus
1000 4816 1322 4862 immensam
1351 4809 1603 4877 pietatem
1633 4821 1777 4866 tuam
1807 4814 1948 4870 Deus
1975 4831 2043 4872 ne
2065 4831 2163 4873 nos

578 4900 678 4968 pro
719 4905 902 4951 nostra
956 4899 1237 4969 iniquitate
1266 4900 1618 4969 condemnes,
1662 4904 1755 4960 sed
1788 4918 1886 4976 pro
1915 4916 2003 4963 tua
2043 4910 2159 4979 pie-

579 4998 689 5040 tate
716 4988 769 5040 in
808 4990 895 5040 via
932 4999 1081 5040 P8013
1112 4992 1387 5040 tlisnmrae-
1411 5010 1513 5040 HN!
1532 4996 1673 5040 simil
1699 5012 1968 5040 mpmmm-
1991 5002 2163 5040 ilnlin-
2264 5018 2370 5040 nnn
2417 5019 2617 5040 n'nuan
2673 5010 2763 5040 ιλιι
2812 5026 2990 5040 Μαι...
3045 5016 3273 5040 “manu”
3297 5035 3312 5040 -
3338 5016 3536 5040 !--:I:--

2273 4647 2461 4691 sancta
2511 4637 2768 4706 Trinitas,
2799 4652 2854 4697 et
2882 4658 3012 4699 vera
3048 4643 3237 4702 Unitas
3266 4651 3609 4720 omnipotens
3647 4658 3811 4703 :eteme

2269 4728 2412 4784 Deus
2439 4745 2546 4785 non
2575 4731 2695 4787 sine
2729 4733 2909 4789 debita
2957 4739 3279 4805 reverentia,
3312 4749 3549 4795 attamen
3588 4740 3715 4795 nulla
3747 4736 3809 4791 oi-

2269 4819 2378 4875 ilcii
2426 4820 2691 4892 dignitate
2736 4825 2861 4881 vilis
2903 4829 3193 4884 admodum
3244 4831 3733 4900 precator-accedo,
3765 4837 3809 4884 rt

2266 4927 2393 4968 reus
2441 4916 2789 4972 conscientiae
2840 4919 3035 4975 assiste
3075 4922 3247 4985 testis,
3277 4939 3471 4980 accuso
3512 4940 3613 4994 ego
3647 4938 3738 4985 me.
3763 4927 3808 4976 et

3602 5029 3804 5040 ρ-κ--.“.ιι
