3992 6304
120 279 293 335 1517

1470 273 1673 332 MISSA
1713 273 1986 330 LATINA.

3268 280 3403 337 i318

139 388 326 461 gratia
355 388 590 459 Spiritus
620 388 792 445 sancti
840 386 1085 444 illuminat
1126 402 1221 443 cor
1262 400 1462 451 meum,
1507 393 1565 441 et
1597 386 1731 442 doce
1756 393 1806 450 Α
1833 385 2014 444 omnia
2055 395 2278 457 peccata
2309 401 2449 454 mea,
2481 388 2604 459 quia
2636 391 2818 447 nescio
2847 392 2936 448 ubi
2962 391 3181 464 fugiam,
3207 395 3308 451 nisi
3337 400 3406 452 ad

140 491 241 533 me
267 478 445 534 facere
468 479 797 536 voluntatem
822 488 967 535 tuam
990 479 1210 550 ubique,
1251 478 1378 550 quia
1412 476 1556 535 Deus
1576 492 1730 535 meus

136 584 208 623 es
240 577 317 624 tu.
344 568 538 625 Amen.

869 656 1009 712 Alia.

180 766 189 771 ι
218 746 487 805 Miserere
505 748 648 804 Deus
686 748 938 803 omnibus
975 749 1308 814 errantibus,
1339 755 1394 802 et
1434 747 1501 802 ad
1534 756 1584 801 te
1610 760 1733 815 per-

144 839 471 905 tinentibus,
523 848 580 895 et
629 840 715 894 his
755 840 1004 915 omnibus
1043 840 1353 905 miseresce,
1385 854 1485 909 pro
1535 838 1734 910 quibus

142 927 435 983 debitores
484 944 673 983 sumus
703 944 932 985 exorare
976 916 1138 995 vivis,
1186 930 1300 984 sive
1331 929 1620 995 defunctis,
1651 930 1734 985 vel

141 1030 387 1088 quorum
434 1018 830 1090 eleemosynas,
879 1027 933 1074 et
964 1014 1332 1074 confessiones
1378 1021 1730 1089 suscepimus,

144 1119 206 1164 et
261 1110 477 1164 nomina
546 1109 614 1163 ad
670 1110 1207 1165 commemorandum
1269 1110 1732 1179 conscripsimus,

144 1206 423 1268 quatenus
451 1199 535 1253 his
588 1198 841 1255 omnibus
893 1197 1319 1253 misericorditer
1350 1197 1650 1268 indulgeas,
1679 1207 1735 1252 et

142 1289 322 1342 vitam
354 1298 613 1344 aeternam
654 1291 951 1354 concedas,
1002 1302 1102 1342 nec
1141 1302 1245 1341 non
1284 1289 1735 1358 persequentibus

146 1397 274 1446 nos,
297 1391 354 1436 et
377 1381 834 1437 calumniantibus
864 1380 1080 1452 indulge
1123 1380 1278 1451 juxta
1304 1381 1733 1452 magnitudinem

143 1474 375 1546 pietatis
404 1482 528 1529 tum.
567 1474 762 1528 Amen.

873 1565 1016 1620 Alia.

223 1656 491 1713 Succurre
515 1656 648 1711 mihi
679 1657 826 1712 Deus
850 1672 1004 1712 meus
1048 1666 1339 1726 antequam
1378 1656 1600 1722 moriar,
1640 1672 1735 1712 au-

148 1759 369 1819 tequam
426 1763 512 1803 me
543 1756 808 1804 tormenta
859 1747 1090 1816 rapiant,
1131 1756 1423 1816 antequam
1471 1762 1558 1802 me
1588 1756 1737 1802 tene-

146 1840 262 1895 brae
290 1838 581 1895 obvolvant
607 1855 623 1905 ;
660 1837 804 1894 Deus
824 1838 968 1893 enim
992 1836 1182 1906 judieii
1212 1839 1287 1892 tui
1314 1846 1503 1892 teneor
1525 1837 1734 1907 peccati

147 1945 374 2001 pavore,
400 1929 539 1984 iram
568 1937 712 1982 tuam
743 1927 972 1983 formido
1001 1943 1017 1993 ;
1062 1926 1108 1982 si
1134 1927 1278 1982 enim
1313 1927 1402 1982 vix
1426 1926 1606 1995 justus
1629 1925 1735 1981 sal-

151 2024 389 2089 vabitur,
429 2037 530 2094 ego
569 2021 767 2092 impius
813 2021 903 2076 ubi
936 2033 1053 2085 ero,
1084 2018 1213 2091 quid
1245 2018 1462 2085 faciam,
1492 2020 1617 2075 dum
1646 2035 1737 2075 ve-

153 2115 300 2170 nerit
341 2114 604 2169 tremendi
655 2112 846 2184 judieii
895 2112 1049 2169 dies?
1102 2110 1238 2168 Cum
1279 2126 1506 2168 examen
1537 2112 1737 2183 judicis

150 2206 384 2270 venerit,
414 2204 545 2275 quid
573 2204 970 2276 respondeam?
1013 2202 1143 2273 quid
1173 2218 1302 2258 vero
1324 2203 1567 2259 dicturus
1590 2217 1735 2269 sum,

153 2314 277 2354 cum
310 2305 436 2353 ante
460 2296 696 2353 tribunal
723 2296 925 2352 Christi
954 2295 1108 2352 fuero
1134 2296 1525 2367 prtesentatus?
1548 2294 1739 2352 Melius

155 2388 346 2443 fuisset
366 2402 471 2443 non
497 2387 550 2442 in
572 2387 767 2442 saeculo
793 2395 1166 2458 procreatum,
1197 2402 1358 2459 quam
1388 2396 1739 2456 aeternasup-

154 2481 318 2552 plicia
370 2481 575 2552 perpeti
623 2480 996 2536 erueiandum.
1028 2478 1277 2548 .Peccavi
1326 2480 1470 2535 enim
1516 2494 1659 2550 saepe
1684 2479 1737 2534 in

153 2572 341 2637 verbo,
369 2572 422 2625 in
457 2570 620 2635 facto,
649 2570 702 2624 in
732 2570 1080 2642 cogitatione,
1100 2578 1153 2626 et
1180 2570 1398 2641 peccavi
1424 2570 1736 2637 crudeliter,

156 2663 360 2718 nullum
394 2662 667 2717 invenitur
700 2671 1005 2732 peccatum,
1041 2661 1194 2731 cujus
1215 2664 1466 2719 sordibus
1499 2678 1604 2717 non
1633 2663 1737 2719 sim

157 2767 256 2825 ego
284 2753 444 2809 miser
470 2753 801 2823 inquinatus,
827 2753 1006 2809 nullus
1032 2762 1119 2810 est
1151 2755 1373 2811 morbus
1407 2755 1682 2821 vitiorum,
1706 2766 1738 2811 a

164 2859 270 2914 quo
297 2858 403 2898 non
443 2844 690 2899 contraxi
747 2845 1078 2913 contagium.
1107 2844 1334 2916 Semper
1375 2845 1573 2902 delicta
1619 2861 1742 2902 mea

158 2935 381 2989 iteravi:
416 2935 680 3005 plurimos
702 2935 855 3005 pravi
887 2936 1132 2990 moribus
1158 2935 1225 2990 ad
1253 2935 1593 3005 iniquitatem
1625 2950 1743 3007 per¢

156 3026 294 3082 verti
320 3046 334 3082 :
365 3026 627 3096 exemplis
646 3025 772 3081 vitae
818 3041 951 3082 mea:
978 3026 1130 3082 multi
1171 3027 1415 3083 subversi
1461 3036 1603 3083 sunt.
1642 3026 1742 3083 0b-

158 3130 314 3172 secro
340 3132 437 3172 vos
463 3131 654 3173 omnes
706 3116 901 3173 choros
927 3126 1241 3173 sanctorum
1280 3117 1740 3186 Patriarcharum,

154 3200 574 3277 Prophetarum.
604 3207 1011 3278 Apostolorum,
1044 3205 1363 3279 Martyrum,
1410 3213 1466 3261 et
1499 3208 1741 3263 omnium

157 3307 490 3359 sanctorum,
561 3304 620 3352 ut
663 3298 831 3353 oretis
878 3312 978 3367 pro
1027 3314 1134 3364 me,
1175 3307 1235 3353 ut
1274 3298 1596 3354 misereatur
1635 3297 1742 3354 mei

154 3386 322 3456 Deus,
352 3396 408 3444 et
435 3388 610 3445 deleat
642 3400 865 3459 peccata
892 3402 1031 3452 mea,
1055 3388 1136 3442 uti
1167 3387 1379 3443 auferat
1401 3376 1742 3465 iniquitatem

156 3496 358 3547 meam,
383 3490 438 3536 et
460 3481 688 3552 recipiat
716 3495 801 3534 me
829 3479 883 3534 in
924 3478 1182 3548 gaudium
1211 3477 1621 3548 sempiternum.
1661 3476 1743 3532 Tu

157 3568 386 3626 Domine
414 3570 746 3632 misericors,
795 3565 1054 3630 clemens,
1083 3574 1138 3620 et
1163 3565 1285 3635 pius
1312 3563 1519 3619 nullum
1572 3564 1744 3620 relin-

158 3663 304 3735 quis,
335 3660 541 3716 nullum
573 3659 803 3729 respuis,
845 3657 1051 3711 nullum
1101 3655 1338 3711 secludis
1368 3670 1397 3710 a
1438 3656 1743 3712 misericor-

160 3756 245 3809 dia
272 3761 381 3806 tua.
414 3750 681 3807 Converte
729 3749 966 3805 animam
1016 3758 1192 3802 meam
1217 3746 1270 3800 in
1300 3745 1544 3816 requiem
1573 3745 1741 3800 Para-

161 3840 281 3896 disi.
314 3838 392 3895 Tu
415 3854 572 3896 ovem
594 3846 866 3894 errantem
894 3834 1190 3906 requisisti,
1236 3842 1291 3890 et
1320 3834 1591 3889 inventam
1636 3835 1741 3889 tuis

160 3933 400 3988 humeris
426 3931 714 4002 reportasti
755 3930 820 3985 ad
850 3943 1065 4001 gregem
1092 3944 1107 3993 ;
1137 3941 1319 3997 quaeso
1370 3927 1509 3993 hanc
1543 3925 1739 3981 vilissi-

160 4039 302 4079 tnam
327 4025 561 4079 animam
604 4023 855 4078 manibus
892 4021 1126 4087 attrahe,
1170 4029 1225 4075 et
1268 4014 1403 4075 oll‘er
1432 4018 1740 4085 benedicto,

161 4130 217 4177 et
262 4117 554 4173 immortali
587 4116 733 4171 Patri
760 4124 875 4179 tuo,
920 4128 1104 4169 coram
1152 4111 1442 4168 Cherubim
1488 4120 1542 4166 et
1580 4109 1743 4166 Sera-

160 4211 330 4283 phim,
360 4218 415 4265 et
444 4220 626 4263 coram
654 4204 855 4260 sanctis
881 4202 1125 4273 Angelis,
1158 4208 1218 4255 ut
1262 4199 1471 4255 deliciis
1501 4200 1742 4269 paradisi

161 4302 341 4357 fruens
371 4314 491 4356 cum
520 4297 600 4353 eis
641 4298 821 4352 dicere
869 4294 1090 4364 possim.
1125 4292 1306 4347 Gloria
1336 4292 1484 4346 Patri
1518 4293 1742 4347 immor-

163 4391 276 4459 t'ali,
314 4391 483 4460 gloria
537 4388 675 4443 Filio
718 4383 1034 4449 immortali,
1081 4381 1248 4453 gloria
1280 4380 1503 4451 Spiritui
1552 4388 1741 4437 sancto

163 4480 471 4546 immortali,
501 4481 552 4534 in
582 4477 772 4534 saecula
800 4474 1139 4531 surculorum.
1164 4474 1355 4526 Amen.

876 4565 1018 4620 Alia.

228 4666 453 4720 Domine
472 4664 597 4720 Iesu
629 4656 864 4729 Christe,
907 4661 999 4732 qui
1043 4677 1127 4717 me
1156 4668 1246 4717 tuo
1294 4658 1558 4731 sanguine
1586 4658 1742 4715 rede-

161 4755 335 4823 misti,
382 4754 577 4810 exaudi
616 4769 702 4808 me
737 4762 1075 4823 peccatorem
1107 4750 1346 4820 quotidie
1402 4759 1739 4818 peccantem,

161 4858 210 4904 et
235 4846 286 4901 in
314 4844 554 4917 peccatis
606 4842 785 4898 nimiis
810 4840 1096 4911 iacentem.
1148 4836 1265 4895 Tibi
1296 4840 1392 4895 soli
1422 4839 1662 4910 peccavi,
1690 4848 1741 4894 te

161 4920 375 4996 Christe
420 4934 701 4993 confessus
750 4949 892 4989 smn.
935 4932 1045 5003 Ego
1083 4928 1303 5003 peccavi
1351 4947 1533 4987 coram
1581 4938 1654 4996 te,
1683 4938 1740 4986 et

161 5047 341 5089 coram
369 5030 623 5085 onmibus
648 5027 852 5082 sanctis
892 5024 1021 5089 tuis,
1055 5024 1108 5078 in
1137 5023 1343 5088 verbis,
1371 5031 1429 5077 et
1475 5023 1527 5077 in
1560 5020 1738 5085 factis,

163 5124 216 5178 in
247 5114 502 5177 omnibus
542 5110 959 5189 cogitationibus
1004 5114 1161 5180 meis,
1208 5112 1402 5182 quibus
1433 5112 1743 5181 excogitare

163 5213 330 5285 potui.
359 5210 548 5268 Infelix
573 5226 672 5281 ego
703 5209 868 5263 homo
896 5202 1310 5261 innumerabilia
1349 5214 1477 5259 sunt
1517 5213 1741 5274 peccata

163 5321 281 5361 mea
306 5324 320 5360 :
345 5296 608 5360 miserere
632 5299 735 5356 mei
761 5296 924 5365 Deus,
951 5298 1290 5368 omnipotens
1323 5296 1481 5352 Deus.
1512 5294 1740 5351 Veniant

162 5405 284 5468 peto
304 5408 484 5450 coram
520 5403 570 5449 te
608 5401 663 5448 et
695 5390 898 5447 sanctis
930 5388 1055 5452 tuis,
1088 5389 1154 5444 de
1200 5387 1473 5443 universis
1503 5387 1740 5457 peccatis

164 5485 298 5553 meis
316 5483 633 5555 ‘praateritis,
687 5479 1067 5553 praesentibus,
1097 5488 1152 5535 et
1197 5478 1412 5535 futuris.
1453 5479 1593 5534 Deus
1620 5494 1743 5549 pro-

165 5575 327 5646 pitius
355 5585 472 5631 esto
508 5575 640 5630 mihi
682 5571 988 5647 peccatori,
1034 5576 1088 5627 et
1117 5572 1185 5627 da
1214 5571 1349 5626 mihi
1378 5568 1656 5627 licentiam
1685 5571 1740 5626 in

166 5669 280 5723 hac'
312 5668 424 5723 vita
474 5666 664 5738 agendi
720 5664 1130 5738 paenitentiam,
1179 5678 1277 5735 per
1319 5679 1482 5735 quam
1531 5662 1737 5722 deleam

1837 485 1893 532 te
1918 475 2152 541 Christe,
2181 476 2306 545 quia
2342 486 2396 530 tu
2427 492 2486 533 es
2526 478 2634 532 vita
2685 480 2950 546 vivorum,
2978 490 3040 536 et
3078 485 3406 540 resurrectio

1834 575 2189 622 mortuorum.
2211 565 2377 622 Orate
2399 579 2498 638 pro
2528 583 2617 623 me
2640 570 2838 625 misero
2862 586 3050 627 omnes
3069 572 3240 627 sancti
3264 573 3409 646 Apo-

1835 656 1979 723 stoli,
2023 665 2185 727 atque
2239 655 2525 729 Martyres,
2554 657 2923 724 Confessores,
2962 668 3013 717 et
3054 672 3257 718 sanctae
3286 664 3406 719 Vir-

1836 748 2007 818 gines,
2030 756 2194 818 atque
2222 747 2428 812 Videte,
2468 757 2523 804 et
2545 764 2734 804 omnes
2758 748 2964 816 Sancti,
3000 760 3057 805 et
3083 752 3238 809 electi
3269 753 3363 809 Dei
3387 771 3404 821 ;

1835 847 1986 892 orate
2011 853 2110 908 pro
2142 854 2246 903 me,
2275 848 2337 894 ut
2376 841 2515 895 Deus
2538 842 2884 913 omnipotens
2913 843 3180 902 illuminat
3203 847 3408 903 vultum

1836 943 1992 983 suum
2022 943 2184 999 super
2233 945 2319 985 me
2365 930 2641 999 miserum,
2667 942 2724 989 et
2764 936 3085 992 misereatur
3135 938 3263 994 mei.
3305 936 3409 1006 Qui

1833 1021 1984 1088 vivit,
2010 1031 2064 1077 et
2090 1031 2276 1094 regnat
2297 1032 2405 1079 etc.
2488 1008 2493 1012 ’

2547 1116 2688 1171 Alia.

1907 1197 2141 1256 Domine
2157 1201 2282 1258 .lcsu
2324 1200 2537 1261 Christe
2559 1207 2886 1279 integritatis
2912 1217 3125 1265 amator
3146 1212 3293 1266 muni
3317 1224 3413 1267 cor

1837 1308 2016 1348 meum
2068 1295 2137 1349 ab
2182 1296 2430 1350 omnibus
2482 1298 2716 1368 sagittis,
2749 1308 2802 1355 et
2848 1300 3058 1357 insidiis
3104 1302 3328 1370 inimici,
3357 1312 3413 1358 et

1837 1384 2092 1455 extingue
2142 1385 2194 1439 in
2241 1400 2328 1441 me
2376 1403 2536 1443 omne
2580 1390 2890 1445 incendium
2936 1391 3193 1456 libidinis,
3239 1403 3297 1449 et
3343 1396 3411 1450 ad

1836 1479 2022 1529 v'eram
2080 1477 2476 1545 humilitatem,
2532 1488 2588 1535 et
2637 1483 2909 1552 patientiae
2966 1485 3409 1554 tranquillitatem

1837 1576 2111 1632 converte,
2135 1576 2324 1636 pectus
2347 1584 2523 1625 meum
2551 1573 2819 1627 succende
2844 1574 3127 1631 charitatis
3154 1575 3409 1643 stimulis,

1838 1668 1898 1714 ut
1942 1661 2070 1716 odio
2126 1660 2329 1715 habens
2392 1676 2606 1718 omnem
2669 1665 2813 1720 viam
2868 1666 3164 1738 iniquitatis
3207 1671 3412 1740 possim

1763 1750 2050 1824 Bcunctis
2085 1750 2274 1805 diebus
2308 1750 2431 1806 vita:
2476 1766 2612 1808 mete
2653 1754 2748 1810 tibi
2797 1756 3155 1827 complaeere.
3203 1757 3305 1827 Qui
3331 1757 3413 1814 vi-

1834 1841 1916 1897 vis
1936 1850 2041 1897 etc.

2548 1939 2692 1996 Alia.

1906 2020 2076 2083 Tuam
2108 2030 2334 2084 Domine
2355 2026 2696 2088 clementiam
2719 2048 2934 2104 precor,
2960 2043 3022 2089 ut
3054 2034 3186 2090 mihi
3212 2034 3414 2091 famulo

1840 2124 1931 2172 tuo
1980 2120 2355 2175 remissionem
2385 2130 2701 2177 cunctorum
2731 2124 2936 2180 tribuas
2962 2134 3334 2196 peccatorum,
3359 2132 3418 2181 et

1836 2207 2088 2269 omnibus
2116 2223 2216 2279 pro
2236 2208 2432 2278 quibus
2452 2210 2665 2266 debitor
2708 2226 2830 2267 sum
2868 2228 3120 2280 exorare,
3143 2214 3283 2269 vivis
3303 2215 3418 2270 sive

1838 2296 2133 2363 defunctis,
2183 2298 2571 2355 misericordiae
2621 2309 2726 2356 tute
2763 2304 3309 2375 munus'impendas,
3358 2311 3420 2359 ut

1839 2388 1907 2442 ad
1929 2395 2188 2443 :eternam
2217 2388 2384 2443 vitam
2431 2398 2525 2445 tua
2567 2392 2957 2462 gubernatione
2992 2395 3332 2465 perveniant,
3363 2400 3419 2450 et

1840 2485 1945 2532 tuae
1965 2476 2162 2546 ubique
2188 2479 2373 2549 gratiae
2394 2479 2534 2534 dona
2564 2482 2883 2552 percipiant.
2909 2482 3016 2538 Per
3039 2492 3145 2540 etc.

2544 2572 2688 2628 Alia.

1911 2658 2171 2729 Proiectis
2203 2661 2359 2717 nobis
2383 2656 2611 2719 Domine
2652 2664 2708 2718 in
2751 2661 3254 2721 condemnationem
3297 2680 3421 2738 ope-

1842 2760 1963 2802 rum
2009 2760 2337 2815 nostrorum,
2379 2752 2445 2807 da
2488 2753 2652 2824 capiti
2694 2762 2882 2810 nostro
2917 2769 3136 2825 aquam,
3171 2766 3226 2811 et
3250 2756 3422 2813 oculis

1842 2839 2044 2894 nestris
2071 2837 2272 2895 fontem
2297 2840 2519 2898 infunde
2556 2842 2941 2914 lacrymarum,
2969 2854 3026 2899 ut
3071 2845 3278 2916 peccati
3308 2861 3422 2901 ma-

1843 2929 1992 2986 culas
2019 2929 2288 2987 abluendo
2337 2931 2560 2988 ultrices
2590 2948 2875 3003 poenarum
2921 2933 3168 2989 ﬂammas
3199 2932 3422 2990 ﬂetuum

1846 3018 2096 3079 ubertate
2144 3020 2446 3089 vincamus,
2492 3031 2547 3079 et
2589 3024 2716 3095 quia
2748 3025 2847 3081 tibi
2886 3025 3112 3081 Domine
3150 3041 3258 3081 non
3297 3032 3424 3081 sunt

1772 3104 1819 3168 C
1847 3117 2080 3184 occulta,
2113 3133 2233 3188 quae
2279 3118 2571 3189 gessimus,
2593 3119 2852 3186 concede,
2900 3127 2960 3174 ut
3008 3119 3062 3174 in
3091 3118 3266 3185 nobis,
3312 3120 3424 3174 non

1754 5749 1814 5769 υ

1842 3208 1956 3263 oris
1976 3207 2276 3262 sititantum
2299 3206 2590 3273 confessio,
2617 3208 2711 3263 sed
2730 3207 2891 3263 etiam
2921 3206 3120 3273 cordis,
3139 3222 3237 3262 nec
3258 3220 3425 3262 excu-

1843 3298 1983 3354 satio
2008 3298 2314 3361 criminum,
2346 3299 2440 3353 sed
2492 3296 2809 3353 lamentatio
2833 3306 3198 3368 peccatorum.
3244 3294 3425 3367 Siqui-

1842 3388 1965 3444 dem
2009 3397 2189 3443 castos
2237 3386 2418 3443 cerdis
2469 3388 2643 3444 nostri
2692 3388 2880 3444 oculos
2921 3387 3161 3443 lasciviae
3206 3386 3426 3443 violavit

1842 3487 2113 3548 aspectus,
2154 3485 2284 3531 sunt
2328 3491 2509 3532 mores
2567 3478 2829 3547 corrupti,
2872 3475 3152 3545 disciplina
3201 3476 3423 3541 violata,

1842 3565 2114 3621 simulatio
2151 3565 2204 3619 in
2234 3565 2408 3632 vultu,
2438 3564 2649 3621 fallacia
2683 3567 2735 3621 in
2757 3566 2957 3632 verbis,
2987 3564 3141 3621 dolus
3160 3564 3216 3620 in
3238 3565 3422 3634 corde,

1841 3654 2146 3710 volubilitas
2184 3654 2237 3709 in
2282 3654 2485 3725 lingua,
2534 3656 2780 3725 operatio
2828 3655 3011 3719 stulta,
3061 3670 3214 3710 mens
3239 3654 3423 3721 dubia,

1841 3746 2282 3815 concupiscentia
2311 3746 2561 3811 carnalis,
2598 3747 2902 3803 sollicitudo
2962 3757 3199 3812 terrena,
3226 3747 3426 3802 oblivio

1843 3835 2063 3900 aniune,
2124 3835 2448 3906 negligentia
2488 3836 2816 3902 sanctitatis,
2866 3850 3030 3905 super
3087 3836 3203 3891 haec
3247 3845 3425 3891 autem

1842 3924 2033 3978 mortis
2057 3922 2220 3977 timor
2258 3925 2505 3979 increvit.
2553 3922 2808 3979 Miserere
2845 3924 3001 3980 nobis
3041 3923 3292 3990 Domine,
3324 3925 3428 3979 mi-

1843 4027 2025 4069 serere
2062 4014 2236 4091 nobis,
2282 4022 2337 4068 et
2377 4015 2442 4069 da
2486 4013 2553 4070 de
2592 4014 2879 4085 praeteritis
2915 4014 3070 4069 malis
3094 4014 3331 4079 veniam,
3359 4013 3427 4069 de

1842 4107 2199 4177 praesentibus
2221 4106 2673 4172 emendationem,
2705 4106 2855 4162 etde
2895 4105 3090 4162 futuris
3128 4104 3420 4162 cautelam.

1844 4197 1944 4266 Qui
1968 4198 2104 4254 vivis
2123 4207 2231 4254 etc.

2570 4290 2723 4344 Alia.

1915 4382 2143 4452 lmpcllit
2181 4394 2267 4437 me
2291 4393 2630 4452 peccatorem
2662 4381 3001 4437 ministrandi
3044 4378 3295 4445 ollicium,
3329 4380 3426 4435 lto~

1845 4474 1999 4528 stiam
2040 4471 2327 4526 Salutarem
2354 4471 2548 4526 oil‘erre
2578 4488 2673 4542 pro
2702 4472 2879 4541 pepuli
2913 4471 3146 4533 delicto;
3200 4470 3292 4524 sed
3320 4479 3430 4525 tero'

1847 4573 1928 4619 ret
1952 4562 2282 4619 conscientia
2313 4561 2533 4617 indebiti
2565 4562 2852 4617 sacerdotii
2880 4574 2975 4630 pro
3004 4569 3175 4624 reatu,
3206 4559 3257 4614 si
3282 4574 3311 4612 a
3341 4571 3429 4612 me

1843 4655 2082 4709 omnium
2117 4655 2457 4708 sacerdotum
2490 4652 2791 4722 peripsema
2822 4650 3150 4705 sacrificium
3178 4636 3423 4715 offertur,

1842 4747 2057 4818 pollutte
2083 4745 2427 4801 conscientiae
2451 4746 2657 4801 crimen
2692 4753 2939 4815 augetur.
2983 4741 3040 4798 Si
3072 4752 3234 4799 tantae
3261 4743 3429 4815 majca

1843 4838 1992 4905 stati,
2022 4847 2077 4895 et
2103 4839 2373 4894 universa:
2420 4837 2600 4893 carnis
2642 4836 2811 4907 judici
2841 4850 2945 4891 non
2973 4834 3217 4903 offertur,
3258 4834 3429 4908 neglié

1844 4932 2039 5005 gentim
2068 4940 2249 4987 reatus
2278 4930 2624 4991 adscribitur,
2654 4930 2795 4985 inter
2815 4930 2932 4985 inec
2956 4938 3057 4984 tuae
3084 4928 3425 4998 omnipotens

1843 5022 1987 5083 Deus
2018 5022 2281 5078 libramcn
2308 5020 2527 5091 pietatis
2556 5018 2785 5090 imploro
2810 5061 2824 5085 ,
2859 5019 3014 5089 cujus
3037 5017 3255 5073 ultionis
3282 5015 3422 5070 diem

1844 5122 2129 5170 accusante
2158 5112 2487 5168 conscientia
2512 5112 2852 5182 pertimesco,
2895 5126 2963 5166 ne
2994 5124 3080 5163 me
3123 5107 3424 5176 indignum,

1845 5222 2053 5277 quaeso,
2102 5202 2472 5260 misericordia
2521 5213 2610 5259 tua
2653 5204 2883 5275 judices,
2913 5216 3090 5271 quem.
3124 5215 3153 5252 a
3186 5208 3425 5269 tempore

1843 5297 2177 5369 poenitentiae
2207 5312 2311 5353 non
2339 5296 2601 5352 excludis.

1917 5386 2216 5458 Suspe‘nde,
2246 5401 2467 5457 precor,
2502 5385 2805 5440 interventu
2829 5382 3077 5443 istorum,
3102 5387 3158 5432 et
3183 5375 3425 5432 omnium

1844 5488 2153 5535 sanctorum
2192 5476 2401 5533 meritis
2430 5474 2684 5539 securim,
2718 5473 2889 5528 donec
2927 5470 3106 5526 cultor
3132 5470 3302 5522 vinea:
3331 5465 3425 5519 ad-

1843 5566 2659 5642 moveatcepiiinumetercoris
2701 5563 2768 5619 ad
2810 5562 3047 5631 radicem
3076 5560 3426 5616 infructuosae

1848 5663 2080 5721 arboris.
2105 5660 2275 5720 Parce
2296 5660 2427 5717 mihi
2452 5658 2677 5716 Domine
2698 5650 3115 5714 clementissime
3136 5650 3428 5724 pwnitenti
