  <div class='ocr_page' id='page_1' title='image "/cluster/home/n/w/nwhite01/storage/ocr_20150623/138/hvd.32044015471774/665.png"; bbox 0 0 3992 5350; ppageno 0'>
   <div class='ocr_carea' id='block_1_1' title="bbox 660 275 793 329">
    <p class='ocr_par' dir='ltr' id='par_1_1' title="bbox 660 275 793 329">
     <span class='ocr_line' id='line_1_1' title="bbox 660 275 793 329; baseline 0 0"><span class='ocrx_word' id='word_1_1' title='bbox 660 275 793 329; x_wconf 72' lang='grc'><strong>1519</strong></span> 
     </span>
    </p>
   </div>
   <div class='ocr_carea' id='block_1_2' title="bbox 1464 260 3049 322">
    <p class='ocr_par' dir='ltr' id='par_1_2' title="bbox 1464 260 3049 322">
     <span class='ocr_line' id='line_1_2' title="bbox 1464 260 3049 322; baseline -0.001 -1"><span class='ocrx_word' id='word_1_2' title='bbox 1464 265 1747 321; x_wconf 73' lang='lat' dir='ltr'><strong>Ai‘PEND.</strong></span> <span class='ocrx_word' id='word_1_3' title='bbox 1791 262 2080 319; x_wconf 66' lang='lat' dir='ltr'><strong>AD‘SAEC.</strong></span> <span class='ocrx_word' id='word_1_4' title='bbox 2112 263 2177 317; x_wconf 81' lang='grc' dir='ltr'><strong>Χ.</strong></span> <span class='ocrx_word' id='word_1_5' title='bbox 2215 291 2282 301; x_wconf 92' lang='grc'><strong>-</strong></span> <span class='ocrx_word' id='word_1_6' title='bbox 2319 260 2744 318; x_wconf 72' lang='lat' dir='ltr'><strong>MONUMENTA</strong></span> <span class='ocrx_word' id='word_1_7' title='bbox 2776 263 3049 322; x_wconf 77' lang='lat' dir='ltr'><strong>LITURG.</strong></span> 
     </span>
    </p>
   </div>
   <div class='ocr_carea' id='block_1_3' title="bbox 3718 275 3813 331">
    <p class='ocr_par' dir='ltr' id='par_1_3' title="bbox 3718 275 3813 331">
     <span class='ocr_line' id='line_1_3' title="bbox 3718 275 3813 331; baseline 0.042 -4"><span class='ocrx_word' id='word_1_8' title='bbox 3718 275 3813 331; x_wconf 65' lang='grc' dir='ltr'><strong>Πιἒῦ</strong></span> 
     </span>
    </p>
   </div>
   <div class='ocr_carea' id='block_1_4' title="bbox 657 371 3814 455">
    <p class='ocr_par' dir='ltr' id='par_1_4' title="bbox 657 371 3814 455">
     <span class='ocr_line' id='line_1_4' title="bbox 657 371 3814 455; baseline 0.005 -31"><span class='ocrx_word' id='word_1_9' title='bbox 657 385 745 455; x_wconf 69' lang='grc' dir='ltr'><strong>ηυξ</strong></span> <span class='ocrx_word' id='word_1_10' title='bbox 770 381 937 438; x_wconf 60' lang='lat' dir='ltr'><strong>David</strong></span> <span class='ocrx_word' id='word_1_11' title='bbox 963 388 1081 452; x_wconf 83' lang='lat' dir='ltr'><strong>post</strong></span> <span class='ocrx_word' id='word_1_12' title='bbox 1107 379 1313 449; x_wconf 79' lang='lat' dir='ltr'><strong>lapsum</strong></span> <span class='ocrx_word' id='word_1_13' title='bbox 1340 378 1633 431; x_wconf 85' lang='lat' dir='ltr'><strong>clementer</strong></span> <span class='ocrx_word' id='word_1_14' title='bbox 1676 376 1742 429; x_wconf 91' lang='lat' dir='ltr'><strong>ad</strong></span> <span class='ocrx_word' id='word_1_15' title='bbox 1765 376 1975 429; x_wconf 89' lang='lat' dir='ltr'><strong>veniam</strong></span> <span class='ocrx_word' id='word_1_16' title='bbox 2009 387 2228 430; x_wconf 88' lang='lat' dir='ltr'><strong>revoca-</strong></span> <span class='ocrx_word' id='word_1_17' title='bbox 2252 380 2303 437; x_wconf 77' lang='grc' dir='ltr'><strong>Α</strong></span> <span class='ocrx_word' id='word_1_18' title='bbox 2332 371 2670 427; x_wconf 82' lang='lat' dir='ltr'><strong>inimicorum</strong></span> <span class='ocrx_word' id='word_1_19' title='bbox 2696 375 2935 442; x_wconf 78' lang='lat' dir='ltr'><strong>pravitas</strong></span> <span class='ocrx_word' id='word_1_20' title='bbox 2971 375 3168 440; x_wconf 85' lang='lat' dir='ltr'><strong>infert,</strong></span> <span class='ocrx_word' id='word_1_21' title='bbox 3199 377 3336 445; x_wconf 90' lang='lat' dir='ltr'><strong>quod</strong></span> <span class='ocrx_word' id='word_1_22' title='bbox 3367 392 3636 447; x_wconf 81' lang='lat' dir='ltr'><strong>pravorum</strong></span> <span class='ocrx_word' id='word_1_23' title='bbox 3661 382 3704 436; x_wconf 85' lang='lat' dir='ltr'><strong>in</strong></span> <span class='ocrx_word' id='word_1_24' title='bbox 3725 400 3814 441; x_wconf 67' lang='lat' dir='ltr'><strong>ron.</strong></span> 
     </span>
    </p>
   </div>
   <div class='ocr_carea' id='block_1_5' title="bbox 658 464 2227 542">
    <p class='ocr_par' dir='ltr' id='par_1_5' title="bbox 658 464 2227 542">
     <span class='ocr_line' id='line_1_5' title="bbox 658 464 2227 542; baseline -0.005 -15"><span class='ocrx_word' id='word_1_25' title='bbox 658 474 749 538; x_wconf 86' lang='lat' dir='ltr'><strong>sti,</strong></span> <span class='ocrx_word' id='word_1_26' title='bbox 770 472 861 542; x_wconf 85' lang='lat' dir='ltr'><strong>qui</strong></span> <span class='ocrx_word' id='word_1_27' title='bbox 886 469 1055 533; x_wconf 81' lang='lat' dir='ltr'><strong>Petri,</strong></span> <span class='ocrx_word' id='word_1_28' title='bbox 1087 469 1391 522; x_wconf 82' lang='lat' dir='ltr'><strong>Misericors</strong></span> <span class='ocrx_word' id='word_1_29' title='bbox 1418 480 1601 520; x_wconf 81' lang='lat' dir='ltr'><strong>amare</strong></span> <span class='ocrx_word' id='word_1_30' title='bbox 1641 464 1820 520; x_wconf 84' lang='lat' dir='ltr'><strong>ﬂentis</strong></span> <span class='ocrx_word' id='word_1_31' title='bbox 1843 464 2109 535; x_wconf 85' lang='lat' dir='ltr'><strong>lacrymas</strong></span> <span class='ocrx_word' id='word_1_32' title='bbox 2141 480 2227 519; x_wconf 86' lang='lat' dir='ltr'><strong>re-</strong></span> 
     </span>
    </p>
   </div>
   <div class='ocr_carea' id='block_1_6' title="bbox 658 552 2226 633">
    <p class='ocr_par' dir='ltr' id='par_1_6' title="bbox 658 552 2226 633">
     <span class='ocr_line' id='line_1_6' title="bbox 658 552 2226 633; baseline -0.006 -15"><span class='ocrx_word' id='word_1_33' title='bbox 658 562 915 633; x_wconf 76' lang='lat' dir='ltr'><strong>spexisti;</strong></span> <span class='ocrx_word' id='word_1_34' title='bbox 958 560 1050 629; x_wconf 82' lang='lat' dir='ltr'><strong>qui</strong></span> <span class='ocrx_word' id='word_1_35' title='bbox 1085 558 1347 612; x_wconf 83' lang='lat' dir='ltr'><strong>latronem</strong></span> <span class='ocrx_word' id='word_1_36' title='bbox 1379 556 1432 610; x_wconf 91' lang='lat' dir='ltr'><strong>in</strong></span> <span class='ocrx_word' id='word_1_37' title='bbox 1463 555 1639 609; x_wconf 88' lang='lat' dir='ltr'><strong>crucis</strong></span> <span class='ocrx_word' id='word_1_38' title='bbox 1670 553 1907 625; x_wconf 89' lang='lat' dir='ltr'><strong>patibulo</strong></span> <span class='ocrx_word' id='word_1_39' title='bbox 1933 554 2068 608; x_wconf 91' lang='lat' dir='ltr'><strong>tanti</strong></span> <span class='ocrx_word' id='word_1_40' title='bbox 2098 552 2226 608; x_wconf 84' lang='lat' dir='ltr'><strong>faci-</strong></span> 
     </span>
    </p>
   </div>
   <div class='ocr_carea' id='block_1_7' title="bbox 660 643 2227 718">
    <p class='ocr_par' dir='ltr' id='par_1_7' title="bbox 660 643 2227 718">
     <span class='ocr_line' id='line_1_7' title="bbox 660 643 2227 718; baseline -0.007 -10"><span class='ocrx_word' id='word_1_41' title='bbox 660 654 807 717; x_wconf 81' lang='lat' dir='ltr'><strong>noris</strong></span> <span class='ocrx_word' id='word_1_42' title='bbox 821 666 992 715; x_wconf 87' lang='lat' dir='ltr'><strong>reutn,</strong></span> <span class='ocrx_word' id='word_1_43' title='bbox 1017 648 1196 703; x_wconf 87' lang='lat' dir='ltr'><strong>divina</strong></span> <span class='ocrx_word' id='word_1_44' title='bbox 1210 647 1381 718; x_wconf 81' lang='lat' dir='ltr'><strong>gratia</strong></span> <span class='ocrx_word' id='word_1_45' title='bbox 1406 645 1713 707; x_wconf 85' lang='lat' dir='ltr'><strong>illustrasti;</strong></span> <span class='ocrx_word' id='word_1_46' title='bbox 1743 644 1826 700; x_wconf 91' lang='lat' dir='ltr'><strong>cui</strong></span> <span class='ocrx_word' id='word_1_47' title='bbox 1854 659 1973 697; x_wconf 86' lang='lat' dir='ltr'><strong>mox</strong></span> <span class='ocrx_word' id='word_1_48' title='bbox 1997 643 2227 697; x_wconf 89' lang='lat' dir='ltr'><strong>obtinuit</strong></span> 
     </span>
    </p>
   </div>
   <div class='ocr_carea' id='block_1_8' title="bbox 659 722 2226 810">
    <p class='ocr_par' dir='ltr' id='par_1_8' title="bbox 659 722 2226 810">
     <span class='ocr_line' id='line_1_8' title="bbox 659 722 2226 810; baseline -0.008 -11"><span class='ocrx_word' id='word_1_49' title='bbox 659 722 924 799; x_wconf 65' lang='lat' dir='ltr'><strong>conifessio</strong></span> <span class='ocrx_word' id='word_1_50' title='bbox 943 739 1232 810; x_wconf 86' lang='lat' dir='ltr'><strong>propitium</strong></span> <span class='ocrx_word' id='word_1_51' title='bbox 1254 738 1346 791; x_wconf 87' lang='lat' dir='ltr'><strong>Dei</strong></span> <span class='ocrx_word' id='word_1_52' title='bbox 1367 736 1582 799; x_wconf 84' lang='lat' dir='ltr'><strong>Filium,</strong></span> <span class='ocrx_word' id='word_1_53' title='bbox 1603 736 1733 790; x_wconf 88' lang='lat' dir='ltr'><strong>tides</strong></span> <span class='ocrx_word' id='word_1_54' title='bbox 1752 734 2050 804; x_wconf 65' lang='lat' dir='ltr'><strong>praemium,</strong></span> <span class='ocrx_word' id='word_1_55' title='bbox 2068 730 2226 802; x_wconf 71' lang='lat' dir='ltr'><strong>prena</strong></span> 
     </span>
    </p>
   </div>
   <div class='ocr_carea' id='block_1_9' title="bbox 659 823 2228 902">
    <p class='ocr_par' dir='ltr' id='par_1_9' title="bbox 659 823 2228 902">
     <span class='ocr_line' id='line_1_9' title="bbox 659 823 2228 902; baseline -0.005 -17"><span class='ocrx_word' id='word_1_56' title='bbox 659 834 895 896; x_wconf 89' lang='lat' dir='ltr'><strong>veniam,</strong></span> <span class='ocrx_word' id='word_1_57' title='bbox 920 831 1153 886; x_wconf 80' lang='lat' dir='ltr'><strong>lamenta</strong></span> <span class='ocrx_word' id='word_1_58' title='bbox 1180 828 1371 899; x_wconf 90' lang='lat' dir='ltr'><strong>gaudia</strong></span> <span class='ocrx_word' id='word_1_59' title='bbox 1398 826 1723 902; x_wconf 85' lang='lat' dir='ltr'><strong>sempiterna</strong></span> <span class='ocrx_word' id='word_1_60' title='bbox 1744 861 1763 890; x_wconf 87' lang='lat'><strong>,</strong></span> <span class='ocrx_word' id='word_1_61' title='bbox 1800 824 1926 878; x_wconf 90' lang='lat' dir='ltr'><strong>dum</strong></span> <span class='ocrx_word' id='word_1_62' title='bbox 1953 823 2228 879; x_wconf 79' lang='lat' dir='ltr'><strong>confessor</strong></span> 
     </span>
    </p>
   </div>
   <div class='ocr_carea' id='block_1_10' title="bbox 660 916 2222 995">
    <p class='ocr_par' dir='ltr' id='par_1_10' title="bbox 660 916 2222 995">
     <span class='ocr_line' id='line_1_10' title="bbox 660 916 2222 995; baseline -0.006 -17"><span class='ocrx_word' id='word_1_63' title='bbox 660 925 712 978; x_wconf 91' lang='lat' dir='ltr'><strong>in</strong></span> <span class='ocrx_word' id='word_1_64' title='bbox 742 938 925 987; x_wconf 88' lang='lat' dir='ltr'><strong>cruce,</strong></span> <span class='ocrx_word' id='word_1_65' title='bbox 961 936 1235 995; x_wconf 82' lang='lat' dir='ltr'><strong>possessor</strong></span> <span class='ocrx_word' id='word_1_66' title='bbox 1259 919 1437 975; x_wconf 77' lang='lat' dir='ltr'><strong>extitit</strong></span> <span class='ocrx_word' id='word_1_67' title='bbox 1469 916 1709 971; x_wconf 88' lang='lat' dir='ltr'><strong>Paradisi</strong></span> <span class='ocrx_word' id='word_1_68' title='bbox 1741 925 1958 986; x_wconf 85' lang='lat' dir='ltr'><strong>propter</strong></span> <span class='ocrx_word' id='word_1_69' title='bbox 1986 922 2222 982; x_wconf 84' lang='lat' dir='ltr'><strong>crucem,</strong></span> 
     </span>
    </p>
   </div>
   <div class='ocr_carea' id='block_1_11' title="bbox 658 1000 2227 1083">
    <p class='ocr_par' dir='ltr' id='par_1_11' title="bbox 658 1000 2227 1083">
     <span class='ocr_line' id='line_1_11' title="bbox 658 1000 2227 1083; baseline -0.008 -14"><span class='ocrx_word' id='word_1_70' title='bbox 658 1000 751 1069; x_wconf 85' lang='lat' dir='ltr'><strong>sed</strong></span> <span class='ocrx_word' id='word_1_71' title='bbox 786 1013 911 1083; x_wconf 90' lang='lat' dir='ltr'><strong>quia</strong></span> <span class='ocrx_word' id='word_1_72' title='bbox 940 1011 1102 1067; x_wconf 88' lang='lat' dir='ltr'><strong>verba</strong></span> <span class='ocrx_word' id='word_1_73' title='bbox 1124 1010 1290 1065; x_wconf 64' lang='grc' dir='ltr'><strong>νειιίιε</strong></span> <span class='ocrx_word' id='word_1_74' title='bbox 1312 1017 1413 1062; x_wconf 68' lang='lat' dir='ltr'><strong>ture</strong></span> <span class='ocrx_word' id='word_1_75' title='bbox 1438 1008 1655 1078; x_wconf 88' lang='lat' dir='ltr'><strong>pietatis</strong></span> <span class='ocrx_word' id='word_1_76' title='bbox 1697 1006 1972 1078; x_wconf 76' lang='lat' dir='ltr'><strong>indigent,</strong></span> <span class='ocrx_word' id='word_1_77' title='bbox 2000 1021 2117 1075; x_wconf 78' lang='lat' dir='ltr'><strong>qme</strong></span> <span class='ocrx_word' id='word_1_78' title='bbox 2146 1006 2227 1059; x_wconf 91' lang='lat' dir='ltr'><strong>iu-</strong></span> 
     </span>
    </p>
   </div>
   <div class='ocr_carea' id='block_1_12' title="bbox 659 1097 2228 1172">
    <p class='ocr_par' dir='ltr' id='par_1_12' title="bbox 659 1097 2228 1172">
     <span class='ocr_line' id='line_1_12' title="bbox 659 1097 2228 1172; baseline -0.004 -16"><span class='ocrx_word' id='word_1_79' title='bbox 659 1103 803 1172; x_wconf 86' lang='lat' dir='ltr'><strong>digni</strong></span> <span class='ocrx_word' id='word_1_80' title='bbox 848 1101 1146 1156; x_wconf 91' lang='lat' dir='ltr'><strong>sacerdotis</strong></span> <span class='ocrx_word' id='word_1_81' title='bbox 1172 1115 1333 1168; x_wconf 87' lang='lat' dir='ltr'><strong>opera</strong></span> <span class='ocrx_word' id='word_1_82' title='bbox 1365 1114 1469 1153; x_wconf 89' lang='lat' dir='ltr'><strong>non</strong></span> <span class='ocrx_word' id='word_1_83' title='bbox 1501 1099 1899 1162; x_wconf 88' lang='lat' dir='ltr'><strong>commendant,</strong></span> <span class='ocrx_word' id='word_1_84' title='bbox 1930 1097 2116 1152; x_wconf 86' lang='lat' dir='ltr'><strong>saltem</strong></span> <span class='ocrx_word' id='word_1_85' title='bbox 2140 1097 2228 1150; x_wconf 92' lang='lat' dir='ltr'><strong>ad-</strong></span> 
     </span>
    </p>
   </div>
   <div class='ocr_carea' id='block_1_13' title="bbox 659 1187 2228 1258">
    <p class='ocr_par' dir='ltr' id='par_1_13' title="bbox 659 1187 2228 1258">
     <span class='ocr_line' id='line_1_13' title="bbox 659 1187 2228 1258; baseline -0.004 -11"><span class='ocrx_word' id='word_1_86' title='bbox 659 1192 915 1247; x_wconf 81' lang='lat' dir='ltr'><strong>Stantium</strong></span> <span class='ocrx_word' id='word_1_87' title='bbox 944 1199 1068 1245; x_wconf 91' lang='lat' dir='ltr'><strong>vota</strong></span> <span class='ocrx_word' id='word_1_88' title='bbox 1094 1190 1323 1258; x_wconf 81' lang='lat' dir='ltr'><strong>suscipe,</strong></span> <span class='ocrx_word' id='word_1_89' title='bbox 1358 1198 1415 1242; x_wconf 90' lang='lat' dir='ltr'><strong>ut</strong></span> <span class='ocrx_word' id='word_1_90' title='bbox 1436 1198 1490 1243; x_wconf 91' lang='lat' dir='ltr'><strong>et</strong></span> <span class='ocrx_word' id='word_1_91' title='bbox 1525 1188 1656 1242; x_wconf 90' lang='lat' dir='ltr'><strong>mihi</strong></span> <span class='ocrx_word' id='word_1_92' title='bbox 1678 1187 1788 1241; x_wconf 90' lang='lat' dir='ltr'><strong>suis</strong></span> <span class='ocrx_word' id='word_1_93' title='bbox 1815 1187 1952 1255; x_wconf 88' lang='lat' dir='ltr'><strong>apud</strong></span> <span class='ocrx_word' id='word_1_94' title='bbox 1979 1196 2031 1241; x_wconf 90' lang='lat' dir='ltr'><strong>te</strong></span> <span class='ocrx_word' id='word_1_95' title='bbox 2055 1188 2228 1256; x_wconf 82' lang='lat' dir='ltr'><strong>preci-</strong></span> 
     </span>
    </p>
   </div>
   <div class='ocr_carea' id='block_1_14' title="bbox 658 1277 2227 1346">
    <p class='ocr_par' dir='ltr' id='par_1_14' title="bbox 658 1277 2227 1346">
     <span class='ocr_line' id='line_1_14' title="bbox 658 1277 2227 1346; baseline -0.003 -11"><span class='ocrx_word' id='word_1_96' title='bbox 658 1281 759 1335; x_wconf 91' lang='lat' dir='ltr'><strong>bus</strong></span> <span class='ocrx_word' id='word_1_97' title='bbox 785 1281 1018 1346; x_wconf 89' lang='lat' dir='ltr'><strong>veniam,</strong></span> <span class='ocrx_word' id='word_1_98' title='bbox 1061 1288 1115 1334; x_wconf 85' lang='lat' dir='ltr'><strong>et</strong></span> <span class='ocrx_word' id='word_1_99' title='bbox 1151 1294 1335 1334; x_wconf 89' lang='lat' dir='ltr'><strong>eorum</strong></span> <span class='ocrx_word' id='word_1_100' title='bbox 1367 1278 1572 1332; x_wconf 86' lang='lat' dir='ltr'><strong>meritis</strong></span> <span class='ocrx_word' id='word_1_101' title='bbox 1605 1277 1895 1343; x_wconf 90' lang='lat' dir='ltr'><strong>sacriﬁcia,</strong></span> <span class='ocrx_word' id='word_1_102' title='bbox 1922 1285 2227 1332; x_wconf 82' lang='lat' dir='ltr'><strong>nostrorum</strong></span> 
     </span>
    </p>
   </div>
   <div class='ocr_carea' id='block_1_15' title="bbox 658 1353 2227 1447">
    <p class='ocr_par' dir='ltr' id='par_1_15' title="bbox 658 1353 2227 1447">
     <span class='ocr_line' id='line_1_15' title="bbox 658 1353 2227 1447; baseline -0.003 -22"><span class='ocrx_word' id='word_1_103' title='bbox 658 1372 938 1427; x_wconf 83' lang='lat' dir='ltr'><strong>vulnerum</strong></span> <span class='ocrx_word' id='word_1_104' title='bbox 963 1353 1122 1447; x_wconf 83' lang='lat' dir='ltr'><strong>nobis</strong></span> <span class='ocrx_word' id='word_1_105' title='bbox 1138 1370 1421 1425; x_wconf 88' lang='lat' dir='ltr'><strong>conferant</strong></span> <span class='ocrx_word' id='word_1_106' title='bbox 1442 1369 1782 1423; x_wconf 89' lang='lat' dir='ltr'><strong>medicinam.</strong></span> <span class='ocrx_word' id='word_1_107' title='bbox 1802 1367 1872 1447; x_wconf 67' lang='lat' dir='ltr'><strong>At</strong></span> <span class='ocrx_word' id='word_1_108' title='bbox 1897 1367 2021 1437; x_wconf 89' lang='lat' dir='ltr'><strong>quia</strong></span> <span class='ocrx_word' id='word_1_109' title='bbox 2046 1366 2227 1422; x_wconf 88' lang='lat' dir='ltr'><strong>Omni-</strong></span> 
     </span>
    </p>
   </div>
   <div class='ocr_carea' id='block_1_16' title="bbox 658 1443 2227 1531">
    <p class='ocr_par' dir='ltr' id='par_1_16' title="bbox 658 1443 2227 1531">
     <span class='ocr_line' id='line_1_16' title="bbox 658 1443 2227 1531; baseline -0.004 -15"><span class='ocrx_word' id='word_1_110' title='bbox 658 1452 849 1531; x_wconf 85' lang='lat' dir='ltr'><strong>potens</strong></span> <span class='ocrx_word' id='word_1_111' title='bbox 870 1456 968 1531; x_wconf 87' lang='lat' dir='ltr'><strong>pro</strong></span> <span class='ocrx_word' id='word_1_112' title='bbox 993 1443 1228 1515; x_wconf 87' lang='lat' dir='ltr'><strong>omnium</strong></span> <span class='ocrx_word' id='word_1_113' title='bbox 1260 1459 1495 1529; x_wconf 88' lang='lat' dir='ltr'><strong>peccatis</strong></span> <span class='ocrx_word' id='word_1_114' title='bbox 1534 1448 1704 1511; x_wconf 85' lang='lat' dir='ltr'><strong>factus</strong></span> <span class='ocrx_word' id='word_1_115' title='bbox 1729 1472 1789 1511; x_wconf 90' lang='lat' dir='ltr'><strong>es</strong></span> <span class='ocrx_word' id='word_1_116' title='bbox 1813 1443 1991 1512; x_wconf 87' lang='lat' dir='ltr'><strong>hostia</strong></span> <span class='ocrx_word' id='word_1_117' title='bbox 2031 1452 2227 1511; x_wconf 87' lang='lat' dir='ltr'><strong>saluta-</strong></span> 
     </span>
    </p>
   </div>
   <div class='ocr_carea' id='block_1_17' title="bbox 661 1547 2229 1622">
    <p class='ocr_par' dir='ltr' id='par_1_17' title="bbox 661 1547 2229 1622">
     <span class='ocr_line' id='line_1_17' title="bbox 661 1547 2229 1622; baseline -0.005 -13"><span class='ocrx_word' id='word_1_118' title='bbox 661 1556 735 1609; x_wconf 89' lang='lat' dir='ltr'><strong>ris</strong></span> <span class='ocrx_word' id='word_1_119' title='bbox 763 1595 778 1618; x_wconf 87' lang='lat'><strong>,</strong></span> <span class='ocrx_word' id='word_1_120' title='bbox 808 1554 954 1609; x_wconf 87' lang='lat' dir='ltr'><strong>adsis</strong></span> <span class='ocrx_word' id='word_1_121' title='bbox 988 1554 1140 1608; x_wconf 91' lang='lat' dir='ltr'><strong>nobis</strong></span> <span class='ocrx_word' id='word_1_122' title='bbox 1161 1551 1474 1622; x_wconf 88' lang='lat' dir='ltr'><strong>justilicatio</strong></span> <span class='ocrx_word' id='word_1_123' title='bbox 1504 1564 1600 1619; x_wconf 90' lang='lat' dir='ltr'><strong>pro</strong></span> <span class='ocrx_word' id='word_1_124' title='bbox 1628 1548 1838 1604; x_wconf 87' lang='lat' dir='ltr'><strong>delictis</strong></span> <span class='ocrx_word' id='word_1_125' title='bbox 1863 1548 1988 1603; x_wconf 83' lang='lat' dir='ltr'><strong>Jesu</strong></span> <span class='ocrx_word' id='word_1_126' title='bbox 2016 1547 2229 1602; x_wconf 81' lang='lat' dir='ltr'><strong>Christe</strong></span> 
     </span>
    </p>
   </div>
   <div class='ocr_carea' id='block_1_18' title="bbox 660 1626 2226 1709">
    <p class='ocr_par' dir='ltr' id='par_1_18' title="bbox 660 1626 2226 1709">
     <span class='ocr_line' id='line_1_18' title="bbox 660 1626 2226 1709; baseline -0.004 -11"><span class='ocrx_word' id='word_1_127' title='bbox 660 1639 907 1698; x_wconf 84' lang='lat' dir='ltr'><strong>Salvator</strong></span> <span class='ocrx_word' id='word_1_128' title='bbox 946 1644 1150 1697; x_wconf 79' lang='lat' dir='ltr'><strong>inundi.</strong></span> <span class='ocrx_word' id='word_1_129' title='bbox 1180 1642 1281 1709; x_wconf 78' lang='lat' dir='ltr'><strong>Qui</strong></span> <span class='ocrx_word' id='word_1_130' title='bbox 1312 1656 1432 1696; x_wconf 89' lang='lat' dir='ltr'><strong>cum</strong></span> <span class='ocrx_word' id='word_1_131' title='bbox 1476 1626 1671 1705; x_wconf 80' lang='lat' dir='ltr'><strong>Patre,</strong></span> <span class='ocrx_word' id='word_1_132' title='bbox 1703 1649 1758 1694; x_wconf 90' lang='lat' dir='ltr'><strong>et</strong></span> <span class='ocrx_word' id='word_1_133' title='bbox 1798 1638 2000 1708; x_wconf 73' lang='lat' dir='ltr'><strong>Spiritu</strong></span> <span class='ocrx_word' id='word_1_134' title='bbox 2037 1647 2226 1693; x_wconf 88' lang='lat' dir='ltr'><strong>sancto</strong></span> 
     </span>
    </p>
   </div>
   <div class='ocr_carea' id='block_1_19' title="bbox 660 1722 1225 1805">
    <p class='ocr_par' dir='ltr' id='par_1_19' title="bbox 660 1722 1225 1805">
     <span class='ocr_line' id='line_1_19' title="bbox 660 1722 1225 1805; baseline 0.002 -18"><span class='ocrx_word' id='word_1_135' title='bbox 660 1722 799 1790; x_wconf 80' lang='lat' dir='ltr'><strong>vivis</strong></span> <span class='ocrx_word' id='word_1_136' title='bbox 821 1743 875 1790; x_wconf 89' lang='lat' dir='ltr'><strong>et</strong></span> <span class='ocrx_word' id='word_1_137' title='bbox 905 1749 1097 1805; x_wconf 76' lang='lat' dir='ltr'><strong>regnas</strong></span> <span class='ocrx_word' id='word_1_138' title='bbox 1121 1744 1225 1788; x_wconf 88' lang='lat' dir='ltr'><strong>etc.</strong></span> 
     </span>
    </p>
   </div>
   <div class='ocr_carea' id='block_1_20' title="bbox 1137 1808 1753 1893">
    <p class='ocr_par' dir='ltr' id='par_1_20' title="bbox 1137 1808 1753 1893">
     <span class='ocr_line' id='line_1_20' title="bbox 1137 1808 1753 1893; baseline -0.003 -16"><span class='ocrx_word' id='word_1_139' title='bbox 1137 1808 1320 1879; x_wconf 70' lang='lat' dir='ltr'><strong>Dratio</strong></span> <span class='ocrx_word' id='word_1_140' title='bbox 1352 1838 1445 1893; x_wconf 86' lang='lat' dir='ltr'><strong>pro</strong></span> <span class='ocrx_word' id='word_1_141' title='bbox 1465 1821 1753 1891; x_wconf 73' lang='lat' dir='ltr'><strong>semetipso.</strong></span> 
     </span>
    </p>
   </div>
   <div class='ocr_carea' id='block_1_21' title="bbox 731 1910 2233 1981">
    <p class='ocr_par' dir='ltr' id='par_1_21' title="bbox 731 1910 2233 1981">
     <span class='ocr_line' id='line_1_21' title="bbox 731 1910 2233 1981; baseline -0.001 -13"><span class='ocrx_word' id='word_1_142' title='bbox 731 1915 891 1969; x_wconf 86' lang='lat' dir='ltr'><strong>Salva</strong></span> <span class='ocrx_word' id='word_1_143' title='bbox 934 1929 1020 1969; x_wconf 91' lang='lat' dir='ltr'><strong>me</strong></span> <span class='ocrx_word' id='word_1_144' title='bbox 1063 1913 1285 1968; x_wconf 88' lang='lat' dir='ltr'><strong>Domine</strong></span> <span class='ocrx_word' id='word_1_145' title='bbox 1334 1912 1445 1967; x_wconf 80' lang='lat' dir='ltr'><strong>Rex</strong></span> <span class='ocrx_word' id='word_1_146' title='bbox 1487 1921 1701 1966; x_wconf 62' lang='lat' dir='ltr'><strong>aeternae</strong></span> <span class='ocrx_word' id='word_1_147' title='bbox 1727 1910 1930 1981; x_wconf 65' lang='lat' dir='ltr'><strong>gloriae,</strong></span> <span class='ocrx_word' id='word_1_148' title='bbox 1962 1910 2049 1979; x_wconf 92' lang='lat' dir='ltr'><strong>qui</strong></span> <span class='ocrx_word' id='word_1_149' title='bbox 2081 1919 2233 1981; x_wconf 89' lang='lat' dir='ltr'><strong>potes</strong></span> 
     </span>
    </p>
   </div>
   <div class='ocr_carea' id='block_1_22' title="bbox 660 2000 2233 2070">
    <p class='ocr_par' dir='ltr' id='par_1_22' title="bbox 660 2000 2233 2070">
     <span class='ocr_line' id='line_1_22' title="bbox 660 2000 2233 2070; baseline -0.004 -11"><span class='ocrx_word' id='word_1_150' title='bbox 660 2005 893 2068; x_wconf 89' lang='lat' dir='ltr'><strong>salvare,</strong></span> <span class='ocrx_word' id='word_1_151' title='bbox 922 2013 974 2059; x_wconf 91' lang='lat' dir='ltr'><strong>et</strong></span> <span class='ocrx_word' id='word_1_152' title='bbox 1003 2005 1067 2058; x_wconf 91' lang='lat' dir='ltr'><strong>da</strong></span> <span class='ocrx_word' id='word_1_153' title='bbox 1099 2004 1228 2057; x_wconf 89' lang='lat' dir='ltr'><strong>mihi</strong></span> <span class='ocrx_word' id='word_1_154' title='bbox 1252 2043 1267 2068; x_wconf 94' lang='lat'><strong>,</strong></span> <span class='ocrx_word' id='word_1_155' title='bbox 1309 2010 1367 2055; x_wconf 90' lang='lat' dir='ltr'><strong>ut</strong></span> <span class='ocrx_word' id='word_1_156' title='bbox 1403 2000 1609 2054; x_wconf 83' lang='lat' dir='ltr'><strong>valeam</strong></span> <span class='ocrx_word' id='word_1_157' title='bbox 1638 2010 1694 2055; x_wconf 89' lang='lat' dir='ltr'><strong>et</strong></span> <span class='ocrx_word' id='word_1_158' title='bbox 1716 2002 1923 2070; x_wconf 90' lang='lat' dir='ltr'><strong>operari</strong></span> <span class='ocrx_word' id='word_1_159' title='bbox 1951 2041 1966 2065; x_wconf 90' lang='lat'><strong>,</strong></span> <span class='ocrx_word' id='word_1_160' title='bbox 1993 2009 2048 2055; x_wconf 90' lang='lat' dir='ltr'><strong>et</strong></span> <span class='ocrx_word' id='word_1_161' title='bbox 2075 2000 2233 2070; x_wconf 83' lang='lat' dir='ltr'><strong>perﬁ—</strong></span> 
     </span>
    </p>
   </div>
   <div class='ocr_carea' id='block_1_23' title="bbox 663 2081 2234 2163">
    <p class='ocr_par' dir='ltr' id='par_1_23' title="bbox 663 2081 2234 2163">
     <span class='ocr_line' id='line_1_23' title="bbox 663 2081 2234 2163; baseline -0.003 -13"><span class='ocrx_word' id='word_1_162' title='bbox 663 2088 806 2158; x_wconf 79' lang='lat' dir='ltr'><strong>cere,</strong></span> <span class='ocrx_word' id='word_1_163' title='bbox 829 2108 949 2163; x_wconf 87' lang='lat' dir='ltr'><strong>quae</strong></span> <span class='ocrx_word' id='word_1_164' title='bbox 993 2090 1085 2147; x_wconf 85' lang='lat' dir='ltr'><strong>tibi</strong></span> <span class='ocrx_word' id='word_1_165' title='bbox 1120 2092 1383 2161; x_wconf 82' lang='lat' dir='ltr'><strong>placeant,</strong></span> <span class='ocrx_word' id='word_1_166' title='bbox 1412 2100 1465 2145; x_wconf 91' lang='lat' dir='ltr'><strong>et</strong></span> <span class='ocrx_word' id='word_1_167' title='bbox 1503 2090 1630 2145; x_wconf 88' lang='lat' dir='ltr'><strong>mihi</strong></span> <span class='ocrx_word' id='word_1_168' title='bbox 1660 2091 1974 2159; x_wconf 85' lang='lat' dir='ltr'><strong>expediant;</strong></span> <span class='ocrx_word' id='word_1_169' title='bbox 2008 2081 2234 2145; x_wconf 82' lang='lat' dir='ltr'><strong>Domine</strong></span> 
     </span>
    </p>
   </div>
   <div class='ocr_carea' id='block_1_24' title="bbox 663 2168 2230 2251">
    <p class='ocr_par' dir='ltr' id='par_1_24' title="bbox 663 2168 2230 2251">
     <span class='ocr_line' id='line_1_24' title="bbox 663 2168 2230 2251; baseline -0.002 -14"><span class='ocrx_word' id='word_1_170' title='bbox 663 2192 849 2238; x_wconf 88' lang='lat' dir='ltr'><strong>sancte</strong></span> <span class='ocrx_word' id='word_1_171' title='bbox 884 2182 1043 2237; x_wconf 87' lang='lat' dir='ltr'><strong>Pater</strong></span> <span class='ocrx_word' id='word_1_172' title='bbox 1072 2180 1412 2251; x_wconf 83' lang='lat' dir='ltr'><strong>omnipotens</strong></span> <span class='ocrx_word' id='word_1_173' title='bbox 1448 2176 1591 2234; x_wconf 87' lang='lat' dir='ltr'><strong>Deus</strong></span> <span class='ocrx_word' id='word_1_174' title='bbox 1622 2181 1687 2234; x_wconf 91' lang='lat' dir='ltr'><strong>da</strong></span> <span class='ocrx_word' id='word_1_175' title='bbox 1733 2168 1864 2234; x_wconf 82' lang='lat' dir='ltr'><strong>mihi</strong></span> <span class='ocrx_word' id='word_1_176' title='bbox 1910 2180 1962 2233; x_wconf 91' lang='lat' dir='ltr'><strong>in</strong></span> <span class='ocrx_word' id='word_1_177' title='bbox 2007 2179 2230 2234; x_wconf 88' lang='lat' dir='ltr'><strong>tribula-</strong></span> 
     </span>
    </p>
   </div>
   <div class='ocr_carea' id='block_1_25' title="bbox 668 2264 2231 2343">
    <p class='ocr_par' dir='ltr' id='par_1_25' title="bbox 668 2264 2231 2343">
     <span class='ocr_line' id='line_1_25' title="bbox 668 2264 2231 2343; baseline -0.003 -12"><span class='ocrx_word' id='word_1_178' title='bbox 668 2264 812 2331; x_wconf 86' lang='lat' dir='ltr'><strong>tione</strong></span> <span class='ocrx_word' id='word_1_179' title='bbox 836 2274 1111 2339; x_wconf 84' lang='lat' dir='ltr'><strong>auxilium,</strong></span> <span class='ocrx_word' id='word_1_180' title='bbox 1144 2275 1195 2327; x_wconf 91' lang='lat' dir='ltr'><strong>in</strong></span> <span class='ocrx_word' id='word_1_181' title='bbox 1223 2273 1594 2343; x_wconf 88' lang='lat' dir='ltr'><strong>persecutione</strong></span> <span class='ocrx_word' id='word_1_182' title='bbox 1622 2271 1888 2334; x_wconf 88' lang='lat' dir='ltr'><strong>solatium,</strong></span> <span class='ocrx_word' id='word_1_183' title='bbox 1916 2266 1967 2326; x_wconf 65' lang='lat' dir='ltr'><strong>e&#39;t</strong></span> <span class='ocrx_word' id='word_1_184' title='bbox 1992 2272 2044 2327; x_wconf 90' lang='lat' dir='ltr'><strong>iu</strong></span> <span class='ocrx_word' id='word_1_185' title='bbox 2085 2272 2231 2328; x_wconf 89' lang='lat' dir='ltr'><strong>omni</strong></span> 
     </span>
    </p>
   </div>
   <div class='ocr_carea' id='block_1_26' title="bbox 661 2358 1947 2445">
    <p class='ocr_par' dir='ltr' id='par_1_26' title="bbox 661 2358 1947 2445">
     <span class='ocr_line' id='line_1_26' title="bbox 661 2358 1947 2445; baseline -0.005 -22"><span class='ocrx_word' id='word_1_186' title='bbox 661 2366 901 2437; x_wconf 81' lang='lat' dir='ltr'><strong>tempore</strong></span> <span class='ocrx_word' id='word_1_187' title='bbox 926 2366 1232 2422; x_wconf 82' lang='lat' dir='ltr'><strong>tentationis</strong></span> <span class='ocrx_word' id='word_1_188' title='bbox 1260 2358 1533 2419; x_wconf 83' lang='lat' dir='ltr'><strong>virtutem.</strong></span> <span class='ocrx_word' id='word_1_189' title='bbox 1846 2442 1852 2445; x_wconf 71' lang='lat'>_</span> <span class='ocrx_word' id='word_1_190' title='bbox 1942 2440 1947 2445; x_wconf 18' lang='grc' dir='ltr'>γ</span> 
     </span>
    </p>
   </div>
   <div class='ocr_carea' id='block_1_27' title="bbox 734 2442 2234 2527">
    <p class='ocr_par' dir='ltr' id='par_1_27' title="bbox 734 2442 2234 2527">
     <span class='ocr_line' id='line_1_27' title="bbox 734 2442 2234 2527; baseline -0.002 -13"><span class='ocrx_word' id='word_1_191' title='bbox 734 2454 957 2514; x_wconf 83' lang='lat' dir='ltr'><strong>Domine</strong></span> <span class='ocrx_word' id='word_1_192' title='bbox 984 2466 1188 2523; x_wconf 83' lang='lat' dir='ltr'><strong>san‘cte,</strong></span> <span class='ocrx_word' id='word_1_193' title='bbox 1213 2456 1450 2526; x_wconf 90' lang='lat' dir='ltr'><strong>piissime</strong></span> <span class='ocrx_word' id='word_1_194' title='bbox 1480 2454 1658 2520; x_wconf 85' lang='lat' dir='ltr'><strong>Pater,</strong></span> <span class='ocrx_word' id='word_1_195' title='bbox 1686 2455 1749 2509; x_wconf 93' lang='lat' dir='ltr'><strong>da</strong></span> <span class='ocrx_word' id='word_1_196' title='bbox 1775 2442 1901 2510; x_wconf 83' lang='lat' dir='ltr'><strong>mihi</strong></span> <span class='ocrx_word' id='word_1_197' title='bbox 1928 2442 1991 2511; x_wconf 87' lang='lat' dir='ltr'><strong>de</strong></span> <span class='ocrx_word' id='word_1_198' title='bbox 2013 2466 2234 2527; x_wconf 65' lang='lat' dir='ltr'><strong>praetcr-</strong></span> 
     </span>
    </p>
   </div>
   <div class='ocr_carea' id='block_1_28' title="bbox 662 2540 2231 2617">
    <p class='ocr_par' dir='ltr' id='par_1_28' title="bbox 662 2540 2231 2617">
     <span class='ocr_line' id='line_1_28' title="bbox 662 2540 2231 2617; baseline -0.006 -11"><span class='ocrx_word' id='word_1_199' title='bbox 662 2551 753 2606; x_wconf 90' lang='lat' dir='ltr'><strong>itis</strong></span> <span class='ocrx_word' id='word_1_200' title='bbox 798 2540 1009 2604; x_wconf 84' lang='lat' dir='ltr'><strong>delictis</strong></span> <span class='ocrx_word' id='word_1_201' title='bbox 1043 2549 1277 2612; x_wconf 89' lang='lat' dir='ltr'><strong>veniam,</strong></span> <span class='ocrx_word' id='word_1_202' title='bbox 1300 2548 1367 2602; x_wconf 90' lang='lat' dir='ltr'><strong>de</strong></span> <span class='ocrx_word' id='word_1_203' title='bbox 1396 2549 1749 2617; x_wconf 55' lang='lat' dir='ltr'><strong>praesentibus</strong></span> <span class='ocrx_word' id='word_1_204' title='bbox 1778 2547 2231 2613; x_wconf 85' lang='lat' dir='ltr'><strong>emendationem,</strong></span> 
     </span>
    </p>
   </div>
   <div class='ocr_carea' id='block_1_29' title="bbox 661 2637 2233 2708">
    <p class='ocr_par' dir='ltr' id='par_1_29' title="bbox 661 2637 2233 2708">
     <span class='ocr_line' id='line_1_29' title="bbox 661 2637 2233 2708; baseline -0.003 -13"><span class='ocrx_word' id='word_1_205' title='bbox 661 2641 727 2695; x_wconf 90' lang='lat' dir='ltr'><strong>de</strong></span> <span class='ocrx_word' id='word_1_206' title='bbox 758 2639 952 2694; x_wconf 90' lang='lat' dir='ltr'><strong>futuris</strong></span> <span class='ocrx_word' id='word_1_207' title='bbox 978 2638 1175 2708; x_wconf 77' lang='lat' dir='ltr'><strong>largire</strong></span> <span class='ocrx_word' id='word_1_208' title='bbox 1196 2638 1516 2700; x_wconf 88' lang='lat' dir='ltr'><strong>custodiam,</strong></span> <span class='ocrx_word' id='word_1_209' title='bbox 1565 2638 1692 2706; x_wconf 91' lang='lat' dir='ltr'><strong>quia</strong></span> <span class='ocrx_word' id='word_1_210' title='bbox 1722 2637 1921 2691; x_wconf 86' lang='lat' dir='ltr'><strong>malum</strong></span> <span class='ocrx_word' id='word_1_211' title='bbox 1962 2638 2233 2693; x_wconf 87' lang='lat' dir='ltr'><strong>dimittere</strong></span> 
     </span>
    </p>
   </div>
   <div class='ocr_carea' id='block_1_30' title="bbox 662 2725 2231 2800">
    <p class='ocr_par' dir='ltr' id='par_1_30' title="bbox 662 2725 2231 2800">
     <span class='ocr_line' id='line_1_30' title="bbox 662 2725 2231 2800; baseline -0.003 -16"><span class='ocrx_word' id='word_1_212' title='bbox 662 2746 768 2785; x_wconf 91' lang='lat' dir='ltr'><strong>non</strong></span> <span class='ocrx_word' id='word_1_213' title='bbox 796 2744 1037 2800; x_wconf 90' lang='lat' dir='ltr'><strong>possum,</strong></span> <span class='ocrx_word' id='word_1_214' title='bbox 1070 2742 1170 2783; x_wconf 90' lang='lat' dir='ltr'><strong>nec</strong></span> <span class='ocrx_word' id='word_1_215' title='bbox 1192 2728 1390 2782; x_wconf 89' lang='lat' dir='ltr'><strong>bonum</strong></span> <span class='ocrx_word' id='word_1_216' title='bbox 1423 2725 1621 2791; x_wconf 84' lang='lat' dir='ltr'><strong>facere,</strong></span> <span class='ocrx_word' id='word_1_217' title='bbox 1666 2727 1767 2782; x_wconf 89' lang='lat' dir='ltr'><strong>nisi</strong></span> <span class='ocrx_word' id='word_1_218' title='bbox 1794 2736 2075 2781; x_wconf 88' lang='lat' dir='ltr'><strong>succurrat</strong></span> <span class='ocrx_word' id='word_1_219' title='bbox 2102 2727 2231 2781; x_wconf 88' lang='lat' dir='ltr'><strong>mihi</strong></span> 
     </span>
    </p>
   </div>
   <div class='ocr_carea' id='block_1_31' title="bbox 665 2814 2236 2889">
    <p class='ocr_par' dir='ltr' id='par_1_31' title="bbox 665 2814 2236 2889">
     <span class='ocr_line' id='line_1_31' title="bbox 665 2814 2236 2889; baseline -0.003 -14"><span class='ocrx_word' id='word_1_220' title='bbox 665 2814 1034 2876; x_wconf 83' lang='lat' dir='ltr'><strong>misericordia</strong></span> <span class='ocrx_word' id='word_1_221' title='bbox 1072 2828 1163 2873; x_wconf 82' lang='lat' dir='ltr'><strong>tua</strong></span> <span class='ocrx_word' id='word_1_222' title='bbox 1191 2816 1405 2888; x_wconf 84' lang='lat' dir='ltr'><strong>magna,</strong></span> <span class='ocrx_word' id='word_1_223' title='bbox 1437 2827 1493 2871; x_wconf 92' lang='lat' dir='ltr'><strong>ut</strong></span> <span class='ocrx_word' id='word_1_224' title='bbox 1520 2826 1577 2872; x_wconf 86' lang='lat' dir='ltr'><strong>1e</strong></span> <span class='ocrx_word' id='word_1_225' title='bbox 1602 2833 1813 2872; x_wconf 87' lang='lat' dir='ltr'><strong>merear</strong></span> <span class='ocrx_word' id='word_1_226' title='bbox 1833 2833 2155 2889; x_wconf 86' lang='lat' dir='ltr'><strong>cognoscere</strong></span> <span class='ocrx_word' id='word_1_227' title='bbox 2180 2824 2236 2871; x_wconf 88' lang='lat' dir='ltr'><strong>et</strong></span> 
     </span>
    </p>
   </div>
   <div class='ocr_carea' id='block_1_32' title="bbox 664 2900 2235 2975">
    <p class='ocr_par' dir='ltr' id='par_1_32' title="bbox 664 2900 2235 2975">
     <span class='ocr_line' id='line_1_32' title="bbox 664 2900 2235 2975; baseline -0.003 -11"><span class='ocrx_word' id='word_1_228' title='bbox 664 2911 879 2975; x_wconf 87' lang='lat' dir='ltr'><strong>timere,</strong></span> <span class='ocrx_word' id='word_1_229' title='bbox 904 2919 957 2964; x_wconf 92' lang='lat' dir='ltr'><strong>et</strong></span> <span class='ocrx_word' id='word_1_230' title='bbox 981 2910 1162 2963; x_wconf 84' lang='lat' dir='ltr'><strong>amare</strong></span> <span class='ocrx_word' id='word_1_231' title='bbox 1192 2921 1254 2961; x_wconf 80' lang='lat' dir='ltr'><strong>ex</strong></span> <span class='ocrx_word' id='word_1_232' title='bbox 1282 2917 1392 2963; x_wconf 93' lang='lat' dir='ltr'><strong>toto</strong></span> <span class='ocrx_word' id='word_1_233' title='bbox 1417 2908 1577 2962; x_wconf 74' lang='lat' dir='ltr'><strong>corde</strong></span> <span class='ocrx_word' id='word_1_234' title='bbox 1608 2907 1829 2962; x_wconf 88' lang='lat' dir='ltr'><strong>Domine</strong></span> <span class='ocrx_word' id='word_1_235' title='bbox 1864 2900 1987 2961; x_wconf 81' lang='lat' dir='ltr'><strong>Jcsu</strong></span> <span class='ocrx_word' id='word_1_236' title='bbox 2021 2900 2235 2962; x_wconf 81' lang='lat' dir='ltr'><strong>Christe</strong></span> 
     </span>
    </p>
   </div>
   <div class='ocr_carea' id='block_1_33' title="bbox 666 2988 2235 3071">
    <p class='ocr_par' dir='ltr' id='par_1_33' title="bbox 666 2988 2235 3071">
     <span class='ocr_line' id='line_1_33' title="bbox 666 2988 2235 3071; baseline -0.001 -16"><span class='ocrx_word' id='word_1_237' title='bbox 666 3001 974 3070; x_wconf 83' lang='lat' dir='ltr'><strong>redemptor</strong></span> <span class='ocrx_word' id='word_1_238' title='bbox 1019 3000 1256 3055; x_wconf 90' lang='lat' dir='ltr'><strong>omnium</strong></span> <span class='ocrx_word' id='word_1_239' title='bbox 1275 3039 1290 3067; x_wconf 93' lang='lat'><strong>,</strong></span> <span class='ocrx_word' id='word_1_240' title='bbox 1321 3000 1413 3070; x_wconf 90' lang='lat' dir='ltr'><strong>qui</strong></span> <span class='ocrx_word' id='word_1_241' title='bbox 1442 3015 1501 3055; x_wconf 87' lang='lat' dir='ltr'><strong>es</strong></span> <span class='ocrx_word' id='word_1_242' title='bbox 1529 2988 1792 3071; x_wconf 82' lang='lat' dir='ltr'><strong>refugium</strong></span> <span class='ocrx_word' id='word_1_243' title='bbox 1820 2993 2131 3068; x_wconf 85' lang='lat' dir='ltr'><strong>pauperum,</strong></span> <span class='ocrx_word' id='word_1_244' title='bbox 2180 3008 2235 3054; x_wconf 88' lang='lat' dir='ltr'><strong>et</strong></span> 
     </span>
    </p>
   </div>
   <div class='ocr_carea' id='block_1_34' title="bbox 2327 462 3816 535">
    <p class='ocr_par' dir='ltr' id='par_1_34' title="bbox 2327 462 3816 535">
     <span class='ocr_line' id='line_1_34' title="bbox 2327 462 3816 535; baseline 0.009 -19"><span class='ocrx_word' id='word_1_245' title='bbox 2327 462 2463 517; x_wconf 88' lang='lat' dir='ltr'><strong>siliis</strong></span> <span class='ocrx_word' id='word_1_246' title='bbox 2517 463 2820 520; x_wconf 88' lang='lat' dir='ltr'><strong>adversitas</strong></span> <span class='ocrx_word' id='word_1_247' title='bbox 2875 464 3096 535; x_wconf 86' lang='lat' dir='ltr'><strong>alligat,</strong></span> <span class='ocrx_word' id='word_1_248' title='bbox 3153 467 3293 534; x_wconf 89' lang='lat' dir='ltr'><strong>quod</strong></span> <span class='ocrx_word' id='word_1_249' title='bbox 3340 482 3410 521; x_wconf 81' lang='lat' dir='ltr'><strong>ex</strong></span> <span class='ocrx_word' id='word_1_250' title='bbox 3465 466 3654 535; x_wconf 88' lang='lat' dir='ltr'><strong>judicio</strong></span> <span class='ocrx_word' id='word_1_251' title='bbox 3690 471 3816 530; x_wconf 81' lang='lat' dir='ltr'><strong>immi-</strong></span> 
     </span>
    </p>
   </div>
   <div class='ocr_carea' id='block_1_35' title="bbox 2327 550 3818 627">
    <p class='ocr_par' dir='ltr' id='par_1_35' title="bbox 2327 550 3818 627">
     <span class='ocr_line' id='line_1_35' title="bbox 2327 550 3818 627; baseline 0.008 -24"><span class='ocrx_word' id='word_1_252' title='bbox 2327 559 2438 616; x_wconf 88' lang='lat' dir='ltr'><strong>net,</strong></span> <span class='ocrx_word' id='word_1_253' title='bbox 2469 550 2611 620; x_wconf 87' lang='lat' dir='ltr'><strong>quod</strong></span> <span class='ocrx_word' id='word_1_254' title='bbox 2646 567 2713 607; x_wconf 86' lang='lat' dir='ltr'><strong>ex</strong></span> <span class='ocrx_word' id='word_1_255' title='bbox 2752 551 3017 607; x_wconf 87' lang='lat' dir='ltr'><strong>sententia</strong></span> <span class='ocrx_word' id='word_1_256' title='bbox 3048 553 3273 622; x_wconf 84' lang='lat' dir='ltr'><strong>pendet,</strong></span> <span class='ocrx_word' id='word_1_257' title='bbox 3318 554 3461 623; x_wconf 87' lang='lat' dir='ltr'><strong>quod</strong></span> <span class='ocrx_word' id='word_1_258' title='bbox 3501 558 3818 627; x_wconf 78' lang='lat' dir='ltr'><strong>conspiratione</strong></span> 
     </span>
    </p>
   </div>
   <div class='ocr_carea' id='block_1_36' title="bbox 2326 646 3820 722">
    <p class='ocr_par' dir='ltr' id='par_1_36' title="bbox 2326 646 3820 722">
     <span class='ocr_line' id='line_1_36' title="bbox 2326 646 3820 722; baseline 0.007 -23"><span class='ocrx_word' id='word_1_259' title='bbox 2326 646 2687 711; x_wconf 89' lang='lat' dir='ltr'><strong>machinatur,</strong></span> <span class='ocrx_word' id='word_1_260' title='bbox 2733 649 2875 718; x_wconf 87' lang='lat' dir='ltr'><strong>quod</strong></span> <span class='ocrx_word' id='word_1_261' title='bbox 2935 650 3279 704; x_wconf 88' lang='lat' dir='ltr'><strong>accusatione</strong></span> <span class='ocrx_word' id='word_1_262' title='bbox 3324 649 3680 721; x_wconf 86' lang='lat' dir='ltr'><strong>confringitur,</strong></span> <span class='ocrx_word' id='word_1_263' title='bbox 3720 659 3820 722; x_wconf 82' lang='lat' dir='ltr'><strong>quod</strong></span> 
     </span>
    </p>
   </div>
   <div class='ocr_carea' id='block_1_37' title="bbox 2324 738 3822 812">
    <p class='ocr_par' dir='ltr' id='par_1_37' title="bbox 2324 738 3822 812">
     <span class='ocr_line' id='line_1_37' title="bbox 2324 738 3822 812; baseline 0.009 -22"><span class='ocrx_word' id='word_1_264' title='bbox 2324 738 2554 807; x_wconf 63' lang='lat' dir='ltr'><strong>preprite</strong></span> <span class='ocrx_word' id='word_1_265' title='bbox 2581 748 2858 793; x_wconf 89' lang='lat' dir='ltr'><strong>merentur</strong></span> <span class='ocrx_word' id='word_1_266' title='bbox 2894 740 3204 810; x_wconf 89' lang='lat' dir='ltr'><strong>iniquitates</strong></span> <span class='ocrx_word' id='word_1_267' title='bbox 3225 780 3241 805; x_wconf 95' lang='lat'><strong>,</strong></span> <span class='ocrx_word' id='word_1_268' title='bbox 3275 742 3419 812; x_wconf 85' lang='lat' dir='ltr'><strong>quod</strong></span> <span class='ocrx_word' id='word_1_269' title='bbox 3446 742 3624 798; x_wconf 86' lang='lat' dir='ltr'><strong>alienis</strong></span> <span class='ocrx_word' id='word_1_270' title='bbox 3653 744 3822 803; x_wconf 73' lang='lat' dir='ltr'><strong>ﬁctioni-</strong></span> 
     </span>
    </p>
   </div>
   <div class='ocr_carea' id='block_1_38' title="bbox 2327 826 3822 901">
    <p class='ocr_par' dir='ltr' id='par_1_38' title="bbox 2327 826 3822 901">
     <span class='ocr_line' id='line_1_38' title="bbox 2327 826 3822 901; baseline 0.008 -23"><span class='ocrx_word' id='word_1_271' title='bbox 2327 826 2427 879; x_wconf 85' lang='lat' dir='ltr'><strong>bus</strong></span> <span class='ocrx_word' id='word_1_272' title='bbox 2451 826 2751 897; x_wconf 80' lang='lat' dir='ltr'><strong>alligamur,</strong></span> <span class='ocrx_word' id='word_1_273' title='bbox 2782 829 2923 897; x_wconf 88' lang='lat' dir='ltr'><strong>quod</strong></span> <span class='ocrx_word' id='word_1_274' title='bbox 2970 830 3234 898; x_wconf 89' lang='lat' dir='ltr'><strong>pressuris</strong></span> <span class='ocrx_word' id='word_1_275' title='bbox 3270 829 3570 898; x_wconf 82' lang='lat' dir='ltr'><strong>dejicimur,</strong></span> <span class='ocrx_word' id='word_1_276' title='bbox 3594 836 3716 901; x_wconf 87' lang='lat' dir='ltr'><strong>quod</strong></span> <span class='ocrx_word' id='word_1_277' title='bbox 3737 851 3822 890; x_wconf 81' lang='lat' dir='ltr'><strong>cru-</strong></span> 
     </span>
    </p>
   </div>
   <div class='ocr_carea' id='block_1_39' title="bbox 2327 915 3821 989">
    <p class='ocr_par' dir='ltr' id='par_1_39' title="bbox 2327 915 3821 989">
     <span class='ocr_line' id='line_1_39' title="bbox 2327 915 3821 989; baseline 0.007 -21"><span class='ocrx_word' id='word_1_278' title='bbox 2327 915 2555 969; x_wconf 86' lang='lat' dir='ltr'><strong>ciatibus</strong></span> <span class='ocrx_word' id='word_1_279' title='bbox 2579 916 2892 985; x_wconf 87' lang='lat' dir='ltr'><strong>premimur,</strong></span> <span class='ocrx_word' id='word_1_280' title='bbox 2919 917 3059 985; x_wconf 87' lang='lat' dir='ltr'><strong>quod</strong></span> <span class='ocrx_word' id='word_1_281' title='bbox 3086 919 3345 988; x_wconf 85' lang='lat' dir='ltr'><strong>angustiis</strong></span> <span class='ocrx_word' id='word_1_282' title='bbox 3371 920 3733 989; x_wconf 87' lang='lat' dir='ltr'><strong>angustiamur,</strong></span> <span class='ocrx_word' id='word_1_283' title='bbox 3749 942 3821 980; x_wconf 80' lang='lat' dir='ltr'><strong>non</strong></span> 
     </span>
    </p>
   </div>
   <div class='ocr_carea' id='block_1_40' title="bbox 2321 1002 3823 1075">
    <p class='ocr_par' dir='ltr' id='par_1_40' title="bbox 2321 1002 3823 1075">
     <span class='ocr_line' id='line_1_40' title="bbox 2321 1002 3823 1075; baseline 0.007 -21"><span class='ocrx_word' id='word_1_284' title='bbox 2321 1002 2587 1072; x_wconf 86' lang='lat' dir='ltr'><strong>justitiam</strong></span> <span class='ocrx_word' id='word_1_285' title='bbox 2620 1011 2791 1069; x_wconf 89' lang='lat' dir='ltr'><strong>tuam,</strong></span> <span class='ocrx_word' id='word_1_286' title='bbox 2824 1020 3130 1073; x_wconf 68' lang='lat' dir='ltr'><strong>quaesumus</strong></span> <span class='ocrx_word' id='word_1_287' title='bbox 3155 1007 3377 1061; x_wconf 89' lang='lat' dir='ltr'><strong>Domine</strong></span> <span class='ocrx_word' id='word_1_288' title='bbox 3413 1007 3467 1061; x_wconf 86' lang='lat' dir='ltr'><strong>in</strong></span> <span class='ocrx_word' id='word_1_289' title='bbox 3498 1006 3823 1075; x_wconf 80' lang='lat' dir='ltr'><strong>injustitiisno-</strong></span> 
     </span>
    </p>
   </div>
   <div class='ocr_carea' id='block_1_41' title="bbox 2329 1082 3824 1168">
    <p class='ocr_par' dir='ltr' id='par_1_41' title="bbox 2329 1082 3824 1168">
     <span class='ocr_line' id='line_1_41' title="bbox 2329 1082 3824 1168; baseline 0.004 -19"><span class='ocrx_word' id='word_1_290' title='bbox 2329 1082 2457 1149; x_wconf 81' lang='lat' dir='ltr'><strong>stris</strong></span> <span class='ocrx_word' id='word_1_291' title='bbox 2480 1109 2758 1160; x_wconf 78' lang='lat' dir='ltr'><strong>exerceas,</strong></span> <span class='ocrx_word' id='word_1_292' title='bbox 2782 1096 2874 1149; x_wconf 90' lang='lat' dir='ltr'><strong>sed</strong></span> <span class='ocrx_word' id='word_1_293' title='bbox 2902 1097 3083 1165; x_wconf 89' lang='lat' dir='ltr'><strong>potius</strong></span> <span class='ocrx_word' id='word_1_294' title='bbox 3110 1096 3365 1167; x_wconf 89' lang='lat' dir='ltr'><strong>pietatem</strong></span> <span class='ocrx_word' id='word_1_295' title='bbox 3402 1094 3545 1151; x_wconf 82' lang='lat' dir='ltr'><strong>tuam</strong></span> <span class='ocrx_word' id='word_1_296' title='bbox 3572 1098 3619 1152; x_wconf 91' lang='lat' dir='ltr'><strong>in</strong></span> <span class='ocrx_word' id='word_1_297' title='bbox 3640 1098 3824 1168; x_wconf 78' lang='lat' dir='ltr'><strong>iniquita-</strong></span> 
     </span>
    </p>
   </div>
   <div class='ocr_carea' id='block_1_42' title="bbox 2327 1187 3825 1259">
    <p class='ocr_par' dir='ltr' id='par_1_42' title="bbox 2327 1187 3825 1259">
     <span class='ocr_line' id='line_1_42' title="bbox 2327 1187 3825 1259; baseline 0.005 -20"><span class='ocrx_word' id='word_1_298' title='bbox 2327 1187 2469 1241; x_wconf 82' lang='lat' dir='ltr'><strong>tibus</strong></span> <span class='ocrx_word' id='word_1_299' title='bbox 2523 1187 2720 1241; x_wconf 85' lang='lat' dir='ltr'><strong>nostris</strong></span> <span class='ocrx_word' id='word_1_300' title='bbox 2774 1187 3087 1254; x_wconf 88' lang='lat' dir='ltr'><strong>manifesta;</strong></span> <span class='ocrx_word' id='word_1_301' title='bbox 3143 1203 3245 1243; x_wconf 86' lang='lat' dir='ltr'><strong>non</strong></span> <span class='ocrx_word' id='word_1_302' title='bbox 3285 1204 3386 1244; x_wconf 87' lang='lat' dir='ltr'><strong>nos</strong></span> <span class='ocrx_word' id='word_1_303' title='bbox 3441 1189 3494 1243; x_wconf 89' lang='lat' dir='ltr'><strong>in</strong></span> <span class='ocrx_word' id='word_1_304' title='bbox 3528 1193 3825 1259; x_wconf 74' lang='lat' dir='ltr'><strong>persecutione</strong></span> 
     </span>
    </p>
   </div>
   <div class='ocr_carea' id='block_1_43' title="bbox 2328 1276 3825 1353">
    <p class='ocr_par' dir='ltr' id='par_1_43' title="bbox 2328 1276 3825 1353">
     <span class='ocr_line' id='line_1_43' title="bbox 2328 1276 3825 1353; baseline 0.003 -23"><span class='ocrx_word' id='word_1_305' title='bbox 2328 1276 2566 1346; x_wconf 84' lang='lat' dir='ltr'><strong>dejicias,</strong></span> <span class='ocrx_word' id='word_1_306' title='bbox 2594 1291 2700 1330; x_wconf 90' lang='lat' dir='ltr'><strong>non</strong></span> <span class='ocrx_word' id='word_1_307' title='bbox 2724 1291 2822 1347; x_wconf 91' lang='lat' dir='ltr'><strong>per</strong></span> <span class='ocrx_word' id='word_1_308' title='bbox 2850 1277 3247 1332; x_wconf 87' lang='lat' dir='ltr'><strong>intolerantiam</strong></span> <span class='ocrx_word' id='word_1_309' title='bbox 3266 1278 3485 1353; x_wconf 79' lang='lat' dir='ltr'><strong>perdas,</strong></span> <span class='ocrx_word' id='word_1_310' title='bbox 3506 1279 3595 1334; x_wconf 86' lang='lat' dir='ltr'><strong>sed</strong></span> <span class='ocrx_word' id='word_1_311' title='bbox 3614 1296 3697 1348; x_wconf 87' lang='lat' dir='ltr'><strong>per</strong></span> <span class='ocrx_word' id='word_1_312' title='bbox 3711 1284 3825 1335; x_wconf 62' lang='lat' dir='ltr'><strong>tribe</strong></span> 
     </span>
    </p>
   </div>
   <div class='ocr_carea' id='block_1_44' title="bbox 2329 1365 3824 1442">
    <p class='ocr_par' dir='ltr' id='par_1_44' title="bbox 2329 1365 3824 1442">
     <span class='ocr_line' id='line_1_44' title="bbox 2329 1365 3824 1442; baseline 0.005 -22"><span class='ocrx_word' id='word_1_313' title='bbox 2329 1365 2579 1442; x_wconf 81' lang='lat' dir='ltr'><strong>lationcm</strong></span> <span class='ocrx_word' id='word_1_314' title='bbox 2609 1383 2823 1435; x_wconf 77' lang='lat' dir='ltr'><strong>exerce,</strong></span> <span class='ocrx_word' id='word_1_315' title='bbox 2853 1384 2947 1440; x_wconf 88' lang='lat' dir='ltr'><strong>per</strong></span> <span class='ocrx_word' id='word_1_316' title='bbox 2967 1371 3217 1439; x_wconf 78' lang='lat' dir='ltr'><strong>pietatem</strong></span> <span class='ocrx_word' id='word_1_317' title='bbox 3245 1370 3452 1434; x_wconf 88' lang='lat' dir='ltr'><strong>attolle,</strong></span> <span class='ocrx_word' id='word_1_318' title='bbox 3483 1385 3576 1439; x_wconf 90' lang='lat' dir='ltr'><strong>per</strong></span> <span class='ocrx_word' id='word_1_319' title='bbox 3597 1372 3824 1428; x_wconf 74' lang='lat' dir='ltr'><strong>misericor-</strong></span> 
     </span>
    </p>
   </div>
   <div class='ocr_carea' id='block_1_45' title="bbox 2329 1456 3825 1535">
    <p class='ocr_par' dir='ltr' id='par_1_45' title="bbox 2329 1456 3825 1535">
     <span class='ocr_line' id='line_1_45' title="bbox 2329 1456 3825 1535; baseline 0.006 -27"><span class='ocrx_word' id='word_1_320' title='bbox 2329 1456 2469 1509; x_wconf 89' lang='lat' dir='ltr'><strong>diam</strong></span> <span class='ocrx_word' id='word_1_321' title='bbox 2503 1473 2658 1527; x_wconf 87' lang='lat' dir='ltr'><strong>rege,</strong></span> <span class='ocrx_word' id='word_1_322' title='bbox 2689 1472 2796 1526; x_wconf 89' lang='lat' dir='ltr'><strong>quo</strong></span> <span class='ocrx_word' id='word_1_323' title='bbox 2829 1466 2879 1513; x_wconf 93' lang='lat' dir='ltr'><strong>te</strong></span> <span class='ocrx_word' id='word_1_324' title='bbox 2903 1467 3216 1528; x_wconf 82' lang='lat' dir='ltr'><strong>protegente</strong></span> <span class='ocrx_word' id='word_1_325' title='bbox 3251 1459 3319 1513; x_wconf 91' lang='lat' dir='ltr'><strong>ab</strong></span> <span class='ocrx_word' id='word_1_326' title='bbox 3348 1459 3825 1535; x_wconf 63' lang='lat' dir='ltr'><strong>inimicorumjaculs</strong></span> 
     </span>
    </p>
   </div>
   <div class='ocr_carea' id='block_1_46' title="bbox 2330 1547 3825 1627">
    <p class='ocr_par' dir='ltr' id='par_1_46' title="bbox 2330 1547 3825 1627">
     <span class='ocr_line' id='line_1_46' title="bbox 2330 1547 3825 1627; baseline 0.005 -27"><span class='ocrx_word' id='word_1_327' title='bbox 2330 1547 2429 1600; x_wconf 91' lang='lat' dir='ltr'><strong>tuti</strong></span> <span class='ocrx_word' id='word_1_328' title='bbox 2460 1587 2475 1611; x_wconf 90' lang='lat'><strong>,</strong></span> <span class='ocrx_word' id='word_1_329' title='bbox 2510 1562 2539 1600; x_wconf 89' lang='lat' dir='ltr'><strong>a</strong></span> <span class='ocrx_word' id='word_1_330' title='bbox 2569 1548 2816 1616; x_wconf 68' lang='lat' dir='ltr'><strong>praesenti</strong></span> <span class='ocrx_word' id='word_1_331' title='bbox 2870 1548 3210 1627; x_wconf 84' lang='lat' dir='ltr'><strong>tribulatione</strong></span> <span class='ocrx_word' id='word_1_332' title='bbox 3249 1550 3509 1620; x_wconf 77' lang='lat' dir='ltr'><strong>exempti,</strong></span> <span class='ocrx_word' id='word_1_333' title='bbox 3544 1559 3592 1606; x_wconf 90' lang='lat' dir='ltr'><strong>te</strong></span> <span class='ocrx_word' id='word_1_334' title='bbox 3614 1551 3825 1608; x_wconf 84' lang='lat' dir='ltr'><strong>Dominum</strong></span> 
     </span>
    </p>
   </div>
   <div class='ocr_carea' id='block_1_47' title="bbox 2334 1636 3825 1709">
    <p class='ocr_par' dir='ltr' id='par_1_47' title="bbox 2334 1636 3825 1709">
     <span class='ocr_line' id='line_1_47' title="bbox 2334 1636 3825 1709; baseline 0.006 -20"><span class='ocrx_word' id='word_1_335' title='bbox 2334 1636 2515 1691; x_wconf 84' lang='lat' dir='ltr'><strong>vivum</strong></span> <span class='ocrx_word' id='word_1_336' title='bbox 2544 1637 2596 1691; x_wconf 93' lang='lat' dir='ltr'><strong>in</strong></span> <span class='ocrx_word' id='word_1_337' title='bbox 2623 1636 2886 1692; x_wconf 89' lang='lat' dir='ltr'><strong>Trinitale</strong></span> <span class='ocrx_word' id='word_1_338' title='bbox 2914 1653 3150 1693; x_wconf 86' lang='lat' dir='ltr'><strong>consona</strong></span> <span class='ocrx_word' id='word_1_339' title='bbox 3176 1639 3460 1696; x_wconf 86' lang='lat' dir='ltr'><strong>laudemus</strong></span> <span class='ocrx_word' id='word_1_340' title='bbox 3487 1656 3629 1696; x_wconf 85' lang='lat' dir='ltr'><strong>voce.</strong></span> <span class='ocrx_word' id='word_1_341' title='bbox 3647 1642 3727 1709; x_wconf 87' lang='lat' dir='ltr'><strong>Qui</strong></span> <span class='ocrx_word' id='word_1_342' title='bbox 3747 1659 3825 1697; x_wconf 74' lang='lat' dir='ltr'><strong>cum</strong></span> 
     </span>
    </p>
   </div>
   <div class='ocr_carea' id='block_1_48' title="bbox 2257 1710 3828 1807">
    <p class='ocr_par' dir='ltr' id='par_1_48' title="bbox 2257 1710 3828 1807">
     <span class='ocr_line' id='line_1_48' title="bbox 2257 1710 3828 1807; baseline 0.004 -24"><span class='ocrx_word' id='word_1_343' title='bbox 2257 1732 2304 1791; x_wconf 85' lang='grc' dir='ltr'><strong>Β</strong></span> <span class='ocrx_word' id='word_1_344' title='bbox 2334 1726 2620 1797; x_wconf 88' lang='lat' dir='ltr'><strong>Unigenito</strong></span> <span class='ocrx_word' id='word_1_345' title='bbox 2676 1710 2785 1784; x_wconf 87' lang='lat' dir='ltr'><strong>ﬁlio</strong></span> <span class='ocrx_word' id='word_1_346' title='bbox 2852 1739 2977 1793; x_wconf 87' lang='lat' dir='ltr'><strong>tuo,</strong></span> <span class='ocrx_word' id='word_1_347' title='bbox 3029 1741 3324 1807; x_wconf 85' lang='lat' dir='ltr'><strong>sanctoque</strong></span> <span class='ocrx_word' id='word_1_348' title='bbox 3385 1732 3644 1789; x_wconf 79' lang='lat' dir='ltr'><strong>Paraclito</strong></span> <span class='ocrx_word' id='word_1_349' title='bbox 3686 1733 3828 1804; x_wconf 75' lang='lat' dir='ltr'><strong>Spiritu</strong></span> 
     </span>
    </p>
   </div>
   <div class='ocr_carea' id='block_1_49' title="bbox 2333 1818 3827 1891">
    <p class='ocr_par' dir='ltr' id='par_1_49' title="bbox 2333 1818 3827 1891">
     <span class='ocr_line' id='line_1_49' title="bbox 2333 1818 3827 1891; baseline 0.005 -20"><span class='ocrx_word' id='word_1_350' title='bbox 2333 1818 2508 1884; x_wconf 87' lang='lat' dir='ltr'><strong>vivis,</strong></span> <span class='ocrx_word' id='word_1_351' title='bbox 2567 1827 2621 1874; x_wconf 88' lang='lat' dir='ltr'><strong>et</strong></span> <span class='ocrx_word' id='word_1_352' title='bbox 2668 1834 2859 1890; x_wconf 85' lang='lat' dir='ltr'><strong>regnas</strong></span> <span class='ocrx_word' id='word_1_353' title='bbox 2910 1835 3008 1891; x_wconf 87' lang='lat' dir='ltr'><strong>per</strong></span> <span class='ocrx_word' id='word_1_354' title='bbox 3066 1820 3273 1876; x_wconf 86' lang='lat' dir='ltr'><strong>inﬁnita</strong></span> <span class='ocrx_word' id='word_1_355' title='bbox 3333 1822 3517 1878; x_wconf 89' lang='lat' dir='ltr'><strong>secula</strong></span> <span class='ocrx_word' id='word_1_356' title='bbox 3579 1824 3827 1880; x_wconf 71' lang='lat' dir='ltr'><strong>seculorum.</strong></span> 
     </span>
    </p>
   </div>
   <div class='ocr_carea' id='block_1_50' title="bbox 2331 1906 3719 1989">
    <p class='ocr_par' dir='ltr' id='par_1_50' title="bbox 2331 1906 3719 1989">
     <span class='ocr_line' id='line_1_50' title="bbox 2331 1906 3719 1989; baseline 0.001 -28"><span class='ocrx_word' id='word_1_357' title='bbox 2331 1906 2521 1963; x_wconf 82' lang='lat' dir='ltr'><strong>Amen.</strong></span> <span class='ocrx_word' id='word_1_358' title='bbox 3716 1984 3719 1989; x_wconf 17' lang='grc'><strong>⁴</strong></span> 
     </span>
    </p>
   </div>
   <div class='ocr_carea' id='block_1_51' title="bbox 2441 1999 3761 2079">
    <p class='ocr_par' dir='ltr' id='par_1_51' title="bbox 2441 1999 3761 2079">
     <span class='ocr_line' id='line_1_51' title="bbox 2441 1999 3761 2079; baseline 0.001 -23"><span class='ocrx_word' id='word_1_359' title='bbox 2441 2002 2625 2056; x_wconf 84' lang='lat' dir='ltr'><strong>Oratio</strong></span> <span class='ocrx_word' id='word_1_360' title='bbox 2652 1999 3134 2079; x_wconf 26' lang='lat' dir='ltr'><strong>Pastoris&#39;dicenda</strong></span> <span class='ocrx_word' id='word_1_361' title='bbox 3159 2020 3251 2074; x_wconf 86' lang='lat' dir='ltr'><strong>pro</strong></span> <span class='ocrx_word' id='word_1_362' title='bbox 3273 2022 3350 2071; x_wconf 76' lang='lat' dir='ltr'><strong>se,</strong></span> <span class='ocrx_word' id='word_1_363' title='bbox 3377 2015 3427 2059; x_wconf 85' lang='lat' dir='ltr'><strong>et</strong></span> <span class='ocrx_word' id='word_1_364' title='bbox 3449 2022 3543 2075; x_wconf 80' lang='lat' dir='ltr'><strong>pro</strong></span> <span class='ocrx_word' id='word_1_365' title='bbox 3562 2005 3761 2060; x_wconf 72' lang='lat' dir='ltr'><strong>subditis.</strong></span> 
     </span>
    </p>
   </div>
   <div class='ocr_carea' id='block_1_52' title="bbox 2406 2093 3829 2168">
    <p class='ocr_par' dir='ltr' id='par_1_52' title="bbox 2406 2093 3829 2168">
     <span class='ocr_line' id='line_1_52' title="bbox 2406 2093 3829 2168; baseline 0.002 -21"><span class='ocrx_word' id='word_1_366' title='bbox 2406 2093 2625 2148; x_wconf 90' lang='lat' dir='ltr'><strong>Dimitte</strong></span> <span class='ocrx_word' id='word_1_367' title='bbox 2653 2093 2877 2150; x_wconf 91' lang='lat' dir='ltr'><strong>Domine</strong></span> <span class='ocrx_word' id='word_1_368' title='bbox 2900 2093 3044 2149; x_wconf 89' lang='lat' dir='ltr'><strong>Deus</strong></span> <span class='ocrx_word' id='word_1_369' title='bbox 3069 2096 3416 2166; x_wconf 90' lang='lat' dir='ltr'><strong>omnipotens</strong></span> <span class='ocrx_word' id='word_1_370' title='bbox 3442 2097 3677 2168; x_wconf 86' lang='lat' dir='ltr'><strong>quicquid</strong></span> <span class='ocrx_word' id='word_1_371' title='bbox 3694 2112 3766 2167; x_wconf 84' lang='lat' dir='ltr'><strong>per</strong></span> <span class='ocrx_word' id='word_1_372' title='bbox 3780 2101 3829 2151; x_wconf 88' lang='lat' dir='ltr'><strong>in-</strong></span> 
     </span>
    </p>
   </div>
   <div class='ocr_carea' id='block_1_53' title="bbox 2335 2183 3828 2258">
    <p class='ocr_par' dir='ltr' id='par_1_53' title="bbox 2335 2183 3828 2258">
     <span class='ocr_line' id='line_1_53' title="bbox 2335 2183 3828 2258; baseline 0.005 -21"><span class='ocrx_word' id='word_1_373' title='bbox 2335 2183 2745 2253; x_wconf 89' lang='lat' dir='ltr'><strong>tempcrantiam</strong></span> <span class='ocrx_word' id='word_1_374' title='bbox 2777 2185 3043 2240; x_wconf 90' lang='lat' dir='ltr'><strong>mordacis</strong></span> <span class='ocrx_word' id='word_1_375' title='bbox 3090 2186 3280 2258; x_wconf 72' lang='lat' dir='ltr'><strong>lingure</strong></span> <span class='ocrx_word' id='word_1_376' title='bbox 3322 2187 3545 2243; x_wconf 88' lang='lat' dir='ltr'><strong>incauta</strong></span> <span class='ocrx_word' id='word_1_377' title='bbox 3586 2189 3683 2244; x_wconf 89' lang='lat' dir='ltr'><strong>oris</strong></span> <span class='ocrx_word' id='word_1_378' title='bbox 3716 2189 3828 2243; x_wconf 79' lang='lat' dir='ltr'><strong>nostri</strong></span> 
     </span>
    </p>
   </div>
   <div class='ocr_carea' id='block_1_54' title="bbox 2331 2272 3829 2355">
    <p class='ocr_par' dir='ltr' id='par_1_54' title="bbox 2331 2272 3829 2355">
     <span class='ocr_line' id='line_1_54' title="bbox 2331 2272 3829 2355; baseline 0.005 -29"><span class='ocrx_word' id='word_1_379' title='bbox 2331 2272 2630 2355; x_wconf 83' lang='lat' dir='ltr'><strong>increpatio</strong></span> <span class='ocrx_word' id='word_1_380' title='bbox 2652 2275 2943 2330; x_wconf 83' lang='lat' dir='ltr'><strong>momordit</strong></span> <span class='ocrx_word' id='word_1_381' title='bbox 2972 2276 3024 2331; x_wconf 93' lang='lat' dir='ltr'><strong>in</strong></span> <span class='ocrx_word' id='word_1_382' title='bbox 3042 2276 3286 2333; x_wconf 53' lang='lat' dir='ltr'><strong>’subditos</strong></span> <span class='ocrx_word' id='word_1_383' title='bbox 3311 2319 3325 2344; x_wconf 92' lang='lat'><strong>,</strong></span> <span class='ocrx_word' id='word_1_384' title='bbox 3352 2279 3606 2355; x_wconf 84' lang='lat' dir='ltr'><strong>quicquid</strong></span> <span class='ocrx_word' id='word_1_385' title='bbox 3634 2282 3771 2334; x_wconf 88' lang='lat' dir='ltr'><strong>minus</strong></span> <span class='ocrx_word' id='word_1_386' title='bbox 3788 2282 3829 2333; x_wconf 76' lang='lat' dir='ltr'><strong>de</strong></span> 
     </span>
    </p>
   </div>
   <div class='ocr_carea' id='block_1_55' title="bbox 2330 2350 3827 2443">
    <p class='ocr_par' dir='ltr' id='par_1_55' title="bbox 2330 2350 3827 2443">
     <span class='ocr_line' id='line_1_55' title="bbox 2330 2350 3827 2443; baseline 0.004 -24"><span class='ocrx_word' id='word_1_387' title='bbox 2330 2362 2455 2419; x_wconf 86' lang='lat' dir='ltr'><strong>boni</strong></span> <span class='ocrx_word' id='word_1_388' title='bbox 2479 2350 2806 2433; x_wconf 79' lang='lat' dir='ltr'><strong>perfectione</strong></span> <span class='ocrx_word' id='word_1_389' title='bbox 2825 2365 3056 2421; x_wconf 77' lang='lat' dir='ltr'><strong>diximus</strong></span> <span class='ocrx_word' id='word_1_390' title='bbox 3069 2382 3248 2436; x_wconf 80' lang='lat' dir='ltr'><strong>parce,</strong></span> <span class='ocrx_word' id='word_1_391' title='bbox 3263 2350 3524 2438; x_wconf 87' lang='lat' dir='ltr'><strong>quicquid</strong></span> <span class='ocrx_word' id='word_1_392' title='bbox 3538 2371 3827 2443; x_wconf 84' lang='lat' dir='ltr'><strong>incongruum,</strong></span> 
     </span>
    </p>
   </div>
   <div class='ocr_carea' id='block_1_56' title="bbox 2332 2455 3828 2528">
    <p class='ocr_par' dir='ltr' id='par_1_56' title="bbox 2332 2455 3828 2528">
     <span class='ocr_line' id='line_1_56' title="bbox 2332 2455 3828 2528; baseline 0.001 -20"><span class='ocrx_word' id='word_1_393' title='bbox 2332 2455 2417 2509; x_wconf 90' lang='lat' dir='ltr'><strong>vel</strong></span> <span class='ocrx_word' id='word_1_394' title='bbox 2446 2456 2624 2509; x_wconf 89' lang='lat' dir='ltr'><strong>minus</strong></span> <span class='ocrx_word' id='word_1_395' title='bbox 2648 2458 2943 2526; x_wconf 80' lang='lat' dir='ltr'><strong>temperate</strong></span> <span class='ocrx_word' id='word_1_396' title='bbox 2971 2457 3293 2526; x_wconf 86' lang='lat' dir='ltr'><strong>protulimus</strong></span> <span class='ocrx_word' id='word_1_397' title='bbox 3321 2458 3560 2528; x_wconf 83' lang='lat' dir='ltr'><strong>ignosce.</strong></span> <span class='ocrx_word' id='word_1_398' title='bbox 3583 2458 3683 2514; x_wconf 84' lang='lat' dir='ltr'><strong>Non</strong></span> <span class='ocrx_word' id='word_1_399' title='bbox 3704 2460 3828 2513; x_wconf 75' lang='lat' dir='ltr'><strong>incan-</strong></span> 
     </span>
    </p>
   </div>
   <div class='ocr_carea' id='block_1_57' title="bbox 2331 2542 3831 2617">
    <p class='ocr_par' dir='ltr' id='par_1_57' title="bbox 2331 2542 3831 2617">
     <span class='ocr_line' id='line_1_57' title="bbox 2331 2542 3831 2617; baseline 0.002 -20"><span class='ocrx_word' id='word_1_400' title='bbox 2331 2553 2441 2599; x_wconf 91' lang='lat' dir='ltr'><strong>tum</strong></span> <span class='ocrx_word' id='word_1_401' title='bbox 2468 2542 2813 2616; x_wconf 74' lang='lat' dir='ltr'><strong>prmsumptio</strong></span> <span class='ocrx_word' id='word_1_402' title='bbox 2837 2547 3045 2615; x_wconf 89' lang='lat' dir='ltr'><strong>puniat,</strong></span> <span class='ocrx_word' id='word_1_403' title='bbox 3070 2546 3161 2601; x_wconf 90' lang='lat' dir='ltr'><strong>sed</strong></span> <span class='ocrx_word' id='word_1_404' title='bbox 3185 2555 3569 2617; x_wconf 85' lang='lat' dir='ltr'><strong>agnoscentem</strong></span> <span class='ocrx_word' id='word_1_405' title='bbox 3594 2562 3670 2603; x_wconf 88' lang='lat' dir='ltr'><strong>me</strong></span> <span class='ocrx_word' id='word_1_406' title='bbox 3693 2548 3831 2616; x_wconf 52' lang='lat' dir='ltr'><strong>iniqui.</strong></span> 
     </span>
    </p>
   </div>
   <div class='ocr_carea' id='block_1_58' title="bbox 2332 2635 3832 2706">
    <p class='ocr_par' dir='ltr' id='par_1_58' title="bbox 2332 2635 3832 2706">
     <span class='ocr_line' id='line_1_58' title="bbox 2332 2635 3832 2706; baseline 0 -17"><span class='ocrx_word' id='word_1_407' title='bbox 2332 2644 2470 2689; x_wconf 90' lang='lat' dir='ltr'><strong>tates</strong></span> <span class='ocrx_word' id='word_1_408' title='bbox 2523 2650 2699 2701; x_wconf 86' lang='lat' dir='ltr'><strong>meas,</strong></span> <span class='ocrx_word' id='word_1_409' title='bbox 2739 2635 3105 2689; x_wconf 85' lang='lat' dir='ltr'><strong>miserationis</strong></span> <span class='ocrx_word' id='word_1_410' title='bbox 3153 2646 3255 2691; x_wconf 72' lang='lat' dir='ltr'><strong>tua:</strong></span> <span class='ocrx_word' id='word_1_411' title='bbox 3305 2637 3487 2706; x_wconf 90' lang='lat' dir='ltr'><strong>pietas</strong></span> <span class='ocrx_word' id='word_1_412' title='bbox 3536 2636 3754 2691; x_wconf 82' lang='lat' dir='ltr'><strong>absolvat.</strong></span> <span class='ocrx_word' id='word_1_413' title='bbox 3790 2636 3832 2689; x_wconf 78' lang='lat' dir='ltr'><strong>Et</strong></span> 
     </span>
    </p>
   </div>
   <div class='ocr_carea' id='block_1_59' title="bbox 2332 2723 3830 2793">
    <p class='ocr_par' dir='ltr' id='par_1_59' title="bbox 2332 2723 3830 2793">
     <span class='ocr_line' id='line_1_59' title="bbox 2332 2723 3830 2793; baseline 0.001 -16"><span class='ocrx_word' id='word_1_414' title='bbox 2332 2723 2456 2793; x_wconf 91' lang='lat' dir='ltr'><strong>quia</strong></span> <span class='ocrx_word' id='word_1_415' title='bbox 2488 2738 2594 2778; x_wconf 91' lang='lat' dir='ltr'><strong>non</strong></span> <span class='ocrx_word' id='word_1_416' title='bbox 2626 2724 2756 2779; x_wconf 88' lang='lat' dir='ltr'><strong>mihi</strong></span> <span class='ocrx_word' id='word_1_417' title='bbox 2788 2724 2912 2779; x_wconf 90' lang='lat' dir='ltr'><strong>alibi</strong></span> <span class='ocrx_word' id='word_1_418' title='bbox 2936 2734 3021 2780; x_wconf 91' lang='lat' dir='ltr'><strong>est</strong></span> <span class='ocrx_word' id='word_1_419' title='bbox 3054 2725 3243 2780; x_wconf 87' lang='lat' dir='ltr'><strong>ﬁducia</strong></span> <span class='ocrx_word' id='word_1_420' title='bbox 3272 2766 3287 2791; x_wconf 91' lang='lat'><strong>,</strong></span> <span class='ocrx_word' id='word_1_421' title='bbox 3315 2727 3428 2781; x_wconf 87' lang='lat' dir='ltr'><strong>nisi</strong></span> <span class='ocrx_word' id='word_1_422' title='bbox 3460 2728 3512 2781; x_wconf 93' lang='lat' dir='ltr'><strong>in</strong></span> <span class='ocrx_word' id='word_1_423' title='bbox 3541 2728 3830 2782; x_wconf 81' lang='lat' dir='ltr'><strong>misericordia</strong></span> 
     </span>
    </p>
   </div>
   <div class='ocr_carea' id='block_1_60' title="bbox 2336 2812 3833 2887">
    <p class='ocr_par' dir='ltr' id='par_1_60' title="bbox 2336 2812 3833 2887">
     <span class='ocr_line' id='line_1_60' title="bbox 2336 2812 3833 2887; baseline 0.001 -20"><span class='ocrx_word' id='word_1_424' title='bbox 2336 2824 2445 2868; x_wconf 91' lang='lat' dir='ltr'><strong>tua.</strong></span> <span class='ocrx_word' id='word_1_425' title='bbox 2479 2812 2557 2868; x_wconf 86' lang='lat' dir='ltr'><strong>Tu</strong></span> <span class='ocrx_word' id='word_1_426' title='bbox 2585 2817 2639 2869; x_wconf 86' lang='lat' dir='ltr'><strong>et</strong></span> <span class='ocrx_word' id='word_1_427' title='bbox 2667 2830 2728 2870; x_wconf 90' lang='lat' dir='ltr'><strong>os</strong></span> <span class='ocrx_word' id='word_1_428' title='bbox 2760 2816 2935 2871; x_wconf 83' lang='lat' dir='ltr'><strong>mentn</strong></span> <span class='ocrx_word' id='word_1_429' title='bbox 2979 2812 3248 2886; x_wconf 64' lang='lat' dir='ltr'><strong>praeconio</strong></span> <span class='ocrx_word' id='word_1_430' title='bbox 3270 2818 3520 2874; x_wconf 84' lang='lat' dir='ltr'><strong>veritatis</strong></span> <span class='ocrx_word' id='word_1_431' title='bbox 3547 2832 3777 2887; x_wconf 77' lang='lat' dir='ltr'><strong>perarata.</strong></span> <span class='ocrx_word' id='word_1_432' title='bbox 3797 2826 3833 2870; x_wconf 79' lang='lat' dir='ltr'><strong>et</strong></span> 
     </span>
    </p>
   </div>
   <div class='ocr_carea' id='block_1_61' title="bbox 2332 2892 3831 2979">
    <p class='ocr_par' dir='ltr' id='par_1_61' title="bbox 2332 2892 3831 2979">
     <span class='ocr_line' id='line_1_61' title="bbox 2332 2892 3831 2979; baseline 0.002 -21"><span class='ocrx_word' id='word_1_433' title='bbox 2332 2919 2466 2974; x_wconf 86' lang='lat' dir='ltr'><strong>Opus</strong></span> <span class='ocrx_word' id='word_1_434' title='bbox 2501 2902 2739 2975; x_wconf 89' lang='lat' dir='ltr'><strong>pleniore</strong></span> <span class='ocrx_word' id='word_1_435' title='bbox 2788 2907 3031 2963; x_wconf 89' lang='lat' dir='ltr'><strong>ubertate</strong></span> <span class='ocrx_word' id='word_1_436' title='bbox 3064 2892 3381 2976; x_wconf 34' lang='lat' dir='ltr'><strong>san‘ctilica,‘</strong></span> <span class='ocrx_word' id='word_1_437' title='bbox 3432 2903 3490 2964; x_wconf 84' lang='lat' dir='ltr'><strong>ut</strong></span> <span class='ocrx_word' id='word_1_438' title='bbox 3541 2919 3591 2965; x_wconf 93' lang='lat' dir='ltr'><strong>et</strong></span> <span class='ocrx_word' id='word_1_439' title='bbox 3627 2910 3831 2979; x_wconf 81' lang='lat' dir='ltr'><strong>indignum</strong></span> 
     </span>
    </p>
   </div>
   <div class='ocr_carea' id='block_1_62' title="bbox 2335 2993 3833 3071">
    <p class='ocr_par' dir='ltr' id='par_1_62' title="bbox 2335 2993 3833 3071">
     <span class='ocr_line' id='line_1_62' title="bbox 2335 2993 3833 3071; baseline 0.003 -25"><span class='ocrx_word' id='word_1_440' title='bbox 2335 2993 2528 3061; x_wconf 84' lang='lat' dir='ltr'><strong>salves,</strong></span> <span class='ocrx_word' id='word_1_441' title='bbox 2560 3004 2614 3051; x_wconf 90' lang='lat' dir='ltr'><strong>et</strong></span> <span class='ocrx_word' id='word_1_442' title='bbox 2638 2997 2985 3053; x_wconf 90' lang='lat' dir='ltr'><strong>commissum</strong></span> <span class='ocrx_word' id='word_1_443' title='bbox 3016 2999 3143 3053; x_wconf 91' lang='lat' dir='ltr'><strong>mihi</strong></span> <span class='ocrx_word' id='word_1_444' title='bbox 3182 3015 3403 3069; x_wconf 87' lang='lat' dir='ltr'><strong>gregem</strong></span> <span class='ocrx_word' id='word_1_445' title='bbox 3436 3015 3533 3071; x_wconf 88' lang='lat' dir='ltr'><strong>pro</strong></span> <span class='ocrx_word' id='word_1_446' title='bbox 3577 3009 3654 3054; x_wconf 90' lang='lat' dir='ltr'><strong>tua</strong></span> <span class='ocrx_word' id='word_1_447' title='bbox 3693 3001 3833 3071; x_wconf 75' lang='lat' dir='ltr'><strong>pietate</strong></span> 
     </span>
    </p>
   </div>
   <div class='ocr_carea' id='block_1_63' title="bbox 663 3087 3833 3170">
    <p class='ocr_par' dir='ltr' id='par_1_63' title="bbox 663 3087 3833 3170">
     <span class='ocr_line' id='line_1_63' title="bbox 663 3087 3833 3170; baseline -0.001 -23"><span class='ocrx_word' id='word_1_448' title='bbox 663 3093 970 3147; x_wconf 89' lang='lat' dir='ltr'><strong>consolator</strong></span> <span class='ocrx_word' id='word_1_449' title='bbox 999 3092 1372 3146; x_wconf 83' lang='lat' dir='ltr'><strong>tribulatorum</strong></span> <span class='ocrx_word' id='word_1_450' title='bbox 1392 3132 1406 3156; x_wconf 90' lang='lat'><strong>,</strong></span> <span class='ocrx_word' id='word_1_451' title='bbox 1435 3106 1530 3160; x_wconf 88' lang='lat' dir='ltr'><strong>per</strong></span> <span class='ocrx_word' id='word_1_452' title='bbox 1554 3101 1701 3145; x_wconf 87' lang='lat' dir='ltr'><strong>tuam</strong></span> <span class='ocrx_word' id='word_1_453' title='bbox 1744 3092 1988 3163; x_wconf 87' lang='lat' dir='ltr'><strong>magnam</strong></span> <span class='ocrx_word' id='word_1_454' title='bbox 2028 3092 2236 3147; x_wconf 89' lang='lat' dir='ltr'><strong>miscri—</strong></span> <span class='ocrx_word' id='word_1_455' title='bbox 2261 3108 2306 3170; x_wconf 67' lang='grc' dir='ltr'>ε</span> <span class='ocrx_word' id='word_1_456' title='bbox 2337 3087 2662 3142; x_wconf 81' lang='lat' dir='ltr'><strong>sanctiﬁces.</strong></span> <span class='ocrx_word' id='word_1_457' title='bbox 2713 3087 2979 3158; x_wconf 85' lang='lat' dir='ltr'><strong>Quidquid</strong></span> <span class='ocrx_word' id='word_1_458' title='bbox 3028 3092 3081 3144; x_wconf 93' lang='lat' dir='ltr'><strong>in</strong></span> <span class='ocrx_word' id='word_1_459' title='bbox 3122 3090 3228 3145; x_wconf 91' lang='lat' dir='ltr'><strong>illis</strong></span> <span class='ocrx_word' id='word_1_460' title='bbox 3255 3092 3506 3147; x_wconf 78' lang='lat' dir='ltr'><strong>vitiatum</strong></span> <span class='ocrx_word' id='word_1_461' title='bbox 3557 3103 3632 3149; x_wconf 78' lang='lat' dir='ltr'><strong>est</strong></span> <span class='ocrx_word' id='word_1_462' title='bbox 3664 3104 3833 3155; x_wconf 77' lang='lat' dir='ltr'><strong>sana,et</strong></span> 
     </span>
    </p>
   </div>
   <div class='ocr_carea' id='block_1_64' title="bbox 665 3183 2236 3254">
    <p class='ocr_par' dir='ltr' id='par_1_64' title="bbox 665 3183 2236 3254">
     <span class='ocr_line' id='line_1_64' title="bbox 665 3183 2236 3254; baseline 0.001 -17"><span class='ocrx_word' id='word_1_463' title='bbox 665 3183 903 3237; x_wconf 89' lang='lat' dir='ltr'><strong>cordiam</strong></span> <span class='ocrx_word' id='word_1_464' title='bbox 932 3183 1007 3237; x_wconf 89' lang='lat' dir='ltr'><strong>sis</strong></span> <span class='ocrx_word' id='word_1_465' title='bbox 1033 3183 1162 3237; x_wconf 90' lang='lat' dir='ltr'><strong>mihi</strong></span> <span class='ocrx_word' id='word_1_466' title='bbox 1191 3183 1486 3238; x_wconf 85' lang='lat' dir='ltr'><strong>consolatio</strong></span> <span class='ocrx_word' id='word_1_467' title='bbox 1510 3183 1562 3237; x_wconf 92' lang='lat' dir='ltr'><strong>in</strong></span> <span class='ocrx_word' id='word_1_468' title='bbox 1585 3183 1838 3238; x_wconf 80' lang='lat' dir='ltr'><strong>omnibu$</strong></span> <span class='ocrx_word' id='word_1_469' title='bbox 1869 3184 2150 3254; x_wconf 85' lang='lat' dir='ltr'><strong>angustiis,</strong></span> <span class='ocrx_word' id='word_1_470' title='bbox 2181 3195 2236 3239; x_wconf 89' lang='lat' dir='ltr'><strong>et</strong></span> 
     </span>
    </p>
   </div>
   <div class='ocr_carea' id='block_1_65' title="bbox 664 3271 2235 3342">
    <p class='ocr_par' dir='ltr' id='par_1_65' title="bbox 664 3271 2235 3342">
     <span class='ocr_line' id='line_1_65' title="bbox 664 3271 2235 3342; baseline 0 -16"><span class='ocrx_word' id='word_1_471' title='bbox 664 3271 1097 3327; x_wconf 84' lang='lat' dir='ltr'><strong>tribulationibus</strong></span> <span class='ocrx_word' id='word_1_472' title='bbox 1138 3272 1270 3326; x_wconf 87' lang='lat' dir='ltr'><strong>meis</strong></span> <span class='ocrx_word' id='word_1_473' title='bbox 1292 3311 1305 3337; x_wconf 89' lang='lat'><strong>,</strong></span> <span class='ocrx_word' id='word_1_474' title='bbox 1332 3276 1454 3339; x_wconf 83' lang='lat' dir='ltr'><strong>quia</strong></span> <span class='ocrx_word' id='word_1_475' title='bbox 1490 3287 1593 3325; x_wconf 90' lang='lat' dir='ltr'><strong>non</strong></span> <span class='ocrx_word' id='word_1_476' title='bbox 1622 3272 1792 3326; x_wconf 87' lang='lat' dir='ltr'><strong>habeo</strong></span> <span class='ocrx_word' id='word_1_477' title='bbox 1819 3272 1869 3325; x_wconf 91' lang='lat' dir='ltr'><strong>in</strong></span> <span class='ocrx_word' id='word_1_478' title='bbox 1896 3272 2055 3325; x_wconf 90' lang='lat' dir='ltr'><strong>alium</strong></span> <span class='ocrx_word' id='word_1_479' title='bbox 2086 3287 2235 3342; x_wconf 86' lang='lat' dir='ltr'><strong>spem</strong></span> 
     </span>
    </p>
   </div>
   <div class='ocr_carea' id='block_1_66' title="bbox 666 3362 2235 3432">
    <p class='ocr_par' dir='ltr' id='par_1_66' title="bbox 666 3362 2235 3432">
     <span class='ocr_line' id='line_1_66' title="bbox 666 3362 2235 3432; baseline 0.001 -16"><span class='ocrx_word' id='word_1_480' title='bbox 666 3364 768 3418; x_wconf 83' lang='lat' dir='ltr'><strong>nisi</strong></span> <span class='ocrx_word' id='word_1_481' title='bbox 798 3364 850 3417; x_wconf 90' lang='lat' dir='ltr'><strong>in</strong></span> <span class='ocrx_word' id='word_1_482' title='bbox 877 3376 926 3416; x_wconf 91' lang='lat' dir='ltr'><strong>te</strong></span> <span class='ocrx_word' id='word_1_483' title='bbox 946 3403 961 3427; x_wconf 90' lang='lat'><strong>,</strong></span> <span class='ocrx_word' id='word_1_484' title='bbox 985 3363 1109 3432; x_wconf 85' lang='lat' dir='ltr'><strong>quia</strong></span> <span class='ocrx_word' id='word_1_485' title='bbox 1135 3372 1188 3416; x_wconf 91' lang='lat' dir='ltr'><strong>tu</strong></span> <span class='ocrx_word' id='word_1_486' title='bbox 1214 3378 1273 3416; x_wconf 91' lang='lat' dir='ltr'><strong>es</strong></span> <span class='ocrx_word' id='word_1_487' title='bbox 1298 3362 1558 3432; x_wconf 81' lang='lat' dir='ltr'><strong>refugium</strong></span> <span class='ocrx_word' id='word_1_488' title='bbox 1594 3362 1767 3416; x_wconf 84' lang='lat' dir='ltr'><strong>meum</strong></span> <span class='ocrx_word' id='word_1_489' title='bbox 1787 3403 1801 3426; x_wconf 95' lang='lat'><strong>,</strong></span> <span class='ocrx_word' id='word_1_490' title='bbox 1861 3371 1917 3416; x_wconf 90' lang='lat' dir='ltr'><strong>et</strong></span> <span class='ocrx_word' id='word_1_491' title='bbox 1960 3363 2134 3418; x_wconf 89' lang='lat' dir='ltr'><strong>virtus</strong></span> <span class='ocrx_word' id='word_1_492' title='bbox 2183 3364 2235 3418; x_wconf 88' lang='lat' dir='ltr'><strong>in</strong></span> 
     </span>
    </p>
   </div>
   <div class='ocr_carea' id='block_1_67' title="bbox 669 3452 2238 3522">
    <p class='ocr_par' dir='ltr' id='par_1_67' title="bbox 669 3452 2238 3522">
     <span class='ocr_line' id='line_1_67' title="bbox 669 3452 2238 3522; baseline 0.001 -15"><span class='ocrx_word' id='word_1_493' title='bbox 669 3454 1104 3509; x_wconf 88' lang='lat' dir='ltr'><strong>tribulationibus</strong></span> <span class='ocrx_word' id='word_1_494' title='bbox 1126 3453 1279 3517; x_wconf 88' lang='lat' dir='ltr'><strong>meis,</strong></span> <span class='ocrx_word' id='word_1_495' title='bbox 1306 3468 1424 3522; x_wconf 80' lang='lat' dir='ltr'><strong>qua:</strong></span> <span class='ocrx_word' id='word_1_496' title='bbox 1448 3453 1769 3508; x_wconf 89' lang='lat' dir='ltr'><strong>invenerunt</strong></span> <span class='ocrx_word' id='word_1_497' title='bbox 1791 3468 1875 3506; x_wconf 87' lang='lat' dir='ltr'><strong>me</strong></span> <span class='ocrx_word' id='word_1_498' title='bbox 1901 3453 2079 3508; x_wconf 87' lang='lat' dir='ltr'><strong>nimis.</strong></span> <span class='ocrx_word' id='word_1_499' title='bbox 2107 3452 2238 3508; x_wconf 84' lang='lat' dir='ltr'><strong>Pro-</strong></span> 
     </span>
    </p>
   </div>
   <div class='ocr_carea' id='block_1_68' title="bbox 664 3536 2236 3615">
    <p class='ocr_par' dir='ltr' id='par_1_68' title="bbox 664 3536 2236 3615">
     <span class='ocr_line' id='line_1_68' title="bbox 664 3536 2236 3615; baseline 0.001 -16"><span class='ocrx_word' id='word_1_500' title='bbox 664 3542 850 3615; x_wconf 77' lang='lat' dir='ltr'><strong>pterea</strong></span> <span class='ocrx_word' id='word_1_501' title='bbox 878 3544 1051 3599; x_wconf 91' lang='lat' dir='ltr'><strong>clamo</strong></span> <span class='ocrx_word' id='word_1_502' title='bbox 1079 3558 1143 3598; x_wconf 87' lang='lat' dir='ltr'><strong>ex</strong></span> <span class='ocrx_word' id='word_1_503' title='bbox 1170 3553 1280 3598; x_wconf 86' lang='lat' dir='ltr'><strong>toto</strong></span> <span class='ocrx_word' id='word_1_504' title='bbox 1305 3545 1467 3599; x_wconf 90' lang='lat' dir='ltr'><strong>corde</strong></span> <span class='ocrx_word' id='word_1_505' title='bbox 1494 3542 1559 3597; x_wconf 87' lang='lat' dir='ltr'><strong>ad</strong></span> <span class='ocrx_word' id='word_1_506' title='bbox 1592 3554 1663 3609; x_wconf 92' lang='lat' dir='ltr'><strong>te,</strong></span> <span class='ocrx_word' id='word_1_507' title='bbox 1690 3553 1750 3598; x_wconf 91' lang='lat' dir='ltr'><strong>ut</strong></span> <span class='ocrx_word' id='word_1_508' title='bbox 1770 3545 2027 3600; x_wconf 76' lang='lat' dir='ltr'><strong>exaudire</strong></span> <span class='ocrx_word' id='word_1_509' title='bbox 2050 3561 2134 3600; x_wconf 90' lang='lat' dir='ltr'><strong>me</strong></span> <span class='ocrx_word' id='word_1_510' title='bbox 2158 3536 2236 3600; x_wconf 88' lang='lat' dir='ltr'><strong>di-</strong></span> 
     </span>
    </p>
   </div>
   <div class='ocr_carea' id='block_1_69' title="bbox 668 3620 2240 3706">
    <p class='ocr_par' dir='ltr' id='par_1_69' title="bbox 668 3620 2240 3706">
     <span class='ocr_line' id='line_1_69' title="bbox 668 3620 2240 3706; baseline 0 -16"><span class='ocrx_word' id='word_1_511' title='bbox 668 3634 871 3705; x_wconf 83' lang='lat' dir='ltr'><strong>gneris,</strong></span> <span class='ocrx_word' id='word_1_512' title='bbox 903 3644 957 3689; x_wconf 89' lang='lat' dir='ltr'><strong>et</strong></span> <span class='ocrx_word' id='word_1_513' title='bbox 979 3620 1099 3689; x_wconf 71' lang='lat' dir='ltr'><strong>iure</strong></span> <span class='ocrx_word' id='word_1_514' title='bbox 1124 3635 1325 3699; x_wconf 90' lang='lat' dir='ltr'><strong>omnia,</strong></span> <span class='ocrx_word' id='word_1_515' title='bbox 1356 3650 1473 3703; x_wconf 81' lang='lat' dir='ltr'><strong>quae</strong></span> <span class='ocrx_word' id='word_1_516' title='bbox 1495 3634 1746 3704; x_wconf 82' lang='lat' dir='ltr'><strong>indignus</strong></span> <span class='ocrx_word' id='word_1_517' title='bbox 1768 3651 1979 3706; x_wconf 79' lang='lat' dir='ltr'><strong>precor,</strong></span> <span class='ocrx_word' id='word_1_518' title='bbox 2003 3637 2240 3691; x_wconf 88' lang='lat' dir='ltr'><strong>clemen-</strong></span> 
     </span>
    </p>
   </div>
   <div class='ocr_carea' id='block_1_70' title="bbox 668 3727 2240 3799">
    <p class='ocr_par' dir='ltr' id='par_1_70' title="bbox 668 3727 2240 3799">
     <span class='ocr_line' id='line_1_70' title="bbox 668 3727 2240 3799; baseline 0.001 -16"><span class='ocrx_word' id='word_1_519' title='bbox 668 3729 741 3783; x_wconf 91' lang='lat' dir='ltr'><strong>tia</strong></span> <span class='ocrx_word' id='word_1_520' title='bbox 778 3736 881 3781; x_wconf 80' lang='lat' dir='ltr'><strong>tu:e</strong></span> <span class='ocrx_word' id='word_1_521' title='bbox 905 3728 1125 3797; x_wconf 87' lang='lat' dir='ltr'><strong>pietatis</strong></span> <span class='ocrx_word' id='word_1_522' title='bbox 1149 3734 1356 3782; x_wconf 86' lang='lat' dir='ltr'><strong>merear</strong></span> <span class='ocrx_word' id='word_1_523' title='bbox 1378 3727 1619 3799; x_wconf 88' lang='lat' dir='ltr'><strong>adipisci,</strong></span> <span class='ocrx_word' id='word_1_524' title='bbox 1648 3740 1702 3783; x_wconf 88' lang='lat' dir='ltr'><strong>ct</strong></span> <span class='ocrx_word' id='word_1_525' title='bbox 1729 3731 1981 3799; x_wconf 70' lang='lat' dir='ltr'><strong>quicq‘uid</strong></span> <span class='ocrx_word' id='word_1_526' title='bbox 2007 3732 2134 3787; x_wconf 90' lang='lat' dir='ltr'><strong>illud</strong></span> <span class='ocrx_word' id='word_1_527' title='bbox 2155 3739 2240 3787; x_wconf 85' lang='lat' dir='ltr'><strong>est</strong></span> 
     </span>
    </p>
   </div>
   <div class='ocr_carea' id='block_1_71' title="bbox 666 3817 2236 3890">
    <p class='ocr_par' dir='ltr' id='par_1_71' title="bbox 666 3817 2236 3890">
     <span class='ocr_line' id='line_1_71' title="bbox 666 3817 2236 3890; baseline 0.006 -22"><span class='ocrx_word' id='word_1_528' title='bbox 666 3818 807 3886; x_wconf 83' lang='lat' dir='ltr'><strong>quod</strong></span> <span class='ocrx_word' id='word_1_529' title='bbox 844 3817 1128 3872; x_wconf 83' lang='lat' dir='ltr'><strong>infelicitas</strong></span> <span class='ocrx_word' id='word_1_530' title='bbox 1157 3833 1275 3872; x_wconf 87' lang='lat' dir='ltr'><strong>mea</strong></span> <span class='ocrx_word' id='word_1_531' title='bbox 1317 3834 1348 3872; x_wconf 94' lang='lat' dir='ltr'><strong>a</strong></span> <span class='ocrx_word' id='word_1_532' title='bbox 1392 3828 1443 3871; x_wconf 88' lang='lat' dir='ltr'><strong>te</strong></span> <span class='ocrx_word' id='word_1_533' title='bbox 1486 3828 1666 3887; x_wconf 87' lang='lat' dir='ltr'><strong>petere</strong></span> <span class='ocrx_word' id='word_1_534' title='bbox 1692 3835 1797 3875; x_wconf 90' lang='lat' dir='ltr'><strong>non</strong></span> <span class='ocrx_word' id='word_1_535' title='bbox 1820 3822 1983 3890; x_wconf 84' lang='lat' dir='ltr'><strong>sapit,</strong></span> <span class='ocrx_word' id='word_1_536' title='bbox 2010 3831 2101 3876; x_wconf 87' lang='lat' dir='ltr'><strong>aut</strong></span> <span class='ocrx_word' id='word_1_537' title='bbox 2133 3840 2236 3878; x_wconf 92' lang='lat' dir='ltr'><strong>non</strong></span> 
     </span>
    </p>
   </div>
   <div class='ocr_carea' id='block_1_72' title="bbox 664 3909 2234 3981">
    <p class='ocr_par' dir='ltr' id='par_1_72' title="bbox 664 3909 2234 3981">
     <span class='ocr_line' id='line_1_72' title="bbox 664 3909 2234 3981; baseline 0.003 -20"><span class='ocrx_word' id='word_1_538' title='bbox 664 3909 965 3978; x_wconf 65' lang='lat' dir='ltr'><strong>praesumit,</strong></span> <span class='ocrx_word' id='word_1_539' title='bbox 1000 3909 1051 3964; x_wconf 88' lang='lat' dir='ltr'><strong>id</strong></span> <span class='ocrx_word' id='word_1_540' title='bbox 1077 3919 1130 3962; x_wconf 94' lang='lat' dir='ltr'><strong>tu</strong></span> <span class='ocrx_word' id='word_1_541' title='bbox 1157 3924 1256 3978; x_wconf 89' lang='lat' dir='ltr'><strong>pro</strong></span> <span class='ocrx_word' id='word_1_542' title='bbox 1288 3918 1374 3962; x_wconf 91' lang='lat' dir='ltr'><strong>tua</strong></span> <span class='ocrx_word' id='word_1_543' title='bbox 1406 3910 1624 3979; x_wconf 90' lang='lat' dir='ltr'><strong>pietate,</strong></span> <span class='ocrx_word' id='word_1_544' title='bbox 1642 3925 1703 3964; x_wconf 88' lang='lat' dir='ltr'><strong>ac</strong></span> <span class='ocrx_word' id='word_1_545' title='bbox 1735 3912 2015 3981; x_wconf 83' lang='lat' dir='ltr'><strong>majestate</strong></span> <span class='ocrx_word' id='word_1_546' title='bbox 2041 3914 2234 3976; x_wconf 87' lang='lat' dir='ltr'><strong>tribue,</strong></span> 
     </span>
    </p>
   </div>
   <div class='ocr_carea' id='block_1_73' title="bbox 668 3999 2236 4077">
    <p class='ocr_par' dir='ltr' id='par_1_73' title="bbox 668 3999 2236 4077">
     <span class='ocr_line' id='line_1_73' title="bbox 668 3999 2236 4077; baseline 0.004 -28"><span class='ocrx_word' id='word_1_547' title='bbox 668 3999 791 4066; x_wconf 76' lang='lat' dir='ltr'><strong>quia</strong></span> <span class='ocrx_word' id='word_1_548' title='bbox 825 4008 876 4051; x_wconf 93' lang='lat' dir='ltr'><strong>tu</strong></span> <span class='ocrx_word' id='word_1_549' title='bbox 897 4013 955 4054; x_wconf 85' lang='lat' dir='ltr'><strong>es</strong></span> <span class='ocrx_word' id='word_1_550' title='bbox 975 3999 1271 4054; x_wconf 88' lang='lat' dir='ltr'><strong>consolatio</strong></span> <span class='ocrx_word' id='word_1_551' title='bbox 1300 4006 1353 4052; x_wconf 92' lang='lat' dir='ltr'><strong>et</strong></span> <span class='ocrx_word' id='word_1_552' title='bbox 1392 4000 1658 4069; x_wconf 86' lang='lat' dir='ltr'><strong>protectio</strong></span> <span class='ocrx_word' id='word_1_553' title='bbox 1691 4000 1815 4056; x_wconf 79' lang='lat' dir='ltr'><strong>vita:</strong></span> <span class='ocrx_word' id='word_1_554' title='bbox 1846 4012 1977 4057; x_wconf 78' lang='lat' dir='ltr'><strong>meae</strong></span> <span class='ocrx_word' id='word_1_555' title='bbox 2009 4001 2061 4056; x_wconf 91' lang='lat' dir='ltr'><strong>in</strong></span> <span class='ocrx_word' id='word_1_556' title='bbox 2089 4003 2236 4077; x_wconf 85' lang='lat' dir='ltr'><strong>omni</strong></span> 
     </span>
    </p>
   </div>
   <div class='ocr_carea' id='block_1_74' title="bbox 670 4098 1031 4158">
    <p class='ocr_par' dir='ltr' id='par_1_74' title="bbox 670 4098 1031 4158">
     <span class='ocr_line' id='line_1_74' title="bbox 670 4098 1031 4158; baseline 0 -17"><span class='ocrx_word' id='word_1_557' title='bbox 670 4099 908 4158; x_wconf 88' lang='lat' dir='ltr'><strong>tempore</strong></span> <span class='ocrx_word' id='word_1_558' title='bbox 930 4098 1031 4144; x_wconf 83' lang='lat' dir='ltr'><strong>etc.</strong></span> 
     </span>
    </p>
   </div>
   <div class='ocr_carea' id='block_1_75' title="bbox 968 4164 1936 4250">
    <p class='ocr_par' dir='ltr' id='par_1_75' title="bbox 968 4164 1936 4250">
     <span class='ocr_line' id='line_1_75' title="bbox 968 4164 1936 4250; baseline 0.002 -17"><span class='ocrx_word' id='word_1_559' title='bbox 968 4178 1152 4234; x_wconf 84' lang='lat' dir='ltr'><strong>Oratio</strong></span> <span class='ocrx_word' id='word_1_560' title='bbox 1175 4164 1227 4232; x_wconf 83' lang='lat' dir='ltr'><strong>in</strong></span> <span class='ocrx_word' id='word_1_561' title='bbox 1253 4196 1559 4250; x_wconf 78' lang='lat' dir='ltr'><strong>quacunque</strong></span> <span class='ocrx_word' id='word_1_562' title='bbox 1585 4166 1936 4235; x_wconf 74' lang='lat' dir='ltr'><strong>tribulatione.</strong></span> 
     </span>
    </p>
   </div>
   <div class='ocr_carea' id='block_1_76' title="bbox 741 4267 2241 4339">
    <p class='ocr_par' dir='ltr' id='par_1_76' title="bbox 741 4267 2241 4339">
     <span class='ocr_line' id='line_1_76' title="bbox 741 4267 2241 4339; baseline 0.003 -16"><span class='ocrx_word' id='word_1_563' title='bbox 741 4269 882 4323; x_wconf 92' lang='lat' dir='ltr'><strong>Deus</strong></span> <span class='ocrx_word' id='word_1_564' title='bbox 909 4268 998 4337; x_wconf 89' lang='lat' dir='ltr'><strong>qui</strong></span> <span class='ocrx_word' id='word_1_565' title='bbox 1042 4270 1396 4322; x_wconf 88' lang='lat' dir='ltr'><strong>contritorum</strong></span> <span class='ocrx_word' id='word_1_566' title='bbox 1442 4282 1546 4321; x_wconf 90' lang='lat' dir='ltr'><strong>non</strong></span> <span class='ocrx_word' id='word_1_567' title='bbox 1586 4267 1818 4336; x_wconf 89' lang='lat' dir='ltr'><strong>despicis</strong></span> <span class='ocrx_word' id='word_1_568' title='bbox 1858 4270 2137 4339; x_wconf 86' lang='lat' dir='ltr'><strong>gemitum,</strong></span> <span class='ocrx_word' id='word_1_569' title='bbox 2185 4268 2241 4327; x_wconf 80' lang='lat' dir='ltr'><strong>et</strong></span> 
     </span>
    </p>
   </div>
   <div class='ocr_carea' id='block_1_77' title="bbox 670 4340 2238 4437">
    <p class='ocr_par' dir='ltr' id='par_1_77' title="bbox 670 4340 2238 4437">
     <span class='ocr_line' id='line_1_77' title="bbox 670 4340 2238 4437; baseline 0.004 -26"><span class='ocrx_word' id='word_1_570' title='bbox 670 4357 993 4411; x_wconf 80' lang='lat' dir='ltr'><strong>merentium</strong></span> <span class='ocrx_word' id='word_1_571' title='bbox 1018 4371 1122 4437; x_wconf 85' lang='lat' dir='ltr'><strong>non</strong></span> <span class='ocrx_word' id='word_1_572' title='bbox 1147 4359 1356 4425; x_wconf 85' lang='lat' dir='ltr'><strong>spernis</strong></span> <span class='ocrx_word' id='word_1_573' title='bbox 1379 4340 1647 4422; x_wconf 68' lang='lat' dir='ltr'><strong>alie-ctum,</strong></span> <span class='ocrx_word' id='word_1_574' title='bbox 1673 4358 1860 4414; x_wconf 90' lang='lat' dir='ltr'><strong>adesto</strong></span> <span class='ocrx_word' id='word_1_575' title='bbox 1882 4362 2130 4430; x_wconf 85' lang='lat' dir='ltr'><strong>precibus</strong></span> <span class='ocrx_word' id='word_1_576' title='bbox 2145 4377 2238 4418; x_wconf 92' lang='lat' dir='ltr'><strong>no-</strong></span> 
     </span>
    </p>
   </div>
   <div class='ocr_carea' id='block_1_78' title="bbox 2336 3175 3832 3253">
    <p class='ocr_par' dir='ltr' id='par_1_78' title="bbox 2336 3175 3832 3253">
     <span class='ocr_line' id='line_1_78' title="bbox 2336 3175 3832 3253; baseline 0.005 -26"><span class='ocrx_word' id='word_1_577' title='bbox 2336 3175 2592 3245; x_wconf 73' lang='lat' dir='ltr'><strong>Quidquid</strong></span> <span class='ocrx_word' id='word_1_578' title='bbox 2621 3177 2672 3231; x_wconf 90' lang='lat' dir='ltr'><strong>in</strong></span> <span class='ocrx_word' id='word_1_579' title='bbox 2709 3194 2792 3232; x_wconf 92' lang='lat' dir='ltr'><strong>me</strong></span> <span class='ocrx_word' id='word_1_580' title='bbox 2823 3178 3074 3234; x_wconf 88' lang='lat' dir='ltr'><strong>vitiosum</strong></span> <span class='ocrx_word' id='word_1_581' title='bbox 3104 3180 3323 3251; x_wconf 89' lang='lat' dir='ltr'><strong>inspicis</strong></span> <span class='ocrx_word' id='word_1_582' title='bbox 3346 3197 3516 3247; x_wconf 87' lang='lat' dir='ltr'><strong>cura;</strong></span> <span class='ocrx_word' id='word_1_583' title='bbox 3563 3182 3605 3238; x_wconf 91' lang='lat' dir='ltr'><strong>si</strong></span> <span class='ocrx_word' id='word_1_584' title='bbox 3629 3198 3727 3253; x_wconf 66' lang='lat' dir='ltr'><strong>quae</strong></span> <span class='ocrx_word' id='word_1_585' title='bbox 3746 3182 3832 3235; x_wconf 73' lang='lat' dir='ltr'><strong>vitio</strong></span> 
     </span>
    </p>
   </div>
   <div class='ocr_carea' id='block_1_79' title="bbox 2339 3267 3831 3335">
    <p class='ocr_par' dir='ltr' id='par_1_79' title="bbox 2339 3267 3831 3335">
     <span class='ocr_line' id='line_1_79' title="bbox 2339 3267 3831 3335; baseline 0.002 -14"><span class='ocrx_word' id='word_1_586' title='bbox 2339 3267 2633 3335; x_wconf 87' lang='lat' dir='ltr'><strong>lepiditatis</strong></span> <span class='ocrx_word' id='word_1_587' title='bbox 2682 3270 2834 3335; x_wconf 72' lang='lat' dir='ltr'><strong>meae,</strong></span> <span class='ocrx_word' id='word_1_588' title='bbox 2883 3270 2965 3325; x_wconf 69' lang='grc' dir='ltr'><strong>γει</strong></span> <span class='ocrx_word' id='word_1_589' title='bbox 3010 3270 3219 3326; x_wconf 84' lang='lat' dir='ltr'><strong>incuria</strong></span> <span class='ocrx_word' id='word_1_590' title='bbox 3254 3270 3638 3329; x_wconf 77' lang='lat' dir='ltr'><strong>centraxerunt</strong></span> <span class='ocrx_word' id='word_1_591' title='bbox 3678 3273 3831 3332; x_wconf 69' lang='lat' dir='ltr'><strong>delicta.</strong></span> 
     </span>
    </p>
   </div>
   <div class='ocr_carea' id='block_1_80' title="bbox 2336 3356 3833 3433">
    <p class='ocr_par' dir='ltr' id='par_1_80' title="bbox 2336 3356 3833 3433">
     <span class='ocr_line' id='line_1_80' title="bbox 2336 3356 3833 3433; baseline 0.003 -25"><span class='ocrx_word' id='word_1_592' title='bbox 2336 3356 2601 3427; x_wconf 78' lang='lat' dir='ltr'><strong>propitius</strong></span> <span class='ocrx_word' id='word_1_593' title='bbox 2633 3358 2861 3414; x_wconf 90' lang='lat' dir='ltr'><strong>dimitte.</strong></span> <span class='ocrx_word' id='word_1_594' title='bbox 2904 3357 2960 3413; x_wconf 90' lang='lat' dir='ltr'><strong>Si</strong></span> <span class='ocrx_word' id='word_1_595' title='bbox 3009 3375 3115 3429; x_wconf 84' lang='lat' dir='ltr'><strong>quo</strong></span> <span class='ocrx_word' id='word_1_596' title='bbox 3157 3362 3320 3415; x_wconf 89' lang='lat' dir='ltr'><strong>etiam</strong></span> <span class='ocrx_word' id='word_1_597' title='bbox 3369 3377 3459 3418; x_wconf 89' lang='lat' dir='ltr'><strong>me</strong></span> <span class='ocrx_word' id='word_1_598' title='bbox 3500 3363 3759 3433; x_wconf 84' lang='lat' dir='ltr'><strong>ignorante,</strong></span> <span class='ocrx_word' id='word_1_599' title='bbox 3780 3361 3833 3413; x_wconf 70' lang='lat' dir='ltr'><strong>vel</strong></span> 
     </span>
    </p>
   </div>
   <div class='ocr_carea' id='block_1_81' title="bbox 2337 3440 3833 3520">
    <p class='ocr_par' dir='ltr' id='par_1_81' title="bbox 2337 3440 3833 3520">
     <span class='ocr_line' id='line_1_81' title="bbox 2337 3440 3833 3520; baseline 0.001 -21"><span class='ocrx_word' id='word_1_600' title='bbox 2337 3447 2540 3501; x_wconf 87' lang='lat' dir='ltr'><strong>sciente</strong></span> <span class='ocrx_word' id='word_1_601' title='bbox 2570 3446 2882 3502; x_wconf 87' lang='lat' dir='ltr'><strong>ceciderunt</strong></span> <span class='ocrx_word' id='word_1_602' title='bbox 2904 3442 2956 3502; x_wconf 88' lang='lat' dir='ltr'><strong>in</strong></span> <span class='ocrx_word' id='word_1_603' title='bbox 2992 3449 3243 3515; x_wconf 90' lang='lat' dir='ltr'><strong>crimine,</strong></span> <span class='ocrx_word' id='word_1_604' title='bbox 3267 3448 3435 3519; x_wconf 76' lang='lat' dir='ltr'><strong>atque</strong></span> <span class='ocrx_word' id='word_1_605' title='bbox 3471 3452 3515 3506; x_wconf 89' lang='lat' dir='ltr'><strong>si</strong></span> <span class='ocrx_word' id='word_1_606' title='bbox 3544 3448 3740 3520; x_wconf 82' lang='lat' dir='ltr'><strong>exempli</strong></span> <span class='ocrx_word' id='word_1_607' title='bbox 3764 3440 3833 3502; x_wconf 78' lang='grc' dir='ltr'>ιιιςί</span> 
     </span>
    </p>
   </div>
   <div class='ocr_carea' id='block_1_82' title="bbox 2337 3536 3835 3613">
    <p class='ocr_par' dir='ltr' id='par_1_82' title="bbox 2337 3536 3835 3613">
     <span class='ocr_line' id='line_1_82' title="bbox 2337 3536 3835 3613; baseline 0.002 -17"><span class='ocrx_word' id='word_1_608' title='bbox 2337 3536 2655 3597; x_wconf 74' lang='grc' dir='ltr'><strong>ὸσοηάὶοιιιο</strong></span> <span class='ocrx_word' id='word_1_609' title='bbox 2682 3555 3004 3613; x_wconf 89' lang='lat' dir='ltr'><strong>proruerunt</strong></span> <span class='ocrx_word' id='word_1_610' title='bbox 3046 3544 3209 3600; x_wconf 79' lang='lat' dir='ltr'><strong>manu</strong></span> <span class='ocrx_word' id='word_1_611' title='bbox 3239 3548 3624 3605; x_wconf 69' lang='lat' dir='ltr'><strong>misericordia:</strong></span> <span class='ocrx_word' id='word_1_612' title='bbox 3650 3558 3732 3603; x_wconf 75' lang='lat' dir='ltr'><strong>tua:</strong></span> <span class='ocrx_word' id='word_1_613' title='bbox 3753 3548 3835 3600; x_wconf 77' lang='lat' dir='ltr'><strong>inde</strong></span> 
     </span>
    </p>
   </div>
   <div class='ocr_carea' id='block_1_83' title="bbox 2338 3625 3834 3707">
    <p class='ocr_par' dir='ltr' id='par_1_83' title="bbox 2338 3625 3834 3707">
     <span class='ocr_line' id='line_1_83' title="bbox 2338 3625 3834 3707; baseline 0 -18"><span class='ocrx_word' id='word_1_614' title='bbox 2338 3636 2487 3705; x_wconf 91' lang='lat' dir='ltr'><strong>eripe</strong></span> <span class='ocrx_word' id='word_1_615' title='bbox 2508 3677 2522 3700; x_wconf 91' lang='lat'><strong>,</strong></span> <span class='ocrx_word' id='word_1_616' title='bbox 2547 3646 2603 3692; x_wconf 92' lang='lat' dir='ltr'><strong>et</strong></span> <span class='ocrx_word' id='word_1_617' title='bbox 2631 3652 2730 3705; x_wconf 89' lang='lat' dir='ltr'><strong>pro</strong></span> <span class='ocrx_word' id='word_1_618' title='bbox 2760 3625 2956 3693; x_wconf 79' lang='lat' dir='ltr'><strong>taliluis</strong></span> <span class='ocrx_word' id='word_1_619' title='bbox 2992 3639 3163 3707; x_wconf 92' lang='lat' dir='ltr'><strong>culpis</strong></span> <span class='ocrx_word' id='word_1_620' title='bbox 3196 3641 3401 3695; x_wconf 89' lang='lat' dir='ltr'><strong>misero</strong></span> <span class='ocrx_word' id='word_1_621' title='bbox 3431 3642 3561 3696; x_wconf 90' lang='lat' dir='ltr'><strong>mihi</strong></span> <span class='ocrx_word' id='word_1_622' title='bbox 3600 3657 3689 3695; x_wconf 90' lang='lat' dir='ltr'><strong>non</strong></span> <span class='ocrx_word' id='word_1_623' title='bbox 3722 3638 3834 3692; x_wconf 81' lang='lat' dir='ltr'><strong>resti-</strong></span> 
     </span>
    </p>
   </div>
   <div class='ocr_carea' id='block_1_84' title="bbox 2342 3727 3834 3803">
    <p class='ocr_par' dir='ltr' id='par_1_84' title="bbox 2342 3727 3834 3803">
     <span class='ocr_line' id='line_1_84' title="bbox 2342 3727 3834 3803; baseline -0.002 -22"><span class='ocrx_word' id='word_1_624' title='bbox 2342 3738 2460 3782; x_wconf 82' lang='lat' dir='ltr'><strong>tuas</strong></span> <span class='ocrx_word' id='word_1_625' title='bbox 2482 3727 2702 3784; x_wconf 88' lang='lat' dir='ltr'><strong>ultionis</strong></span> <span class='ocrx_word' id='word_1_626' title='bbox 2730 3729 2924 3784; x_wconf 87' lang='lat' dir='ltr'><strong>vicem.</strong></span> <span class='ocrx_word' id='word_1_627' title='bbox 2954 3729 3050 3785; x_wconf 89' lang='lat' dir='ltr'><strong>llis</strong></span> <span class='ocrx_word' id='word_1_628' title='bbox 3076 3739 3276 3796; x_wconf 90' lang='lat' dir='ltr'><strong>tamen,</strong></span> <span class='ocrx_word' id='word_1_629' title='bbox 3310 3734 3511 3803; x_wconf 87' lang='lat' dir='ltr'><strong>quibus</strong></span> <span class='ocrx_word' id='word_1_630' title='bbox 3532 3729 3834 3801; x_wconf 78' lang='lat' dir='ltr'><strong>increpatioais</strong></span> 
     </span>
    </p>
   </div>
   <div class='ocr_carea' id='block_1_85' title="bbox 2339 3804 3835 3898">
    <p class='ocr_par' dir='ltr' id='par_1_85' title="bbox 2339 3804 3835 3898">
     <span class='ocr_line' id='line_1_85' title="bbox 2339 3804 3835 3898; baseline -0.001 -27"><span class='ocrx_word' id='word_1_631' title='bbox 2339 3820 2489 3884; x_wconf 85' lang='lat' dir='ltr'><strong>visus</strong></span> <span class='ocrx_word' id='word_1_632' title='bbox 2532 3835 2650 3875; x_wconf 90' lang='lat' dir='ltr'><strong>sum</strong></span> <span class='ocrx_word' id='word_1_633' title='bbox 2707 3804 2963 3898; x_wconf 84' lang='lat' dir='ltr'><strong>adbibere</strong></span> <span class='ocrx_word' id='word_1_634' title='bbox 2993 3805 3272 3892; x_wconf 82' lang='lat' dir='ltr'><strong>judicium,</strong></span> <span class='ocrx_word' id='word_1_635' title='bbox 3327 3824 3619 3894; x_wconf 86' lang='lat' dir='ltr'><strong>increpatio</strong></span> <span class='ocrx_word' id='word_1_636' title='bbox 3654 3808 3835 3891; x_wconf 78' lang='lat' dir='ltr'><strong>proﬁciat</strong></span> 
     </span>
    </p>
   </div>
   <div class='ocr_carea' id='block_1_86' title="bbox 2340 3900 3835 3984">
    <p class='ocr_par' dir='ltr' id='par_1_86' title="bbox 2340 3900 3835 3984">
     <span class='ocr_line' id='line_1_86' title="bbox 2340 3900 3835 3984; baseline 0 -22"><span class='ocrx_word' id='word_1_637' title='bbox 2340 3910 2407 3964; x_wconf 89' lang='lat' dir='ltr'><strong>ad</strong></span> <span class='ocrx_word' id='word_1_638' title='bbox 2432 3910 2679 3966; x_wconf 90' lang='lat' dir='ltr'><strong>salutem.</strong></span> <span class='ocrx_word' id='word_1_639' title='bbox 2706 3912 2773 3966; x_wconf 86' lang='lat' dir='ltr'><strong>Et</strong></span> <span class='ocrx_word' id='word_1_640' title='bbox 2794 3900 2969 3967; x_wconf 83' lang='lat' dir='ltr'><strong>oratio</strong></span> <span class='ocrx_word' id='word_1_641' title='bbox 2992 3913 3105 3967; x_wconf 65' lang='lat' dir='ltr'><strong>haec</strong></span> <span class='ocrx_word' id='word_1_642' title='bbox 3129 3913 3481 3984; x_wconf 87' lang='lat' dir='ltr'><strong>interpellans</strong></span> <span class='ocrx_word' id='word_1_643' title='bbox 3509 3913 3835 3968; x_wconf 72' lang='lat' dir='ltr'><strong>commissuros</strong></span> 
     </span>
    </p>
   </div>
   <div class='ocr_carea' id='block_1_87' title="bbox 2342 3986 3834 4085">
    <p class='ocr_par' dir='ltr' id='par_1_87' title="bbox 2342 3986 3834 4085">
     <span class='ocr_line' id='line_1_87' title="bbox 2342 3986 3834 4085; baseline -0.001 -32"><span class='ocrx_word' id='word_1_644' title='bbox 2342 3996 2552 4057; x_wconf 87' lang='lat' dir='ltr'><strong>revocet</strong></span> <span class='ocrx_word' id='word_1_645' title='bbox 2578 3986 2646 4057; x_wconf 86' lang='lat' dir='ltr'><strong>ab</strong></span> <span class='ocrx_word' id='word_1_646' title='bbox 2671 4018 2877 4069; x_wconf 90' lang='lat' dir='ltr'><strong>errore,</strong></span> <span class='ocrx_word' id='word_1_647' title='bbox 2904 4003 2961 4058; x_wconf 88' lang='lat' dir='ltr'><strong>ut</strong></span> <span class='ocrx_word' id='word_1_648' title='bbox 2983 4020 3087 4060; x_wconf 90' lang='lat' dir='ltr'><strong>non</strong></span> <span class='ocrx_word' id='word_1_649' title='bbox 3119 4004 3399 4085; x_wconf 82' lang='lat' dir='ltr'><strong>perferant</strong></span> <span class='ocrx_word' id='word_1_650' title='bbox 3416 4015 3667 4061; x_wconf 86' lang='lat' dir='ltr'><strong>tartareos</strong></span> <span class='ocrx_word' id='word_1_651' title='bbox 3683 4002 3834 4059; x_wconf 75' lang='lat' dir='ltr'><strong>crucia-</strong></span> 
     </span>
    </p>
   </div>
   <div class='ocr_carea' id='block_1_88' title="bbox 2284 4091 3837 4165">
    <p class='ocr_par' dir='ltr' id='par_1_88' title="bbox 2284 4091 3837 4165">
     <span class='ocr_line' id='line_1_88' title="bbox 2284 4091 3837 4165; baseline 0.001 -24"><span class='ocrx_word' id='word_1_652' title='bbox 2284 4104 2287 4107; x_wconf 67' lang='lat'><strong><em>&#39;</em></strong></span> <span class='ocrx_word' id='word_1_653' title='bbox 2341 4097 2425 4143; x_wconf 87' lang='lat' dir='ltr'><strong>tus</strong></span> <span class='ocrx_word' id='word_1_654' title='bbox 2450 4128 2465 4152; x_wconf 92' lang='lat'><strong>,</strong></span> <span class='ocrx_word' id='word_1_655' title='bbox 2489 4091 2682 4159; x_wconf 88' lang='lat' dir='ltr'><strong>quibus</strong></span> <span class='ocrx_word' id='word_1_656' title='bbox 2713 4100 2899 4162; x_wconf 89' lang='lat' dir='ltr'><strong>utpote</strong></span> <span class='ocrx_word' id='word_1_657' title='bbox 2921 4094 3237 4150; x_wconf 82' lang='lat' dir='ltr'><strong>mortalibus</strong></span> <span class='ocrx_word' id='word_1_658' title='bbox 3260 4096 3588 4165; x_wconf 67' lang='lat' dir='ltr'><strong>pmnitentizc</strong></span> <span class='ocrx_word' id='word_1_659' title='bbox 3618 4094 3837 4149; x_wconf 79' lang='lat' dir='ltr'><strong>indiximus</strong></span> 
     </span>
    </p>
   </div>
   <div class='ocr_carea' id='block_1_89' title="bbox 2340 4182 3835 4260">
    <p class='ocr_par' dir='ltr' id='par_1_89' title="bbox 2340 4182 3835 4260">
     <span class='ocr_line' id='line_1_89' title="bbox 2340 4182 3835 4260; baseline 0.002 -24"><span class='ocrx_word' id='word_1_660' title='bbox 2340 4182 2505 4254; x_wconf 80' lang='lat' dir='ltr'><strong>leges,</strong></span> <span class='ocrx_word' id='word_1_661' title='bbox 2534 4201 2640 4255; x_wconf 89' lang='lat' dir='ltr'><strong>quo</strong></span> <span class='ocrx_word' id='word_1_662' title='bbox 2664 4194 3012 4257; x_wconf 90' lang='lat' dir='ltr'><strong>utrorumque</strong></span> <span class='ocrx_word' id='word_1_663' title='bbox 3052 4188 3405 4244; x_wconf 90' lang='lat' dir='ltr'><strong>incommodis</strong></span> <span class='ocrx_word' id='word_1_664' title='bbox 3431 4205 3663 4260; x_wconf 86' lang='lat' dir='ltr'><strong>parcens,</strong></span> <span class='ocrx_word' id='word_1_665' title='bbox 3687 4197 3730 4241; x_wconf 90' lang='lat' dir='ltr'><strong>et</strong></span> <span class='ocrx_word' id='word_1_666' title='bbox 3753 4184 3835 4239; x_wconf 83' lang='lat' dir='ltr'><strong>illo-</strong></span> 
     </span>
    </p>
   </div>
   <div class='ocr_carea' id='block_1_90' title="bbox 2339 4274 3835 4344">
    <p class='ocr_par' dir='ltr' id='par_1_90' title="bbox 2339 4274 3835 4344">
     <span class='ocr_line' id='line_1_90' title="bbox 2339 4274 3835 4344; baseline 0.001 -19"><span class='ocrx_word' id='word_1_667' title='bbox 2339 4287 2456 4327; x_wconf 89' lang='lat' dir='ltr'><strong>rum</strong></span> <span class='ocrx_word' id='word_1_668' title='bbox 2487 4274 2856 4343; x_wconf 89' lang='lat' dir='ltr'><strong>iniquitatibus</strong></span> <span class='ocrx_word' id='word_1_669' title='bbox 2887 4278 3091 4332; x_wconf 90' lang='lat' dir='ltr'><strong>tribuas</strong></span> <span class='ocrx_word' id='word_1_670' title='bbox 3131 4279 3340 4333; x_wconf 88' lang='lat' dir='ltr'><strong>veniam</strong></span> <span class='ocrx_word' id='word_1_671' title='bbox 3360 4320 3375 4344; x_wconf 91' lang='lat'><strong>,</strong></span> <span class='ocrx_word' id='word_1_672' title='bbox 3399 4289 3455 4334; x_wconf 90' lang='lat' dir='ltr'><strong>et</strong></span> <span class='ocrx_word' id='word_1_673' title='bbox 3484 4295 3648 4335; x_wconf 87' lang='lat' dir='ltr'><strong>meam</strong></span> <span class='ocrx_word' id='word_1_674' title='bbox 3669 4285 3835 4332; x_wconf 76' lang='lat' dir='ltr'><strong>contra-</strong></span> 
     </span>
    </p>
   </div>
   <div class='ocr_carea' id='block_1_91' title="bbox 2341 4364 3835 4437">
    <p class='ocr_par' dir='ltr' id='par_1_91' title="bbox 2341 4364 3835 4437">
     <span class='ocr_line' id='line_1_91' title="bbox 2341 4364 3835 4437; baseline 0.001 -22"><span class='ocrx_word' id='word_1_675' title='bbox 2341 4370 2483 4416; x_wconf 87' lang='lat' dir='ltr'><strong>ctum</strong></span> <span class='ocrx_word' id='word_1_676' title='bbox 2530 4364 2719 4419; x_wconf 91' lang='lat' dir='ltr'><strong>abluas</strong></span> <span class='ocrx_word' id='word_1_677' title='bbox 2753 4365 2820 4419; x_wconf 88' lang='lat' dir='ltr'><strong>de</strong></span> <span class='ocrx_word' id='word_1_678' title='bbox 2878 4367 3100 4437; x_wconf 82' lang='lat' dir='ltr'><strong>regendi</strong></span> <span class='ocrx_word' id='word_1_679' title='bbox 3155 4368 3590 4425; x_wconf 88' lang='lat' dir='ltr'><strong>incommoditate</strong></span> <span class='ocrx_word' id='word_1_680' title='bbox 3620 4367 3835 4423; x_wconf 78' lang='lat' dir='ltr'><strong>otl‘ensam.</strong></span> 
     </span>
    </p>
   </div>
   <div class='ocr_carea' id='block_1_92' title="bbox 670 4438 3838 4522">
    <p class='ocr_par' dir='ltr' id='par_1_92' title="bbox 670 4438 3838 4522">
     <span class='ocr_line' id='line_1_92' title="bbox 670 4438 3838 4522; baseline 0.002 -23"><span class='ocrx_word' id='word_1_681' title='bbox 670 4438 817 4509; x_wconf 79' lang='lat' dir='ltr'><strong>stris,</strong></span> <span class='ocrx_word' id='word_1_682' title='bbox 845 4461 979 4516; x_wconf 91' lang='lat' dir='ltr'><strong>quas</strong></span> <span class='ocrx_word' id='word_1_683' title='bbox 997 4447 1212 4516; x_wconf 91' lang='lat' dir='ltr'><strong>pietatis</strong></span> <span class='ocrx_word' id='word_1_684' title='bbox 1235 4455 1337 4502; x_wconf 70' lang='lat' dir='ltr'><strong>ture</strong></span> <span class='ocrx_word' id='word_1_685' title='bbox 1356 4463 1453 4517; x_wconf 88' lang='lat' dir='ltr'><strong>pro</strong></span> <span class='ocrx_word' id='word_1_686' title='bbox 1482 4448 1823 4506; x_wconf 86' lang='lat' dir='ltr'><strong>tribulatione</strong></span> <span class='ocrx_word' id='word_1_687' title='bbox 1854 4461 2035 4507; x_wconf 86' lang='lat' dir='ltr'><strong>nostra</strong></span> <span class='ocrx_word' id='word_1_688' title='bbox 2064 4453 2236 4509; x_wconf 70' lang='lat' dir='ltr'><strong>etfuu—</strong></span> <span class='ocrx_word' id='word_1_689' title='bbox 2266 4440 2315 4502; x_wconf 83' lang='lat' dir='ltr'><strong>D</strong></span> <span class='ocrx_word' id='word_1_690' title='bbox 2343 4449 2527 4507; x_wconf 74' lang='lat' dir='ltr'><strong>l’rzebe</strong></span> <span class='ocrx_word' id='word_1_691' title='bbox 2557 4439 2695 4507; x_wconf 86' lang='lat' dir='ltr'><strong>Deus</strong></span> <span class='ocrx_word' id='word_1_692' title='bbox 2719 4469 2905 4509; x_wconf 87' lang='lat' dir='ltr'><strong>aurem</strong></span> <span class='ocrx_word' id='word_1_693' title='bbox 2933 4455 3217 4511; x_wconf 88' lang='lat' dir='ltr'><strong>sacrificiis</strong></span> <span class='ocrx_word' id='word_1_694' title='bbox 3246 4446 3447 4514; x_wconf 87' lang='lat' dir='ltr'><strong>nostris</strong></span> <span class='ocrx_word' id='word_1_695' title='bbox 3467 4500 3483 4522; x_wconf 87' lang='lat'><strong><em>.</em></strong></span> <span class='ocrx_word' id='word_1_696' title='bbox 3514 4468 3567 4513; x_wconf 89' lang='lat' dir='ltr'><strong>et</strong></span> <span class='ocrx_word' id='word_1_697' title='bbox 3591 4474 3695 4521; x_wconf 88' lang='lat' dir='ltr'><strong>me,</strong></span> <span class='ocrx_word' id='word_1_698' title='bbox 3722 4453 3838 4510; x_wconf 60' lang='lat' dir='ltr'><strong>mihi</strong></span> 
     </span>
    </p>
   </div>
   <div class='ocr_carea' id='block_1_93' title="bbox 669 4539 2239 4611">
    <p class='ocr_par' dir='ltr' id='par_1_93' title="bbox 669 4539 2239 4611">
     <span class='ocr_line' id='line_1_93' title="bbox 669 4539 2239 4611; baseline 0.005 -19"><span class='ocrx_word' id='word_1_699' title='bbox 669 4539 799 4594; x_wconf 74' lang='lat' dir='ltr'><strong>dere</strong></span> <span class='ocrx_word' id='word_1_700' title='bbox 822 4540 1195 4609; x_wconf 76' lang='lat' dir='ltr'><strong>prresnmimus</strong></span> <span class='ocrx_word' id='word_1_701' title='bbox 1220 4540 1567 4611; x_wconf 83' lang='lat' dir='ltr'><strong>implorantes</strong></span> <span class='ocrx_word' id='word_1_702' title='bbox 1591 4583 1605 4606; x_wconf 92' lang='lat'><strong>,</strong></span> <span class='ocrx_word' id='word_1_703' title='bbox 1636 4552 1693 4596; x_wconf 90' lang='lat' dir='ltr'><strong>ut</strong></span> <span class='ocrx_word' id='word_1_704' title='bbox 1712 4559 1804 4599; x_wconf 90' lang='lat' dir='ltr'><strong>eas</strong></span> <span class='ocrx_word' id='word_1_705' title='bbox 1832 4544 2129 4600; x_wconf 88' lang='lat' dir='ltr'><strong>clementer</strong></span> <span class='ocrx_word' id='word_1_706' title='bbox 2154 4563 2239 4602; x_wconf 90' lang='lat' dir='ltr'><strong>su-</strong></span> 
     </span>
    </p>
   </div>
   <div class='ocr_carea' id='block_1_94' title="bbox 669 4617 2238 4704">
    <p class='ocr_par' dir='ltr' id='par_1_94' title="bbox 669 4617 2238 4704">
     <span class='ocr_line' id='line_1_94' title="bbox 669 4617 2238 4704; baseline 0.006 -21"><span class='ocrx_word' id='word_1_707' title='bbox 669 4629 877 4698; x_wconf 85' lang='lat' dir='ltr'><strong>scipere</strong></span> <span class='ocrx_word' id='word_1_708' title='bbox 902 4630 1160 4701; x_wconf 78' lang='lat' dir='ltr'><strong>digneris,</strong></span> <span class='ocrx_word' id='word_1_709' title='bbox 1192 4631 1524 4701; x_wconf 87' lang='lat' dir='ltr'><strong>tribuasquc,</strong></span> <span class='ocrx_word' id='word_1_710' title='bbox 1553 4642 1611 4686; x_wconf 92' lang='lat' dir='ltr'><strong>ut</strong></span> <span class='ocrx_word' id='word_1_711' title='bbox 1632 4617 1884 4704; x_wconf 89' lang='lat' dir='ltr'><strong>quicquid</strong></span> <span class='ocrx_word' id='word_1_712' title='bbox 1912 4645 2099 4691; x_wconf 89' lang='lat' dir='ltr'><strong>contra</strong></span> <span class='ocrx_word' id='word_1_713' title='bbox 2141 4649 2238 4692; x_wconf 84' lang='lat' dir='ltr'><strong>nos</strong></span> 
     </span>
    </p>
   </div>
   <div class='ocr_carea' id='block_1_95' title="bbox 666 4712 2236 4789">
    <p class='ocr_par' dir='ltr' id='par_1_95' title="bbox 666 4712 2236 4789">
     <span class='ocr_line' id='line_1_95' title="bbox 666 4712 2236 4789; baseline 0.009 -22"><span class='ocrx_word' id='word_1_714' title='bbox 666 4712 943 4772; x_wconf 67' lang='lat' dir='ltr'><strong>diabolicae</strong></span> <span class='ocrx_word' id='word_1_715' title='bbox 964 4729 1124 4789; x_wconf 89' lang='lat' dir='ltr'><strong>atque</strong></span> <span class='ocrx_word' id='word_1_716' title='bbox 1153 4720 1397 4774; x_wconf 79' lang='lat' dir='ltr'><strong>humana:</strong></span> <span class='ocrx_word' id='word_1_717' title='bbox 1432 4721 1725 4776; x_wconf 76' lang='lat' dir='ltr'><strong>molientur</strong></span> <span class='ocrx_word' id='word_1_718' title='bbox 1748 4723 2104 4780; x_wconf 84' lang='lat' dir='ltr'><strong>adversitates</strong></span> <span class='ocrx_word' id='word_1_719' title='bbox 2123 4766 2137 4789; x_wconf 93' lang='lat'><strong>,</strong></span> <span class='ocrx_word' id='word_1_720' title='bbox 2169 4726 2236 4781; x_wconf 88' lang='lat' dir='ltr'><strong>ad</strong></span> 
     </span>
    </p>
   </div>
   <div class='ocr_carea' id='block_1_96' title="bbox 670 4804 2237 4883">
    <p class='ocr_par' dir='ltr' id='par_1_96' title="bbox 670 4804 2237 4883">
     <span class='ocr_line' id='line_1_96' title="bbox 670 4804 2237 4883; baseline 0.008 -27"><span class='ocrx_word' id='word_1_721' title='bbox 670 4804 896 4883; x_wconf 80' lang='lat' dir='ltr'><strong>nihilum</strong></span> <span class='ocrx_word' id='word_1_722' title='bbox 923 4808 1153 4877; x_wconf 88' lang='lat' dir='ltr'><strong>redigas,</strong></span> <span class='ocrx_word' id='word_1_723' title='bbox 1200 4818 1255 4863; x_wconf 92' lang='lat' dir='ltr'><strong>et</strong></span> <span class='ocrx_word' id='word_1_724' title='bbox 1294 4809 1517 4866; x_wconf 85' lang='lat' dir='ltr'><strong>consilio</strong></span> <span class='ocrx_word' id='word_1_725' title='bbox 1545 4812 1761 4881; x_wconf 89' lang='lat' dir='ltr'><strong>pietatis</strong></span> <span class='ocrx_word' id='word_1_726' title='bbox 1800 4821 1902 4867; x_wconf 73' lang='lat' dir='ltr'><strong>tute</strong></span> <span class='ocrx_word' id='word_1_727' title='bbox 1940 4813 2149 4879; x_wconf 88' lang='lat' dir='ltr'><strong>allidas,</strong></span> <span class='ocrx_word' id='word_1_728' title='bbox 2179 4821 2237 4868; x_wconf 91' lang='lat' dir='ltr'><strong>ut</strong></span> 
     </span>
    </p>
   </div>
   <div class='ocr_carea' id='block_1_97' title="bbox 673 4895 2233 4972">
    <p class='ocr_par' dir='ltr' id='par_1_97' title="bbox 673 4895 2233 4972">
     <span class='ocr_line' id='line_1_97' title="bbox 673 4895 2233 4972; baseline 0.005 -23"><span class='ocrx_word' id='word_1_729' title='bbox 673 4895 830 4949; x_wconf 88' lang='lat' dir='ltr'><strong>nullis</strong></span> <span class='ocrx_word' id='word_1_730' title='bbox 858 4895 1268 4953; x_wconf 84' lang='lat' dir='ltr'><strong>adversitatibus</strong></span> <span class='ocrx_word' id='word_1_731' title='bbox 1295 4900 1405 4955; x_wconf 63' lang='lat' dir='ltr'><strong>laesi</strong></span> <span class='ocrx_word' id='word_1_732' title='bbox 1430 4942 1444 4967; x_wconf 89' lang='lat'><strong>,</strong></span> <span class='ocrx_word' id='word_1_733' title='bbox 1474 4903 1568 4957; x_wconf 89' lang='lat' dir='ltr'><strong>sed</strong></span> <span class='ocrx_word' id='word_1_734' title='bbox 1598 4903 1768 4972; x_wconf 89' lang='lat' dir='ltr'><strong>erepti</strong></span> <span class='ocrx_word' id='word_1_735' title='bbox 1797 4906 1865 4957; x_wconf 86' lang='lat' dir='ltr'><strong>de</strong></span> <span class='ocrx_word' id='word_1_736' title='bbox 1884 4902 2030 4958; x_wconf 89' lang='lat' dir='ltr'><strong>omni</strong></span> <span class='ocrx_word' id='word_1_737' title='bbox 2062 4898 2233 4959; x_wconf 84' lang='lat' dir='ltr'><strong>tribu-</strong></span> 
     </span>
    </p>
   </div>
   <div class='ocr_carea' id='block_1_98' title="bbox 2341 4544 3837 4621">
    <p class='ocr_par' dir='ltr' id='par_1_98' title="bbox 2341 4544 3837 4621">
     <span class='ocr_line' id='line_1_98' title="bbox 2341 4544 3837 4621; baseline 0.003 -27"><span class='ocrx_word' id='word_1_738' title='bbox 2341 4557 2445 4609; x_wconf 88' lang='lat' dir='ltr'><strong>que</strong></span> <span class='ocrx_word' id='word_1_739' title='bbox 2482 4544 2798 4598; x_wconf 88' lang='lat' dir='ltr'><strong>commissos</strong></span> <span class='ocrx_word' id='word_1_740' title='bbox 2841 4546 2948 4600; x_wconf 90' lang='lat' dir='ltr'><strong>tuis</strong></span> <span class='ocrx_word' id='word_1_741' title='bbox 2995 4548 3245 4603; x_wconf 84' lang='lat' dir='ltr'><strong>adseribe</strong></span> <span class='ocrx_word' id='word_1_742' title='bbox 3288 4549 3339 4603; x_wconf 90' lang='lat' dir='ltr'><strong>in</strong></span> <span class='ocrx_word' id='word_1_743' title='bbox 3382 4550 3603 4621; x_wconf 84' lang='lat' dir='ltr'><strong>paginis,</strong></span> <span class='ocrx_word' id='word_1_744' title='bbox 3628 4562 3716 4617; x_wconf 88' lang='lat' dir='ltr'><strong>quo</strong></span> <span class='ocrx_word' id='word_1_745' title='bbox 3748 4558 3837 4599; x_wconf 80' lang='lat' dir='ltr'><strong>cum</strong></span> 
     </span>
    </p>
   </div>
   <div class='ocr_carea' id='block_1_99' title="bbox 2338 4629 3838 4701">
    <p class='ocr_par' dir='ltr' id='par_1_99' title="bbox 2338 4629 3838 4701">
     <span class='ocr_line' id='line_1_99' title="bbox 2338 4629 3838 4701; baseline 0.001 -17"><span class='ocrx_word' id='word_1_746' title='bbox 2338 4630 2514 4701; x_wconf 84' lang='lat' dir='ltr'><strong>Gregc</strong></span> <span class='ocrx_word' id='word_1_747' title='bbox 2541 4632 2668 4686; x_wconf 89' lang='lat' dir='ltr'><strong>mihi</strong></span> <span class='ocrx_word' id='word_1_748' title='bbox 2692 4633 2918 4699; x_wconf 90' lang='lat' dir='ltr'><strong>credito,</strong></span> <span class='ocrx_word' id='word_1_749' title='bbox 2942 4644 2996 4690; x_wconf 87' lang='lat' dir='ltr'><strong>et</strong></span> <span class='ocrx_word' id='word_1_750' title='bbox 3022 4650 3053 4689; x_wconf 90' lang='lat' dir='ltr'><strong>a</strong></span> <span class='ocrx_word' id='word_1_751' title='bbox 3082 4646 3279 4691; x_wconf 92' lang='lat' dir='ltr'><strong>cuncto</strong></span> <span class='ocrx_word' id='word_1_752' title='bbox 3309 4637 3460 4692; x_wconf 83' lang='lat' dir='ltr'><strong>eluar</strong></span> <span class='ocrx_word' id='word_1_753' title='bbox 3485 4637 3708 4699; x_wconf 82' lang='lat' dir='ltr'><strong>crimine,</strong></span> <span class='ocrx_word' id='word_1_754' title='bbox 3728 4641 3771 4688; x_wconf 83' lang='lat' dir='ltr'><strong>et</strong></span> <span class='ocrx_word' id='word_1_755' title='bbox 3790 4629 3838 4682; x_wconf 74' lang='lat' dir='ltr'><strong>ad</strong></span> 
     </span>
    </p>
   </div>
   <div class='ocr_carea' id='block_1_100' title="bbox 2342 4713 3839 4792">
    <p class='ocr_par' dir='ltr' id='par_1_100' title="bbox 2342 4713 3839 4792">
     <span class='ocr_line' id='line_1_100' title="bbox 2342 4713 3839 4792; baseline 0.004 -21"><span class='ocrx_word' id='word_1_756' title='bbox 2342 4718 2394 4773; x_wconf 86' lang='lat' dir='ltr'><strong>te</strong></span> <span class='ocrx_word' id='word_1_757' title='bbox 2418 4716 2627 4773; x_wconf 73' lang='lat' dir='ltr'><strong>merear</strong></span> <span class='ocrx_word' id='word_1_758' title='bbox 2654 4719 2935 4789; x_wconf 86' lang='lat' dir='ltr'><strong>pervenire</strong></span> <span class='ocrx_word' id='word_1_759' title='bbox 2982 4721 3035 4775; x_wconf 91' lang='lat' dir='ltr'><strong>in</strong></span> <span class='ocrx_word' id='word_1_760' title='bbox 3082 4736 3231 4792; x_wconf 77' lang='lat' dir='ltr'><strong>pace.</strong></span> <span class='ocrx_word' id='word_1_761' title='bbox 3276 4722 3530 4779; x_wconf 90' lang='lat' dir='ltr'><strong>Pacatum</strong></span> <span class='ocrx_word' id='word_1_762' title='bbox 3562 4713 3705 4779; x_wconf 84' lang='lat' dir='ltr'><strong>redJe</strong></span> <span class='ocrx_word' id='word_1_763' title='bbox 3738 4721 3839 4773; x_wconf 72' lang='lat' dir='ltr'><strong>Deus</strong></span> 
     </span>
    </p>
   </div>
   <div class='ocr_carea' id='block_1_101' title="bbox 2340 4806 3837 4886">
    <p class='ocr_par' dir='ltr' id='par_1_101' title="bbox 2340 4806 3837 4886">
     <span class='ocr_line' id='line_1_101' title="bbox 2340 4806 3837 4886; baseline 0.006 -27"><span class='ocrx_word' id='word_1_764' title='bbox 2340 4806 2644 4863; x_wconf 81' lang='lat' dir='ltr'><strong>nostrorum</strong></span> <span class='ocrx_word' id='word_1_765' title='bbox 2671 4810 2915 4864; x_wconf 86' lang='lat' dir='ltr'><strong>cordium</strong></span> <span class='ocrx_word' id='word_1_766' title='bbox 2949 4806 3310 4867; x_wconf 87' lang='lat' dir='ltr'><strong>habitaculum</strong></span> <span class='ocrx_word' id='word_1_767' title='bbox 3331 4854 3346 4879; x_wconf 92' lang='lat'><strong>,</strong></span> <span class='ocrx_word' id='word_1_768' title='bbox 3373 4815 3669 4886; x_wconf 85' lang='lat' dir='ltr'><strong>expulsione</strong></span> <span class='ocrx_word' id='word_1_769' title='bbox 3690 4824 3837 4867; x_wconf 79' lang='lat' dir='ltr'><strong>carm-</strong></span> 
     </span>
    </p>
   </div>
   <div class='ocr_carea' id='block_1_102' title="bbox 2342 4894 3841 4969">
    <p class='ocr_par' dir='ltr' id='par_1_102' title="bbox 2342 4894 3841 4969">
     <span class='ocr_line' id='line_1_102' title="bbox 2342 4894 3841 4969; baseline 0.003 -21"><span class='ocrx_word' id='word_1_770' title='bbox 2342 4894 2470 4949; x_wconf 88' lang='lat' dir='ltr'><strong>lium</strong></span> <span class='ocrx_word' id='word_1_771' title='bbox 2500 4897 2786 4964; x_wconf 86' lang='lat' dir='ltr'><strong>vitiorum;</strong></span> <span class='ocrx_word' id='word_1_772' title='bbox 2827 4908 2883 4953; x_wconf 89' lang='lat' dir='ltr'><strong>et</strong></span> <span class='ocrx_word' id='word_1_773' title='bbox 2920 4900 3046 4969; x_wconf 86' lang='lat' dir='ltr'><strong>quia</strong></span> <span class='ocrx_word' id='word_1_774' title='bbox 3077 4900 3130 4953; x_wconf 92' lang='lat' dir='ltr'><strong>in</strong></span> <span class='ocrx_word' id='word_1_775' title='bbox 3166 4902 3397 4957; x_wconf 89' lang='lat' dir='ltr'><strong>subditis</strong></span> <span class='ocrx_word' id='word_1_776' title='bbox 3439 4918 3601 4959; x_wconf 86' lang='lat' dir='ltr'><strong>conor</strong></span> <span class='ocrx_word' id='word_1_777' title='bbox 3631 4909 3841 4956; x_wconf 80' lang='lat' dir='ltr'><strong>summam</strong></span> 
     </span>
    </p>
   </div>
  </div>
