3992 6304
283 398 420 456 1521

1636 395 1843 455 MISSA
1875 393 2150 452 LATlNA.

3348 420 3351 423 -
3389 386 3533 445 1522

285 507 497 563 ﬁcetur.
515 502 739 576 Suscipe
753 504 977 561 Domine
993 513 1564 563 nostrorumvotorum
1579 504 1854 573 libamina,
1881 511 1935 572 Α
1958 505 2263 571 Dominum,
2305 512 2363 561 et
2410 503 2789 561 viviﬁcantem.
2836 504 2938 572 Qui
2978 518 3050 562 ex
3089 504 3270 571 Patre,
3318 503 3536 574 ﬁlioque

282 606 339 654 et
358 613 456 668 per
479 598 595 653 haec
619 595 877 668 quidquid
917 597 972 653 in
1015 598 1259 659 subditos
1286 597 1637 655 correctionis
1667 598 1856 663 verba,

280 692 369 748 vel
397 691 592 747 merito
621 690 995 762 impertimur,
1040 707 1148 748 non
1178 693 1247 747 ad
1290 692 1617 748 discordiam
1661 690 1858 757 nostri,

282 783 378 839 sed
404 783 471 839 ad
502 780 803 837 dulcedinis
822 789 1096 852 perpetuae
1126 780 1402 852 gaudium,
1429 788 1484 835 et
1504 779 1681 844 nobis,
1712 786 1767 834 ει
1793 777 1856 832 il-

282 874 350 930 lis
362 872 652 946 profecisse
664 875 991 944 gaudeamus
1009 887 1025 928 :
1042 872 1197 928 ablue
1213 889 1311 928 nos
1325 873 1470 929 omni
1475 881 1665 942 potens
1693 871 1859 937 Deus,

281 975 339 1022 et
363 967 539 1022 alieno
564 1008 580 1034 ,
610 975 665 1022 et
693 965 915 1036 proprio
944 965 1167 1032 delicto,
1193 965 1330 1019 utin
1353 973 1585 1036 utraque
1620 963 1862 1039 etspiri-

284 1060 406 1116 talis
450 1060 636 1131 gratiae
687 1057 1033 1114 eﬁicientiam
1080 1057 1375 1129 capientes,
1418 1056 1721 1113 ﬁducialius
1768 1063 1864 1112 tuo

280 1151 485 1207 nomini
515 1151 897 1223 supplicamus.
927 1150 1033 1206 Per
1059 1158 1164 1207 etc.

281 1262 413 1319 Cum
440 1264 706 1320 incensum
747 1275 868 1319 ante
910 1264 1232 1335 evangelium
1268 1265 1324 1318 in
1353 1262 1680 1319 thuribulum
1706 1261 1867 1318 mitti-

257 1340 261 1344 ’
796 1345 884 1389 tur
908 1335 1050 1389 dicat
1078 1335 1343 1390 sacerdos.

352 1426 531 1484 Odore
555 1425 794 1484 caelestis
826 1425 1197 1497 inspirationis
1226 1434 1331 1482 tua:
1373 1426 1655 1494 accendat,
1683 1434 1739 1482 et
1764 1426 1868 1481 im-

278 1519 426 1591 pleat
453 1518 711 1574 Dominus
724 1518 888 1572 corda
906 1524 1090 1573 nostra
1114 1516 1180 1572 ad
1203 1516 1494 1584 audienda,
1522 1524 1578 1574 et
1599 1515 1867 1589 implenda

280 1611 545 1683 evangelii
568 1611 652 1668 sui
672 1618 962 1682 praecepta.
993 1609 1096 1677 Qui
1120 1608 1260 1665 vivis
1288 1618 1395 1666 etc.

248 1712 253 1717 '
774 1702 1076 1759 Benedictio
1107 1701 1361 1774 ejusdem.

352 1794 410 1850 In
439 1794 657 1851 nomine
684 1793 901 1851 Domini
933 1792 1108 1848 nostri
1134 1791 1261 1848 Jesu
1283 1790 1489 1847 Christi
1513 1791 1870 1849 benedicatur

281 1890 565 1947 incensum
586 1890 753 1958 istud,
792 1898 848 1946 et
885 1886 1216 1961 acceptabile
1245 1885 1344 1944 ﬁat
1375 1885 1433 1943 in
1481 1889 1703 1946 odorem
1744 1902 1872 1944 sua-
1896 1889 1948 1951 B

279 1980 482 2039 vitatis.

280 2075 483 2132 Deinde
525 2075 802 2133 inclinanti
840 2093 895 2133 se
933 2075 1159 2201 ἄξιαοηο
1205 2072 1296 2129 dat
1336 2073 1739 2131 benedictionem
1774 2072 1872 2128 Dei

464 2170 477 2182 ο
1008 2162 1169 2201 ισεηδ.

250 2162 253 2167 ”
464 2170 477 2182 ⁶
968 2162 1169 2202 arcens.

351 2238 661 2297 Benedictio
703 2241 801 2296 Dei
846 2239 1028 2296 Patris
1071 2238 1484 2309 omnipotentis,
1526 2245 1582 2294 et
1625 2235 1775 2303 Filii,
1808 2244 1865 2294 et

284 2331 515 2403 Spiritus
542 2331 741 2398 sancti,
773 2331 1070 2388 descendat
1098 2344 1262 2400 super
1289 2336 1362 2396 te,
1401 2338 1453 2384 et
1486 2329 1694 2401 aperiat
1717 2326 1873 2383 Chri-

282 2431 398 2478 stus
423 2422 684 2479 Dominus
710 2439 773 2479 os
804 2432 957 2478 tuum
985 2422 1051 2477 ad
1082 2422 1265 2493 digne,
1292 2421 1591 2490 idaneeque
1618 2435 1865 2490 pronun-

282 2512 535 2570 ciandum
576 2521 828 2569 sanctum
856 2511 1194 2584 evangelium
1225 2527 1404 2567 suum.
1441 2512 1704 2567 Dominus
1730 2510 1873 2567 Dens

280 2605 355 2662 sit
374 2607 429 2661 in
453 2605 616 2662 corde
645 2614 757 2671 tuo,
782 2605 912 2661 etin
952 2604 1110 2660 labiis
1158 2604 1291 2671 tuis,
1321 2610 1384 2660 ut
1404 2602 1631 2659 nuncies
1657 2617 1874 2683 compe-

284 2687 464 2758 tenter
485 2699 826 2772 evangelium
845 2699 1016 2771 pacis.

283 2812 552 2872 Diaconus
579 2812 901 2886 accipiendo,
932 2812 1010 2870 vel
1034 2811 1321 2871 osculando
1350 2811 1674 2886 evangelium
1706 2812 1869 2867 dicat.

354 2907 433 2962 Da
465 2905 598 2962 mihi
623 2906 853 2962 Domine
896 2921 1206 2963 sermonem
1252 2915 1500 2973 rectum,
1531 2916 1588 2961 et
1614 2906 1755 2961 bene
1779 2920 1872 2961 sa-

287 3009 509 3054 nantem
537 2997 592 3053 in
617 3012 679 3053 os
702 3014 883 3054 meum
902 3038 919 3064 ,
947 3006 1007 3052 ut
1036 2998 1284 3069 placeant
1315 2996 1410 3052 tibi
1435 2997 1599 3053 verba
1628 3011 1773 3063 mea,
1815 3005 1871 3053 et

283 3092 532 3148 omnibus
558 3090 904 3147 audientibus
928 3099 1151 3162 propter
1179 3104 1376 3147 nomen
1420 3100 1673 3146 sanctum
1714 3098 1868 3144 tuum

284 3183 340 3239 in
367 3185 534 3241 vitam
571 3192 847 3240 aeternam.
884 3182 1081 3241 Amen.

425 3274 663 3332 Perlecto
686 3285 860 3332 autem
888 3276 1176 3347 evangelio,
1201 3274 1472 3331 Diaconus
1502 3276 1667 3332 dicat.

354 3368 460 3424 Per
499 3370 632 3427 istas
672 3383 951 3426 sermones
995 3368 1169 3424 sancti
1199 3367 1478 3439 Evangelii
1530 3367 1611 3422 tui
1652 3366 1873 3438 indulge

285 3459 417 3517 mihi
441 3459 668 3518 Domine
687 3459 866 3518 omnia
898 3467 1120 3530 peccata
1144 3473 1284 3514 mea.

706 3551 776 3606 Et
814 3549 990 3607 caeteri
1028 3564 1205 3604 omnes
1231 3548 1429 3604 dicant.

361 3642 474 3699 Pax
504 3644 621 3700 tibi.

288 3735 435 3792 Tunc
458 3735 622 3790 allato
644 3734 854 3789 incenso
875 3774 891 3800 ,
917 3734 1176 3805 simulque
1224 3729 1513 3805 Evangelia
1540 3731 1610 3788 ad
1637 3732 1874 3789 salutan-

266 3842 271 3846 -
791 3805 917 3859 dum
940 3805 1118 3859 dicant
1147 3805 1361 3876 singuli.

359 3902 463 3959 Per
490 3901 623 3958 istos
650 3906 870 3957 sanctos
899 3914 1181 3957 sermones
1203 3899 1481 3971 Evangelii
1515 3899 1731 3955 Domini
1775 3913 1874 3953 noa

288 3992 387 4049 stri
415 3992 543 4049 Jesu
568 3992 809 4061 Christi,
834 3991 1110 4062 indulgeat
1138 3991 1296 4049 nobis
1327 3991 1592 4048 Dominus
1619 3990 1874 4047 universa

288 4091 509 4154 peccata
526 4092 733 4139 nostra.

469 4174 694 4242 Quando
738 4175 1005 4231 incensum
1029 4176 1249 4245 offertur
1276 4175 1453 4230 dicant
1479 4174 1693 4246 singuli.

362 4267 639 4338 Dirigatur
665 4267 844 4325 oratio
871 4281 994 4323 mea
1018 4267 1160 4324 sicut
1185 4268 1466 4324 incensum
1496 4267 1553 4322 in
1579 4274 1877 4337 conspectu

293 4367 387 4415 tuo
413 4359 660 4417 Domine.
1738 4364 1747 4371 '

470 4471 616 4529 Tunc
641 4472 884 4529 sacerdos
913 4472 1129 4543 incipiat
1166 4470 1500 4545 Symbolum,
1522 4471 1579 4528 id
1614 4478 1691 4526 est
1715 4488 1735 4527 τ

364 4567 538 4624 Credo
566 4567 621 4622 in
643 4582 809 4641 unum
833 4567 1001 4622 Deum
1025 4566 1241 4621 Patrem
1262 4566 1685 4636 omnipotentem
1708 4563 1878 4620 facto-

293 4677 409 4718 rem
435 4662 581 4727 cmli,
613 4670 668 4716 et
699 4670 878 4716 terra.
904 4660 1214 4716 Visibilium
1253 4659 1495 4714 omnium
1536 4668 1590 4714 et
1631 4657 1874 4713 invisibi-

293 4754 456 4819 lium;
482 4752 549 4807 Et
579 4752 634 4807 in
654 4765 820 4806 unum
850 4749 1135 4806 Dominum
1164 4749 1351 4806 Jesum
1379 4747 1654 4827 Christum
1675 4746 1873 4802 Filium

293 4842 389 4900 Dei
418 4843 774 4914 unigenitum.
806 4841 875 4896 Et
913 4855 981 4897 ex
1022 4840 1188 4897 Patre
1219 4851 1403 4896 natum
1433 4847 1559 4895 ante
1581 4838 1763 4893 omnia
1791 4852 1876 4894 se-

293 4937 430 4992 cnla.
461 4937 630 4991 Deum
658 4934 727 4989 de
764 4935 897 5000 Deo,
942 4933 1125 4990 lumen
1150 4934 1217 4990 de
1240 4934 1462 5000 lumine,
1490 4932 1660 4988 Deum
1684 4946 1875 4987 verum

293 5027 358 5082 de
388 5026 498 5082 Deo
523 5041 670 5082 vero.
688 5024 938 5082 Genitum
970 5041 1076 5080 non
1104 5024 1330 5092 factum,
1358 5022 1874 5081 consubstantialem

292 5119 440 5175 Patri
470 5134 567 5190 per
599 5134 760 5190 quem
787 5118 969 5174 omnia
1008 5119 1152 5174 facta
1183 5126 1328 5175 sunt.
1376 5117 1479 5186 Qui
1508 5124 1731 5189 propter
1774 5131 1873 5173 nos

295 5210 571 5275 homines,
600 5217 655 5264 et
683 5218 903 5281 propter
931 5216 1175 5265 nostram
1213 5208 1442 5265 salutem
1491 5207 1771 5264 descendit
1809 5208 1876 5263 de

295 5303 471 5360 caelis.
502 5302 571 5358 Et
600 5302 917 5358 incarnatus
945 5311 1033 5358 est
1067 5304 1134 5359 de
1161 5301 1366 5372 Spiritu
1397 5312 1586 5357 sancto
1614 5316 1680 5357 ex
1706 5299 1875 5355 Maria

294 5390 539 5464 Virgine,
569 5402 625 5450 et
657 5395 819 5450 homo
863 5392 1039 5451 factus
1081 5402 1181 5450 est.
1230 5392 1540 5449 Cruciﬁxus
1568 5392 1730 5447 etiam
1776 5405 1876 5461 pro

299 5486 452 5543 nobis
492 5489 591 5545 sub
632 5486 826 5545 Pontio
850 5485 1045 5551 Pilato,
1076 5500 1269 5556 passus
1301 5493 1358 5540 et
1401 5482 1640 5553 sepultus
1670 5490 1772 5538 est.
1808 5481 1879 5536 Et

298 5581 597 5635 resurrexit
635 5579 794 5635 tertia
823 5577 910 5633 die
939 5576 1238 5633 secundum
1265 5576 1584 5644 scripturas,
1614 5581 1670 5629 et
1691 5587 1879 5629 ascen-

299 5673 378 5727 dit
401 5672 454 5727 in
483 5671 679 5728 caelum
700 5712 715 5738 ,
747 5671 899 5727 sedet
923 5670 989 5725 ad
1030 5668 1308 5723 dexteram
1337 5666 1533 5721 Patris.
1580 5663 1648 5718 Et
1682 5663 1878 5719 iterum

299 5771 555 5817 venturus
589 5769 673 5818 est
700 5778 821 5819 cum
852 5762 1019 5834 gloria
1049 5760 1298 5830 judicare
1319 5759 1471 5814 vivos
1494 5797 1509 5824 ,
1534 5763 1589 5811 et
1611 5762 1877 5811 mortuos.

300 5851 463 5923 Cujus
490 5850 644 5924 regni
683 5867 789 5907 non
817 5853 924 5907 erit
951 5852 1096 5918 ﬁnis,
1140 5859 1197 5907 ct
1233 5850 1288 5905 in
1321 5848 1586 5921 Spiritum
1626 5852 1879 5910 sanctum

737 5963 1011 6029 Ρηιιοι.
1036 5963 1452 6045 CXXXVIII.

1959 595 2222 666 procedit,
2245 595 2336 666 qui
2360 610 2482 650 cum
2509 595 2693 661 Patre,
2726 604 2783 650 et
2819 593 2958 650 Filia
2981 595 3142 651 simul
3168 594 3441 681 adorat’ur,
3478 602 3541 654 et.

1959 688 2418 759 conglariﬁcatur.
2448 687 2551 756 Qui
2599 687 2810 743 locutus
2848 697 2932 743 est
2972 703 3072 759 per
3110 688 3430 758 Prophetas,
3481 694 3539 744 et

1960 796 2122 837 unam
2164 789 2406 836 sanctam
2449 779 2804 846 catholicam,
2847 788 2904 835 et
2948 779 3299 850 apostolicam
3345 778 3535 835 Eccle-

1962 871 2118 928 siam.
2147 870 2419 927 Conﬁteor
2446 886 2613 927 unum
2636 869 2908 940 Baptisma
2932 870 2988 924 in
3008 872 3383 928 remissionem
3409 886 3540 941 pec-

1963 974 2231 1031 catorum,
2258 973 2314 1043 et
2371 971 2600 1035 expecto
2624 962 3079 1019 resurrectionem
3104 969 3462 1029 mortuorum,
3483 970 3542 1018 et

1961 1055 2131 1111 vitam
2158 1054 2328 1111 futuri
2355 1054 2547 1112 seculi.
2572 1053 2767 1109 Amen.

2079 1165 2263 1223 Finito
2306 1165 2555 1239 Symbolo
2582 1164 2947 1240 Apostolorum
2972 1166 3114 1223 dicat
3141 1165 3420 1226 Sacerdos.

2034 1259 2294 1317 Dominus
2313 1260 2615 1317 vobiscum.

2037 1354 2255 1412 Etcum
2284 1353 2490 1427 Spiritu
2518 1365 2623 1440 tuo.

2103 1472 2303 1530 Deinde
2328 1473 2469 1531 lavat
2495 1492 2684 1531 manus
2707 1477 2843 1532 hanc
2867 1476 3172 1533 Orationem
3197 1477 3395 1532 dicens.

2039 1565 2265 1641 Largire
2311 1570 2559 1627 sensibus
2609 1570 2815 1626 nostris
2858 1571 3203 1642 omnipotens
3246 1568 3431 1635 Pater,
3485 1571 3549 1624 ut
3633 1631 3641 1637 _

1969 1658 2112 1716 sicut
2136 1660 2229 1715 hic
2252 1661 2494 1718 exterius
2515 1660 2809 1718 abluuntur
2832 1661 3240 1732 inquinamenta
3264 1674 3545 1725 manuum,

1970 1752 2053 1808 sic
2079 1767 2110 1807 a
2137 1760 2192 1807 te
2214 1752 2540 1808 mundentur
2567 1752 2796 1808 interius
2819 1751 3142 1823 pollutiones
3170 1751 3459 1815 mentium,
3490 1756 3549 1804 et

1973 1852 2190 1901 crescat
2232 1842 2288 1899 in
2315 1842 2473 1900 nobis
2509 1851 2821 1900 sanctarum
2867 1849 3215 1915 augmentum
3259 1840 3546 1896 virtutum.

1973 1935 2078 1993 Per
2101 1944 2209 1993 etc.

1972 2068 2104 2125 Haec
2126 2068 2379 2141 prtedicta
2402 2070 2570 2141 oratio
2591 2069 2910 2141 dicendaest
2938 2087 2971 2124 α
3000 2067 3269 2141 sacerdote
3294 2083 3412 2141 cum
3434 2080 3549 2120 ma-

2040 2137 2139 2194 nus
2197 2138 2376 2206 lavat,
2426 2139 2535 2194 sive
2591 2150 2714 2195 ante
2767 2137 3021 2208 Missam,
3068 2138 3146 2194 vel
3199 2138 3551 2204 interim,seu

2037 2220 2237 2280 postea.

1975 2320 2106 2377 Tam
2142 2322 2235 2377 diu
2268 2332 2459 2388 autem,
2491 2338 2649 2393 quam
2682 2320 2778 2394 diu
2807 2323 3154 2394 oﬁ'ertorium,
3181 2331 3232 2378 et
3257 2337 3434 2378 versus
3456 2336 3548 2377 ca—

2359 2403 2559 2448 nuntur
2581 2394 2678 2448 ltas
2701 2393 2841 2448 dicat
2871 2395 3152 2449 orationes.

2041 2505 2269 2563 Domine
2294 2505 2436 2563 Deus
2457 2506 2798 2579 omnipotens
2833 2505 2919 2563 fac
2956 2523 3045 2565 me
3082 2517 3423 2579 peccatarem
3451 2508 3552 2564 ho-

1972 2599 2083 2666 die,
2131 2601 2425 2656 secundum
2462 2615 2715 2672 magnam
2752 2599 3180 2657 misericordiam
3220 2609 3368 2656 tuam
3396 2615 3556 2656 acce-
3616 2654 3629 2660 -

1972 2691 2100 2747 dere
2130 2692 2196 2747 ad
2218 2701 2463 2748 sanctum
2494 2690 2676 2748 Altare
2713 2700 2883 2759 tuum,
2926 2701 2982 2749 et
3014 2699 3235 2762 prtesta,
3263 2699 3323 2746 ut
3348 2707 3455 2747 non
3482 2691 3556 2745 sit

1972 2782 2107 2838 mihi
2146 2783 2251 2838 hoc
2283 2782 2613 2839 sacriﬁcium
2644 2792 2825 2840 reatus
2854 2782 2922 2838 ad
2952 2799 3194 2855 poenam,
3228 2781 3322 2839 sed
3349 2781 3555 2838 ablutio

1973 2875 2231 2932 salutaris
2256 2876 2323 2932 ad
2349 2876 2581 2933 veniam.
2612 2874 2718 2932 Per
2747 2885 2853 2933 etc.

2042 2969 2205 3035 Deus,
2236 2969 2327 3039 qui
2362 2969 2429 3024 de
2471 2969 2706 3040 indignis
2743 2969 2934 3041 dignos
2967 2968 3124 3039 facis,
3149 2972 3216 3029 de
3242 2977 3555 3044 peccatori-

1970 3059 2073 3116 bus
2091 3059 2288 3131 justos,
2315 3059 2382 3115 de
2404 3060 2698 3116 immundis
2720 3062 2983 3129 mundos;
3007 3063 3208 3120 munda
3232 3081 3329 3121 cor
3349 3083 3553 3134 meum,

1971 3158 2027 3205 ct
2057 3165 2253 3222 corpus
2280 3166 2459 3208 meum
2490 3151 2558 3207 ab
2582 3151 2729 3209 omni
2764 3154 3093 3223 cogitatione
3121 3156 3284 3225 mala,
3314 3167 3368 3214 et
3388 3161 3555 3216 sorde

1898 3261 1945 3325 α
1973 3241 2205 3313 peccati,
2241 3251 2298 3298 et
2324 3240 2411 3299 fac
2445 3258 2531 3299 me
2557 3242 2737 3315 digne,
2770 3253 2934 3316 atque
2960 3256 3181 3303 strenue
3218 3259 3422 3307 sanctis
3458 3251 3556 3307 Al-

1977 3334 2184 3391 taribus
2217 3334 2531 3392 ministrare
2573 3336 2699 3404 tuis,
2732 3345 2787 3392 et
2812 3340 3047 3398 concede
3070 3343 3361 3412 propitius,
3403 3352 3466 3399 ut
3504 3345 3560 3401 in

1976 3427 2082 3482 hoc
2110 3426 2291 3493 altari,
2319 3427 2387 3483 ad
2411 3427 2553 3497 quod
2576 3426 2830 3499 indignus
2856 3431 3055 3486 accedo
3080 3431 3288 3489 hostias
3314 3445 3561 3505 accepta-

1956 3510 2114 3572 biles
2156 3515 2379 3571 offeram
2427 3518 2619 3587 pietati
2660 3525 2765 3573 tuae
2799 3535 2900 3590 pro
2927 3524 3189 3591 peccatis,
3227 3533 3282 3581 et
3307 3524 3562 3584 oﬂ‘ensio—

1976 3608 2138 3664 nibus
2183 3607 2345 3673 meis,
2388 3615 2444 3662 et
2481 3607 2787 3665 innumeris
2838 3612 3173 3681 quotidianis
3223 3616 3559 3674 excessibus.

1975 3699 2044 3756 Et
2074 3714 2173 3771 pro
2201 3714 2363 3771 grege
2393 3699 2525 3755 mihi
2552 3701 2862 3768 commisso,
2911 3711 2966 3759 et
3008 3702 3245 3770 famulis,
3290 3715 3345 3761 et
3383 3707 3564 3763 famu-

1976 3792 2135 3849 labus
2162 3792 2286 3857 tuis,
2321 3793 2415 3863 qui
2443 3793 2577 3848 mihi
2618 3793 2852 3850 confessi
2898 3804 3027 3851 sunt
3070 3808 3293 3867 peccata
3343 3814 3461 3865 sua,
3503 3808 3563 3856 et

1976 3903 2103 3945 suas
2145 3887 2521 3958 eleemasynas
2566 3886 2747 3958 largiti
2796 3896 2942 3943 sunt.
2980 3887 3049 3943 Et
3074 3903 3172 3960 pro
3199 3891 3398 3961 populo
3427 3891 3563 3948 mihi

1978 3978 2247 4050 subjecto,
2287 3987 2342 4035 et
2380 3977 2633 4034 omnibus
2667 3978 3165 4047 circumstantibus,
3202 3983 3565 4054 omnibusque

1977 4072 2111 4129 mihi
2154 4070 2527 4127 familiaritate
2576 4071 2898 4142 conjunctis,
2952 4083 3113 4144 atque
3150 4075 3401 4132 omnibus
3437 4075 3562 4131 odio

1979 4165 2276 4235 execrabili
2305 4164 2723 4230 insectantibus,
2749 4171 2805 4219 et
2826 4163 3072 4221 ecclesiae
3100 4166 3232 4221 mihi
3257 4167 3564 4230 commissae

1978 4257 2418 4325 adversantibus,
2455 4256 2779 4327 cunctisque
2820 4254 2980 4312 simul
3019 4256 3265 4312 ﬁdelibus
3292 4257 3563 4314 Christia-

1977 4355 2086 4409 nis.
2122 4354 2193 4409 Et
2214 4369 2313 4424 per
2332 4367 2456 4409 eum
2482 4350 2554 4408 sit
2583 4349 2680 4407 tibi
2707 4364 2888 4405 meum
2915 4356 3121 4412 votum,
3154 4357 3317 4421 atque
3350 4349 3562 4407 sacriﬁ-

1979 4446 2122 4502 cium
2153 4443 2505 4513 acceptabile,
2552 4442 2646 4512 qui
2691 4456 2751 4497 se
2797 4441 2899 4497 tibi
2943 4441 3056 4496 Deo
3102 4440 3250 4496 Patri
3279 4456 3378 4512 pro
3407 4441 3565 4498 nobis

1980 4536 2179 4594 obtulit
2222 4535 2279 4591 in
2322 4532 2671 4597 sacriﬁcium,
2695 4532 2789 4601 qui
2819 4539 2903 4587 est
2928 4547 3171 4587 summus
3199 4534 3471 4598 sacerdos,
3511 4541 3568 4587 et

1898 4618 1955 4681 D
1980 4630 2245 4704 pontifex,
2275 4634 2333 4683 et
2352 4625 2500 4682 solus
2522 4624 2642 4680 sine
2661 4621 2873 4680 macula
2901 4624 3109 4693 peccati
3133 4622 3293 4679 Jesus
3313 4623 3563 4680 Christus

1984 4719 2158 4776 Filius
2210 4727 2336 4774 tuus
2387 4715 2650 4771 Dominus
2697 4722 2902 4781 noster,
2951 4714 3043 4784 qui
3099 4723 3277 4771 tecum
3330 4715 3466 4771 vivit
3509 4724 3564 4771 et

1984 4819 2182 4883 regnat
2228 4808 2284 4864 in
2339 4807 2550 4865 unitate
2596 4805 2833 4879 Spiritus
2876 4805 3055 4863 sancti
3102 4805 3247 4864 Deus
3296 4821 3399 4880 per
3440 4822 3562 4864 om-

1982 4903 2095 4969 nia,
2123 4910 2230 4958 etc.

2700 4988 2841 5045 Alia.

2058 5106 2397 5177 Majestatem
2437 5112 2584 5160 tuam
2624 5103 2754 5160 totis
2789 5102 2996 5161 viribus
3018 5104 3158 5160 Deus
3184 5100 3429 5172 piissime
3455 5100 3559 5160 hu-

1982 5198 2099 5257 mili
2127 5214 2288 5271 prece
2310 5198 2565 5269 deposco,
2602 5204 2657 5253 et
2683 5211 2869 5265 exoro,
2912 5204 2973 5251 nt
3020 5194 3264 5250 remittas
3307 5195 3558 5261 crimina,

1983 5307 2105 5363 qua:
2139 5306 2270 5347 caro
2295 5288 2503 5358 fragilis
2525 5304 2555 5343 a
2584 5288 2880 5346 tentatione
2919 5285 3225 5354 iniquorum
3272 5287 3558 5357 spirituum

1984 5383 2235 5452 nequiter
2263 5380 2500 5445 admisit,
2551 5381 2718 5435 etiam
2766 5376 2964 5433 reverti
3005 5376 3072 5431 ad
3103 5392 3165 5431 ca
3189 5377 3328 5431 ultra
3355 5394 3461 5433 non
3489 5380 3559 5431 si-

1984 5489 2108 5542 nas,
2146 5475 2243 5529 sed
2264 5472 2526 5529 conﬁrma
2573 5488 2662 5527 me
2702 5471 2756 5524 in
2797 5467 3275 5537 jnstiﬁcationibus
3323 5470 3449 5531 tuis,
3506 5478 3560 5523 et

1983 5567 2449 5639 perseverantiam
2507 5564 2639 5619 mihi
2691 5561 2865 5616 tribue
2924 5561 2978 5614 in
3029 5557 3173 5627 illis,
3232 5568 3289 5616 et
3340 5558 3426 5615 fac
3474 5575 3560 5617 me

1985 5659 2206 5730 dignum
2251 5667 2378 5714 ante
2428 5664 2775 5724 conspectum
2814 5649 3108 5720 Maiestatis
3138 5659 3241 5705 tua:
3268 5658 3466 5715 astare,
3507 5658 3561 5704 ct

1984 5748 2316 5806 sacriﬁcium
2361 5746 2456 5803 tibi
2502 5743 2728 5799 Domine
2779 5750 2930 5797 casto
2976 5755 3220 5812 corpore,
3264 5748 3319 5797 et
3364 5740 3562 5796 munda

1978 5840 2150 5923 corde
2176 5838 2579 5917 digueﬁoﬁ‘crre.
2617 5834 2742 5904 Per,
2767 5844 2871 5892 etc.

3049 5944 3128 6005 a2
