3992 6304
301 313 331 369 1
342 311 469 370 32‘)

1684 301 1891 361 MISSA
1919 300 2194 358 LATINA.

3447 295 3589 353 1530

298 427 566 498 Quando
588 426 718 482 odor
735 425 945 499 Incensi
967 427 1251 499 porrigitur
1272 424 1531 481 sacerdoti
1557 431 1604 479 et
1631 420 1905 494 fratribus,
1933 422 1987 486 Α
2010 418 2340 476 conscientia
2385 426 2639 491 torqueor
2682 423 3025 490 peccatorum
3056 431 3070 468 :
3121 426 3311 469 verum
3355 412 3483 484 quia
3530 419 3591 465 tu

744 498 883 554 dicat
913 498 1267 571 unusquisque
1289 512 1490 552 eorum.

377 615 679 673 Accendat
714 615 768 671 in
803 614 959 671 nobis
984 609 1241 671 Dominus
1271 613 1449 686 ignem
1478 610 1565 668 sui
1591 610 1815 677 amoris,
1854 616 1911 665 et

292 702 605 760 ﬂammam
631 712 846 759 aeterna:
874 702 1175 759 charitatis.

298 814 477 872 Tunc
501 816 742 872 sacerdos
760 814 1125 939 Itumillimflse
1143 819 1405 870 convertat
1426 811 1494 868 ad
1515 812 1907 869 circumstantes

1062 903 1221 939 mens.

1062 903 1221 941 tcens.

380 976 566 1035 Orate
608 993 708 1050 pro
752 993 841 1035 me
884 986 1189 1049 peccatore,
1231 975 1431 1033 fratres
1481 987 1539 1032 et
1582 988 1816 1039 sorores,
1846 979 1908 1026 ut

293 1085 533 1140 meum,
559 1080 613 1129 et
636 1080 873 1129 vestrum
900 1071 1226 1129 sacriﬁcium
1254 1077 1537 1140 acceptum
1562 1068 1654 1125 ﬁat
1679 1066 1907 1127 Domino

298 1161 429 1218 Deo
458 1163 819 1235 omnipotenti
845 1172 969 1219 ante
995 1169 1339 1233 conspectum
1368 1178 1547 1218 suum.

639 1254 784 1309 Tunc
815 1256 1191 1325 respondeatur
1213 1256 1262 1309 ei
1290 1269 1323 1307 a
1347 1253 1589 1325 singulis.

382 1344 670 1415 Suscipiat
698 1347 1036 1417 omnipotens
1061 1347 1204 1402 Deus
1232 1346 1298 1402 de
1327 1347 1576 1401 manibus
1604 1346 1709 1403 tuis
1734 1345 1905 1403 sacri-

294 1432 532 1499 ficium,
553 1442 610 1489 et
628 1435 900 1490 orationes
919 1442 1026 1489 tuae
1046 1433 1343 1490 ascendant
1362 1435 1415 1488 in
1438 1433 1755 1489 memoriam
1777 1441 1903 1489 ante

294 1525 633 1593 Dominum,
665 1527 883 1598 ipseque
910 1535 963 1582 te
990 1526 1266 1592 exaudiat,
1300 1525 1392 1597 qui
1423 1533 1475 1581 te
1505 1525 1788 1582 constituit
1816 1525 1903 1585 in-

294 1627 681 1676 tercessorem
709 1635 809 1692 pro
833 1618 1073 1690 peccatis
1100 1619 1321 1675 nostris.

381 1713 563 1770 Orent
590 1729 688 1786 pro
717 1724 769 1771 te
798 1729 986 1771 omnes
1014 1714 1220 1780 sancti,
1255 1722 1314 1770 et
1337 1714 1494 1771 electi
1524 1714 1650 1780 Dei,
1694 1728 1904 1772 memor

296 1806 384 1863 sit
415 1806 600 1863 omnis
625 1806 883 1864 sacriﬁcii
910 1806 1010 1875 tui,
1036 1814 1090 1863 et
1118 1805 1493 1865 holocaustum
1523 1815 1674 1865 tuum
1704 1807 1902 1879 pingue
1929 1791 1977 1852 Β

298 1896 433 1955 ﬂat.

379 1990 616 2047 lmmola
638 1990 866 2048 Domino
893 1990 1217 2050 sacriﬁcium
1243 1992 1441 2061 laudis,
1465 2001 1524 2050 et
1548 1993 1713 2051 redde
1740 1992 1904 2052 Altis-

298 2082 462 2140 simo
486 2091 614 2139 vota
646 2093 758 2140 tua.

378 2173 657 2230 Exaudiat
687 2183 740 2231 te
767 2174 1026 2235 Dominus
1051 2184 1297 2234 orantem
1321 2190 1423 2247 pro
1443 2183 1633 2236 nostra
1656 2177 1901 2235 omnium

304 2267 516 2323 salute.

379 2358 711 2418 Misereatur
740 2361 819 2417 tui
849 2361 1192 2434 omnipotens
1226 2362 1405 2431 Deus,
1442 2370 1500 2421 et
1535 2361 1773 2419 dimittat
1804 2362 1899 2421 tibi

299 2452 501 2509 omnia
528 2463 753 2524 peccata
781 2463 895 2511 tua.

375 2543 648 2602 Dominus
676 2546 750 2603 sit
778 2546 837 2602 in
868 2549 1032 2605 corde
1064 2557 1178 2618 tuo,
1208 2556 1264 2606 et
1289 2548 1346 2605 in
1375 2561 1471 2606 ore
1501 2556 1614 2615 tuo,
1644 2554 1701 2604 et
1726 2548 1900 2606 susci-

296 2636 426 2709 piat
454 2636 786 2695 sacriﬁcium
826 2639 923 2697 tibi
957 2650 1245 2712 acceptum
1272 2642 1341 2698 de
1368 2639 1622 2698 manibus
1658 2641 1768 2697 tuis
1799 2654 1899 2712 pro

300 2737 528 2796 nostra,
560 2730 913 2805 omniumque
938 2731 1131 2789 salute.

309 2838 472 2897 Tunc
501 2857 777 2918 conversus
804 2845 1049 2918 sacerdos
1078 2845 1148 2899 ad
1176 2844 1346 2902 altare
1374 2846 1564 2917 fundat
1588 2862 1684 2918 pro
1709 2853 1898 2902 semet-

612 2915 726 2984 ipso
753 2915 890 2971 hanc
914 2916 1203 2970 orationem
1231 2925 1353 2972 ante
1375 2915 1598 2973 secreta.

376 3004 612 3061 Domine
640 3003 768 3062 Jesu
796 3004 1012 3063 Christe
1048 3006 1215 3077 ﬁdes,
1253 3016 1308 3064 et
1343 3007 1539 3065 ﬁducia
1574 3019 1759 3067 nostra
1784 3050 1801 3078 ,
1844 3016 1903 3067 et

303 3106 427 3157 tota
456 3100 513 3155 in
542 3100 702 3171 hujus
731 3101 1015 3173 prmsentis
1042 3101 1167 3157 vita:
1196 3117 1437 3158 aerumna
1476 3104 1773 3161 consolatio
1803 3119 1905 3160 no-

2005 510 2150 569 Deus
2178 510 2407 566 multum
2440 510 2753 566 misericors
2799 524 2891 574 es,
2942 505 3202 577 imploro,
3249 511 3311 559 ut
3352 502 3593 575 digneris

2006 602 2140 657 mihi
2171 602 2303 658 dare
2331 602 2579 673 spiritum
2611 599 3064 666 contribulatum,
3114 596 3205 668 qui
3245 595 3342 650 tibi
3378 602 3592 665 gratum

2007 694 2333 751 sacriﬁcium
2365 693 2651 761 revelasti,
2695 701 2754 748 ut
2779 707 2846 748 eo
2870 690 3187 762 puriﬁcatus
3213 687 3363 743 vitali
3401 686 3593 743 hostire

2004 788 2121 860 pias
2168 803 2359 844 manus
2408 789 2745 854 admoveam,
2794 800 2914 856 quae
2978 784 3158 840 omnia
3204 789 3423 855 peccata
3469 794 3592 836 mea

2007 878 2247 945 aboleat,
2293 888 2350 935 et
2393 893 2459 935 ea
2504 878 2763 947 deinceps
2792 876 2846 932 in
2875 884 3192 946 perpetuum
3217 872 3423 928 vitandi
3457 870 3592 926 mihi

2006 968 2229 1025 tutelam
2260 970 2529 1035 infundat,
2562 968 2920 1037 omnibusque
2952 966 3196 1023 ﬁdelibus
3225 963 3385 1029 vivis,
3417 972 3473 1019 et
3499 962 3594 1017 de-

2005 1059 2206 1116 functis
2232 1076 2332 1133 pro
2357 1061 2553 1133 quibus
2596 1059 2692 1114 tibi
2733 1057 2978 1123 oﬁ‘ertur,
3018 1053 3302 1128 praesentis
3335 1052 3494 1118 vitae,
3537 1058 3595 1107 et

2006 1151 2199 1210 futura:
2242 1153 2430 1210 salutis
2474 1150 2798 1209 commercia
2846 1147 3126 1220 largiatur.
3179 1145 3284 1215 Qui
3324 1144 3496 1210 vivis,
3535 1149 3593 1198 et

2005 1257 2220 1315 regnas,
2251 1252 2356 1299 etc.
2604 1236 2611 1243 ’

2004 1355 2205 1412 Deinde
2238 1374 2355 1412 cum
2393 1372 2595 1411 summa
2625 1352 2909 1409 reverentia
2938 1351 3175 1421 incipiat,
3215 1347 3303 1421 'l‘e
3325 1345 3509 1420 igitur,
3540 1351 3591 1421 et

2076 1427 2310 1482 Ministri
2333 1436 2527 1481 stantes
2551 1426 2607 1481 in
2632 1424 2882 1496 gradibus
2897 1424 3019 1496 suis
3044 1412 3250 1475 cantent
3285 1412 3426 1489 ips'os
3448 1412 3592 1485 psal-

2074 1514 2207 1565 mos,
2239 1515 2403 1569 usque
2431 1498 2557 1552 dum
2586 1493 2663 1551 Te
2689 1495 2851 1567 igitur
2875 1493 3115 1563 ﬁniatur.

2072 1609 2342 1665 Exaudiat
2369 1618 2423 1667 te
2453 1608 2734 1665 Dominus.

2073 1700 2154 1757 Ad
2185 1709 2238 1757 te
2264 1701 2490 1756 Domine
2518 1697 2695 1757 levavi
2722 1697 2955 1754 animam
2983 1706 3182 1750 meam.

2073 1794 2331 1852 Miserere
2357 1794 2465 1850 mei
2491 1794 2636 1851 Deus
2663 1790 2958 1849 secundum
2985 1798 3263 1858 magnam.

2075 1887 2302 1945 Domine
2334 1887 2624 1960 refugium.

2075 1980 2177 2048 Qui
2208 1980 2421 2036 habitat
2446 1980 2501 2035 in
2530 1977 2826 2049 adiutorio.

2567 2069 2769 2125 Deinde
2805 2066 3011 2123 Preces.

2074 2166 2295 2223 Salvum
2315 2165 2403 2223 fac
2428 2177 2647 2222 servum
2661 2170 2813 2217 tuum
2834 2159 3091 2224 Domine;
3119 2156 3264 2213 Deus
3289 2163 3446 2210 meus
3472 2161 3594 2221 spe-

2003 2269 2216 2316 rantem
2245 2260 2297 2314 in
2329 2266 2401 2314 te.
3042 2265 3051 2273 '

2073 2353 2409 2410 Desiderium
2435 2351 2618 2408 cordis
2645 2348 2764 2419 eius
2790 2344 3030 2405 tribuisti
3055 2343 3109 2401 ei
3137 2340 3392 2409 Domine;
3413 2346 3472 2395 et
3495 2352 3592 2396 vo-

2001 2449 2209 2505 luntate
2237 2448 2502 2505 labiorum
2531 2446 2648 2518 eius
2674 2460 2783 2501 non
2810 2441 3074 2499 fraudasti
3098 2453 3246 2495 eum.

2066 2541 2245 2598 Vitam
2270 2540 2426 2612 petiit
2449 2554 2481 2594 a
2507 2547 2584 2605 te,
2611 2546 2668 2595 et
2687 2520 2929 2592 tribuisti
2948 2531 3174 2589 Domine
3195 2526 3590 2600 longitudinem

2002 2632 2236 2700 dierum,
2265 2631 2322 2687 in
2350 2629 2616 2697 seculum,
2640 2639 2697 2684 et
2718 2627 2776 2683 in
2802 2625 3044 2683 seculum
3071 2621 3240 2680 seculi

2069 2724 2221 2783 Oculi
2248 2724 2462 2782 Domini
2490 2737 2656 2795 super
2677 2721 2878 2796 iustos,
2904 2726 2962 2777 et
2984 2729 3145 2773 aures
3168 2713 3289 2787 eius
3313 2713 3372 2771 in
3395 2725 3588 2785 preces

2000 2830 2213 2877 eorum;

2070 2913 2197 2969 Fiat
2224 2910 2598 2970 misericordia
2629 2919 2721 2966 tua
2739 2907 2967 2966 Domine
2986 2916 3149 2978 super
3175 2918 3301 2974 nos,
3327 2901 3591 2976 quemad-

1999 3014 2216 3068 modum
2248 3011 2587 3084 speravimus
2616 3010 2670 3065 in
2700 3017 2772 3065 te.

2070 3103 2286 3176 Exurge
2312 3102 2541 3159 Domine
2567 3101 2764 3173 adiuva
2791 3115 2911 3170 nos,
2937 3107 2993 3157 et
3015 3098 3220 3157 redime
3241 3111 3343 3156 nos
3368 3105 3591 3171 propter
3610 3148 3623 3160 .

305 3203 448 3261 stra,
481 3208 567 3249 me
596 3195 894 3266 indignum.
923 3202 979 3250 et
1006 3203 1346 3265 peccatorem
1370 3198 1636 3267 propitius
1666 3197 1896 3268 respice,
1925 3185 1972 3241 (ι
2002 3209 2199 3251 nomen
2239 3203 2413 3251 tuum.

305 3295 366 3342 et
393 3286 637 3358 placatus
667 3288 884 3355 exaudi,
913 3296 968 3345 et
997 3289 1153 3345 mitte
1177 3296 1428 3344 sanctum
1453 3289 1714 3361 Angelum
1743 3297 1897 3346 tuum

304 3378 379 3434 de
408 3378 596 3447 ctelis,
641 3380 736 3452 qui
777 3381 921 3436 hanc
953 3379 1285 3437 oblationem
1321 3381 1622 3450 suscipiat,
1671 3390 1729 3436 et
1771 3389 1898 3437 ante

306 3478 667 3543 conspectum
696 3479 803 3527 tute
830 3471 1196 3528 miserationis
1224 3480 1578 3542 repraesentet
1607 3471 1662 3526 in
1693 3486 1900 3527 memo-

306 3564 451 3620 riam
496 3565 605 3622 mei
648 3564 717 3622 ad
756 3564 994 3635 laudem,
1036 3572 1093 3622 et
1129 3563 1357 3637 gloriam
1385 3563 1621 3622 nominis
1648 3564 1751 3620 tui.
1794 3563 1897 3631 Qui

305 3655 476 3721 vivis,
507 3664 615 3712 etc.

310 3764 472 3841 Tunc
513 3766 749 3841 incipiat
777 3777 998 3841 secreta,
1040 3768 1229 3841 quibus
1270 3768 1454 3839 ﬁnitis,
1504 3777 1554 3825 et
1587 3766 1898 3841 prtefatione

382 3837 782 3913 dicta,_quando
805 3839 900 3913 alii
924 3837 1176 3913 Sanctus,
1202 3837 1445 3913 sanctus,
1468 3837 1899 3913 sanctusdecan-

382 3916 516 3974 tant,
545 3908 658 3964 licet:
684 3911 854 3965 oratio
880 3908 1075 3967 cursim
1103 3911 1323 3966 dicenda
1350 3919 1425 3967 est
1455 3928 1488 3966 a
1515 3910 1803 3967 sacerdote.

381 4020 612 4076 Domine
640 4021 802 4087 Deus,
836 4023 929 4092 qui
956 4037 1065 4079 non
1094 4030 1355 4089 mortem,
1398 4023 1493 4080 sed
1520 4022 1898 4095 paenitentiam

309 4111 590 4168 desideras
640 4121 1009 4183 peccatorum,
1066 4128 1152 4169 me
1200 4115 1458 4170 miserum
1540 4115 1898 4187 fragilemque

305 4211 650 4274 peccatorem
681 4217 713 4258 a
746 4212 835 4259 tua
865 4219 972 4259 non
1003 4203 1230 4276 repellas
1258 4205 1480 4276 pietate,
1512 4221 1686 4276 neque
1718 4206 1898 4277 adspi-

311 4296 427 4351 cias
456 4296 523 4351 ad
549 4302 793 4366 peccata,
819 4304 874 4351 et
897 4295 1105 4353 scelera
1129 4311 1270 4361 mea,
1293 4305 1347 4351 et
1372 4296 1761 4366 immunditias,
1783 4304 1897 4353 tur-

307 4401 515 4458 pesque
541 4386 918 4458 cogitationes,
949 4387 1142 4458 quibus
1168 4384 1416 4443 ﬁebiliter
1441 4402 1473 4442 a
1499 4395 1591 4443 tua
1617 4388 1899 4462 disiungor

309 4478 604 4546 voluntate,
655 4479 750 4535 sed
791 4479 859 4535 ad
888 4478 1289 4535 misericordias
1332 4487 1452 4534 tuas
1498 4485 1554 4535 et
1599 4478 1665 4533 ad
1712 4477 1892 4546 ﬁdem,

2066 3288 2295 3345 Domine
2324 3288 2523 3345 exaudi
2550 3288 2858 3346 orationem
2881 3303 3084 3358 meam,
3113 3295 3170 3345 et
3197 3286 3407 3345 clamor
3432 3299 3589 3345 meus

1997 3381 2066 3436 ad
2100 3390 2153 3436 te
2178 3382 2379 3437 veniat.

2479 3473 2667 3530 Oratio
2696 3492 2792 3546 pro
2820 3475 3108 3531 sacerdote.

2068 3562 2315 3621 Gaudeat
2347 3565 2578 3621 Domine
2605 3581 2915 3636 quresumus
2946 3565 3179 3621 famulus
3220 3571 3345 3621 tuus
3374 3565 3587 3622 beneﬁ-

1999 3656 2100 3712 ciis
2136 3655 2459 3726 impetratis,
2508 3666 2564 3712 et
2610 3658 2695 3713 cui
2739 3657 2993 3714 ﬁduciam
3041 3655 3322 3728 sperandre
3367 3656 3587 3727 pietatis

1996 3752 2274 3820 tribuisti,
2321 3761 2521 3825 optata
2557 3754 2948 3811 misericordiae
2973 3762 3173 3829 praesta
3201 3752 3467 3827 benignus
3507 3750 3588 3808 ef-

1997 3840 2222 3900 fectum.

2558 3937 2680 3992 Alia
2710 3938 3023 3994 communis.

2066 4026 2328 4085 Precibus
2377 4028 2583 4085 nostris
2631 4045 2939 4101 quaesumus
2994 4028 3219 4086 Domine
3267 4041 3427 4086 aures
3481 4036 3586 4084 tute

1997 4118 2218 4191 pietatis
2249 4121 2618 4187 accommoda,
2645 4129 2700 4177 et
2726 4122 3001 4178 orationes
3028 4120 3375 4193 supplicium,
3400 4119 3585 4176 occul—

2000 4219 2177 4267 torum
2205 4213 2457 4284 cognitor
2483 4214 2752 4286 benignus
2781 4214 3006 4281 exaudi,
3036 4222 3098 4270 ut
3132 4221 3187 4268 te
3220 4211 3484 4284 largiente
3511 4210 3582 4267 ad

1998 4302 2165 4359 vitam
2192 4305 2575 4376 perveniamus
2602 4306 3011 4378 sempiternam.
3042 4304 3170 4373 Per,
3196 4311 3306 4360 etc.

2559 4398 2716 4469 Infra
2746 4401 3025 4455 actionem.

2066 4487 2128 4545 In
2158 4489 2349 4562 primis
2375 4505 2483 4546 una
2513 4505 2636 4545 cum
2672 4491 2877 4547 famulo
2903 4500 2997 4547 tuo
3023 4491 3170 4563 Papa
3199 4501 3388 4549 nostro
3417 4490 3485 4547 N.
3524 4499 3582 4548 et

311 4568 757 4640 devotionemque
783 4584 991 4638 eorum,
1018 4569 1112 4640 qui
1138 4582 1237 4640 per
1260 4582 1347 4623 me
1371 4577 1715 4639 peccatorem
1742 4574 1889 4623 tuam

2021 4597 2095 4639 »το
2120 4553 2372 4640 omnibus
2390 4583 2730 4649 orthodoxis,
2752 4591 2916 4654 atque
2939 4553 3262 4655 Apostolicm
3284 4585 3437 4642 Fidei
3462 4585 3581 4642 cul-

310 4659 671 4731 deprecantur
706 4662 1169 4730 miscricordiam,
1217 4669 1274 4717 et
1315 4662 1440 4732 quia
1486 4675 1573 4717 me
1611 4659 1891 4732 indignum

310 4751 453 4806 inter
483 4760 557 4817 te,
590 4761 644 4808 et
670 4752 922 4824 populum
955 4759 1103 4808 tuum
1130 4752 1369 4809 medium
1398 4751 1516 4806 ﬁeri
1539 4750 1777 4817 voluisti,
1802 4746 1892 4807 fac

312 4858 398 4898 me
427 4844 588 4899 talem
605 4886 620 4911 ,
650 4854 710 4899 ut
738 4844 896 4915 digne
924 4845 1129 4915 possim
1158 4852 1303 4899 tuam
1330 4856 1558 4900 exorare
1582 4842 1894 4907 misericors

312 4936 456 4991 diam
482 4951 579 5007 pro
608 4951 713 5001 me,
741 4945 796 4992 et
820 4952 919 5007 pro
945 4936 1135 4992 eodem
1160 4936 1356 5011 populo
1384 4947 1496 4992 tuo.
1885 5010 1890 5019 Ι

383 5032 612 5088 Domine
638 5031 870 5104 adiunge
894 5047 1055 5089 voces
1083 5040 1298 5088 nostras
1324 5031 1549 5087 vocibus
1578 5019 1889 5104 sanctorum

310 5124 635 5197 Angelorum
668 5098 883 5182 tuorum
901 5168 917 5194 ,
953 5135 1011 5183 et
1041 5126 1181 5183 sicut
1211 5124 1288 5180 illi
1322 5133 1375 5180 te
1404 5124 1624 5179 laudant
1654 5098 1892 5178 incessa1

312 5213 493 5270 biliter
531 5222 587 5270 et
624 5214 1030 5287 infatigabiliter
1080 5216 1135 5270 in
1173 5226 1377 5271 aeterna
1402 5214 1888 5293 beatitudinetila

1992 4672 2204 4728 toribus
2228 4671 2606 4740 Pontiﬁcibus,
2646 4680 2703 4728 et
2729 4672 3052 4742 Abbatibus,
3083 4673 3573 4745 Gubernatoribus,

1994 4770 2052 4817 et
2081 4762 2406 4819 Rectoribus
2435 4762 2693 4821 Ecclesiae
2723 4772 2924 4821 sanctae
2949 4765 3066 4834 Dei,
3097 4774 3153 4822 et
3178 4781 3279 4838 pro
3303 4768 3451 4824 omni
3478 4782 3578 4839 po-

1991 4852 2118 4925 p’uln
2145 4863 2334 4911 sancto
2359 4855 2479 4913 Dei.
2571 4878 2574 4882 λ
3585 4870 3602 4927 ι,

1968 5006 1983 5021 ι.
2042 4944 2331 5014 [Memento
2366 4948 2593 5006 Domine
2623 4948 2949 5007 famulorum
2987 4949 3420 5022 famularumque
3447 4960 3573 5009 tua-

2000 5049 2153 5105 rum“,
2197 5048 2515 5096 cunctorum
2542 5040 2749 5099 scilicet
2782 5043 3249 5114 consanguinitate
3282 5042 3571 5111 mihimet,

1980 5128 2082 5182 .vel
2110 5128 2495 5198 familiaritate,
2527 5140 2583 5188 et
2610 5134 2848 5190 amicitia
2875 5132 3307 5201 coniunctorum,
3339 5140 3569 5188 cuncto-

1997 5235 2223 5291 rumque
2248 5236 2346 5276 sua
2370 5223 2501 5277 mihi
2526 5233 2745 5294 peccata
2767 5223 3167 5292 conﬁtentium,
3181 5238 3378 5296 meque
3398 5225 3451 5280 in
3478 5232 3570 5282 tuo

311 5320 413 5364 nos
440 5321 653 5378 quoque
680 5320 870 5362 eorum
899 5307 1206 5363 interventu
1244 5316 1299 5363 te
1331 5322 1638 5363 mereamur
1664 5304 1885 5361 laudare
1917 5300 1947 5355 ἓ
1993 5312 2213 5368 nomine
2238 5313 2395 5369 bonis
2423 5314 2805 5384 reticientium,
2851 5322 2909 5371 et
2935 5315 3179 5373 omnium
3206 5316 3569 5373 circumstan-

313 5397 711 5469 inculpabiliter
735 5400 790 5455 in
817 5400 923 5455 hac
950 5398 1404 5472 peregrinatione.
1435 5398 1564 5467 Per,
1589 5407 1695 5455 etc.

311 5509 433 5568 Hac
456 5513 690 5586 oratione
711 5513 885 5586 ﬁnita,
908 5521 1187 5586 antequam
1214 5523 1545 5586 sacramenta
1570 5514 1892 5586 incipiantur

549 5585 736 5638 iterum
764 5600 820 5638 se
847 5582 1071 5638 Domino
1101 5585 1423 5640 commendet
1451 5587 1649 5640 dicens.

375 5671 643 5729 Facturus
668 5675 983 5731 memoriam
1008 5674 1261 5732 salutaris
1285 5677 1474 5733 hostia:
1498 5679 1662 5735 totius
1680 5678 1887 5746 mundi,

310 5779 434 5822 cum
466 5764 610 5823 illius
635 5766 950 5838 dignitatem
969 5810 985 5841 ,
1019 5776 1078 5828 et
1102 5782 1282 5827 meam
1312 5769 1531 5830 intueor
1556 5769 1853 5828 fteditatem
1870 5810 1887 5836 ,

1857 5432 1861 5441 ι
1913 5431 1921 5440 -
1989 5403 2144 5460 tium.

2058 5496 2211 5553 Hanc
2238 5498 2403 5555 etiam
2433 5499 2759 5556 oblationem
2787 5498 3109 5558 humilitatis
3136 5516 3296 5570 meae,
3321 5507 3379 5559 et
3405 5501 3573 5586 devo-

1992 5588 2177 5656 tionis,
2208 5605 2370 5661 quam
2402 5591 2497 5647 tibi
2526 5589 2692 5646 offero
2725 5605 2822 5662 pro
2849 5592 3083 5661 peccatis
3112 5593 3267 5659 meis,
3297 5603 3355 5650 et
3382 5592 3570 5649 crimi-

1993 5682 2143 5737 nosis
2163 5681 2464 5738 actionibus
2488 5681 2623 5737 meis
2646 5681 2993 5752 castigandis,
3012 5689 3070 5737 et
3088 5683 3443 5754 dimittendis,
3466 5698 3567 5755 pro

1993 5787 2160 5843 caeca,
2189 5781 2246 5830 et
2280 5773 2489 5845 lapidea
2521 5772 2701 5829 cordis
2734 5774 2838 5829 mei
2870 5773 3071 5832 duritia
3106 5776 3468 5863 dissolvenda,
3510 5786 3568 5835 et
