3992 6304
222 304 387 363 1553

972 485 1117 541 dicat

1466 364 1469 369 ,
1612 247 1835 359 mssa.
1854 247 2133 367 Linus.

223 412 490 486 Quando
523 428 710 476 coruus
729 410 1061 498 ﬂaminicam
1086 404 1404 498 sacerdosin
1428 422 1619 469 manus
1652 411 1841 485 accipit
1864 416 1922 479 Α

2146 245 2200 263 ηρ

3384 308 3522 367 nm

2662 417 2804 474 Alis.

1938 542 1961 571 δ’
2010 508 2247 566 Verbum
2267 518 2395 565 caro
2414 508 2617 566 tantum
2639 518 2745 577 est,
2776 517 2834 567 et
2853 509 3122 569 habitavit
3142 512 3202 571 in
3226 513 3405 572 nobis.

299 602 537 663 Panem
586 604 862 664 caelestem
926 600 1206 688 accipiam,
1265 606 1324 656 et
1382 606 1580 657 nonum
1626 594 1836 656 Domini

1953 620 2170 679 L‘aliCem
2209 636 2328 680 vero
2362 634 2482 679 cum
2534 631 2871 680 sacresma
2927 626 3292 685 commaticus
3340 631 3518 689 ἀυπᾶο

219 698 550 757 invocabo.

806 784 1057 855 Sequitur
1092 776 1282 844 oratio.

2392 742 2399 749 .
2495 698 2775 768 unicuique
2798 696 2958 753 dicat.

1974 818 1983 823 ν
2011 790 2135 846 Haec
2157 795 2505 847 sacrosancta
2539 791 2852 848 commixtio
2876 796 3143 864 corporis,
3166 802 3224 851 et
3246 798 3524 868 unguinis

300 911 617 983 Perceptio
638 906 883 979 corporis
911 913 987 961 tui
1005 900 1233 960 Domine
1254 888 1383 958 Iesu
1402 886 1643 968 Christe,
1675 908 1834 971 quam
1939 882 2004 937 θ’
2030 880 2098 939 Ν·
2114 881 2163 937 ³ο
2188 883 2250 938 (λι
2270 884 2446 955 ΡΜίῖ
2475 884 2573 940 tibi
2593 886 2662 941 ad
2687 884 2852 941 vitam
2878 892 3141 943 aeternam

220 1007 517 1077 indignus
556 1016 770 1060 sumere
794 1000 1085 1072 praesumo,
1118 1012 1225 1052 non
1272 994 1405 1050 mihi
1444 993 1723 1066 proveniat
1770 993 1840 1047 ad
1941 989 2284 1047 Subdiaconis
2300 1003 2496 1059 autem,
2518 1012 2580 1049 ac
2603 996 2710 1077 alio
2732 995 2869 1052 clero
2893 992 3346 1056 contmnicetm
3366 1001 3522 1059 modo

212 1098 542 1169 judicium,
571 1104 626 1150 et
656 1091 1187 1159 condemnationem,
1229 1086 1323 1142 sed
1354 1100 1454 1157 pro
1495 1093 1588 1139 tua
1635 1084 1839 1155 pietate

219 1191 420 1260 prosit
451 1188 591 1247 mihi
619 1188 685 1247 ad
718 1196 957 1243 tutamen
986 1181 1203 1248 mentis,
1225 1189 1280 1236 et
1308 1177 1572 1250 corporis,
1593 1177 1686 1248 qui
1714 1192 1839 1233 cum

220 1279 407 1336 Patre
441 1290 557 1339 etc.

982 1360 1123 1422 Alia.

300 1485 446 1542 Fiat
469 1484 603 1543 mihi
624 1485 852 1541 obsecro
880 1480 1107 1538 Domine
1125 1480 1229 1537 hoc
1243 1483 1642 1535 sacramentum
1663 1482 1813 1531 tuum

221 1578 390 1650 quod
464 1578 758 1649 indignus,
803 1584 861 1632 et
920 1582 1175 1647 peccator
1235 1586 1504 1645 praesumo
1559 1569 1833 1642 percipere

224 1674 498 1731 conlisus
521 1674 589 1730 de
616 1681 710 1730 tua
739 1672 892 1745 larga
920 1668 1207 1727 clementia
1246 1669 1317 1725 ad
1360 1668 1572 1724 viscera
1619 1664 1834 1722 miseri-

222 1768 455 1825 cordia:
487 1776 613 1836 tum,
632 1776 691 1824 et
715 1766 944 1838 gratiam
970 1762 1184 1832 salutis,
1212 1763 1280 1820 ad
1300 1760 1590 1818 sanitatem
1618 1759 1832 1826 animae,
1860 1793 1915 1858 Β

224 1869 291 1919 et
316 1860 606 1933 corporis,
651 1858 1132 1928 remissionemque
1174 1855 1417 1912 omnium
1462 1858 1832 1923 peccatorum,

224 1960 294 2008 ut
340 1964 465 2009 non
488 1952 558 2008 ad
576 1950 863 2023 iudicium,
891 1949 984 2006 sed
1012 1948 1079 2003 ad
1107 1946 1428 2014 remedium,
1457 1944 1592 2003 illud
1625 1956 1838 2000 merear

224 2044 539 2117 percipere
566 2042 818 2100 Salvator
842 2041 1049 2109 mundi,
1076 2053 1181 2112 etc.

713 2158 845 2214 Cum
892 2174 1079 2227 corpus
1124 2156 1369 2211 sumitur.

307 2252 536 2324 Col-ptis
554 2251 618 2307 D.
640 2249 706 2306 N.
724 2249 779 2307 Ι.
802 2249 865 2308 (ἓ.
886 2248 963 2307 sit
982 2248 1116 2307 mihi
1128 2248 1425 2305 remedium
1445 2246 1835 2319 sempiternum

230 2358 295 2402 ut
325 2344 507 2401 vitam
534 2351 808 2399 mternam.

234 2454 483 2524 Quando
525 2454 738 2511 calicem
784 2455 844 2509 in
894 2462 1082 2509 manus
1143 2453 1333 2525 accipit
1373 2453 1615 2509 sacerdos
1669 2452 1833 2508 dicat.

310 2566 463 2642 Quid
510 2572 804 2630 retribuam
850 2558 1078 2628 Domino
1104 2580 1203 2644 pro
1228 2562 1501 2638 omnibus,
1527 2570 1647 2640 Quae
1674 2568 1836 2625 retri-

233 2666 364 2723 buit
424 2666 582 2722 mihi.
619 2665 858 2723 Calicem
907 2665 1158 2723 salutaris
1208 2664 1494 2736 accipiam,
1536 2670 1594 2719 et
1640 2674 1837 2720 nomen

234 2760 468 2816 Domini
510 2759 789 2815 invocabo.
824 2754 1074 2815 Laudatis
1118 2758 1381 2816 invocabo
1429 2757 1736 2825 Dominum,
1782 2764 1838 2812 et

237 2844 311 2905 ab
342 2840 589 2905 inimicis
616 2847 752 2905 meis
773 2842 953 2905 salvus
974 2862 1089 2906 ero.

807 2934 1054 3013 Sequitur
1088 2941 1277 2996 oratio.

313 3032 777 3098 Communicatio,
811 3038 866 3088 et
910 3031 1247 3088 conﬁrmatio
1298 3036 1567 3103 corporis,
1606 3036 1662 3087 et
1714 3038 1845 3087 san-

240 3128 432 3202 guinis
454 3127 517 3181 D.
549 3124 613 3180 Ν.
638 3122 686 3180 J.
711 3123 772 3181 C.
797 3125 968 3195 prosit
1010 3123 1144 3180 mihi
1194 3125 1251 3179 in
1298 3123 1675 3181 remissionem
1722 3134 1839 3178 om-

2566 1116 2567 1119 ,
2629 1068 2827 1123 dicens.

2008 1158 2290 1229 Perceptto
2316 1161 2577 1232 corporis,
2616 1161 2986 1234 et'ssnguinis
3015 1164 3081 1220 D.
3116 1164 3183 1220 Ν.
3214 1166 3264 1222 J.
3286 1165 3348 1222 C.
3394 1181 3523 1222 san-

1941 1250 2143 1307 ctiﬁcet
2196 1256 2436 1324 cupas,
2500 1262 2558 1308 et
2608 1253 2850 1311 animum
2901 1255 2959 1311 in
3016 1256 3185 1315 vitam
3239 1266 3521 1315 aeternam.

1940 1342 2132 1399 Amen.

2158 1432 2360 1507 Populo
2396 1438 2613 1509 quidem
2660 1442 3101 1499 conmunicatis“
3142 1443 3312 1499 dicat.

1929 1500 1937 1540 ¹
2010 1500 2249 1598 Corpus,
2282 1536 2338 1583 et
2369 1500 2592 1601 sanguis
2628 1530 2709 1586 .D.
2766 1529 2832 1586 N.
2882 1531 2932 1589 Ι.
2995 1532 3056 1592 C.
3106 1535 3279 1607 prosit
3325 1535 3420 1593 tibi
3467 1537 3541 1613 in

1940 1618 2321 1676 remissionem
2346 1621 2593 1677 omnium
2616 1631 2985 1694 peccatorum,
3004 1634 3062 1683 et
3078 1626 3153 1683 ad
3177 1627 3346 1686 vitam
3369 1636 3526 1686 mter-

1939 1724 2087 1766 nam.
2118 1710 2314 1773 Amen.

2218 1803 2441 1860 Interim
2470 1804 2601 1861 dum
2626 1807 3049 1877 communicant,
3070 1810 3236 1866 dicat.

2011 1895 2236 1968 Ignosce
2287 1897 2548 1966 Domine,
2591 1898 2742 1969 quod
2782 1899 2914 1955 dum
2974 1910 3171 1973 rogare
3208 1903 3525 1974 concitor,

1940 1991 2066 2045 dum
2093 2004 2190 2060 per
2212 1990 2491 2047 immunda
2523 1991 2666 2047 labia
2692 2004 2892 2051 nomen
2932 2001 3191 2052 sanetum
3232 2004 3388 2053 tum
3433 2004 3527 2056 eis-

1938 2094 2111 2144 sumo,
2136 2088 2191 2135 et
2209 2080 2613 2137 immundorum
2640 2091 2861 2140 actuum
2883 2096 3093 2141 secreta
3117 2087 3403 2158 conﬁteor,
3417 2106 3527 2148 non

1937 2168 2113 2226 habeo
2139 2171 2281 2241 apud
2316 2178 2367 2227 te
2400 2172 2591 2231 verba.
2616 2172 2737 2229 sine
2785 2174 3051 2240 crimine,
3089 2185 3151 2232 tu
3194 2179 3347 2235 enim
3393 2188 3528 2237 eon-

1939 2260 2183 2317 scientice
2233 2277 2367 2319 meae
2416 2263 2661 2322 vulnera.
2708 2273 2769 2320 tu
2830 2265 3217 2337 cogitationum
3276 2285 3523 2329 mearum

1938 2353 2149 2410 occulta
2168 2354 2336 2421 nosti,
2353 2361 2405 2411 et
2437 2356 2809 2413 immunditius
2826 2369 2979 2414 meas
2993 2367 3053 2414 tu
3079 2360 3226 2417 scius
3250 2364 3525 2433 agnoscis.

1938 2445 2195 2503 Miserere
2218 2447 2326 2503 mei
2354 2448 2598 2514 Domine,
2618 2449 2901 2519 miserere,
2922 2451 3058 2507 mihi
3082 2452 3303 2521 ignosce
3323 2465 3531 2528 myste-

1941 2539 2008 2594 rii
2034 2540 2113 2596 tui
2142 2548 2355 2597 secreta
2389 2542 2663 2609 “uetanti,
2698 2552 2800 2599 nec
2829 2543 3110 2614 indignum
3136 2547 3524 2606 misericordiae

1942 2642 2048 2689 tuae
2075 2633 2288 2705 judices
2320 2650 2481 2705 quem
2511 2650 2610 2704 pro
2640 2635 2762 2692 aliis
2791 2652 2985 2708 rogare
3038 2639 3329 2710 permittis,
3357 2649 3415 2697 et
3466 2642 3537 2699 in'

1940 2738 2048 2798 quo
2077 2727 2446 2784 testimoaium
2474 2727 2602 2783 boni
2630 2728 2809 2799 operis
2848 2744 2956 2785 non
2986 2733 3260 2803 agnoscis,
3287 2731 3523 2790 adiciam

1941 2816 2137 2872 saltem
2166 2816 2587 2890 dispensationis
2606 2819 2827 2877 creditae
2863 2837 2974 2877 non
3005 2837 3242 2880 recuses.
3276 2824 3529 2882 Salvator

1942 2907 2204 2968 miserere
2225 2912 2335 2969 mei

2264 3023 2394 3081 Post
2435 3037 2727 3099 perceptam
2767 3032 3199 3088 communionem.

2012 3118 2167 3187 Quod
2209 3131 2304 3174 ore
2342 3122 2686 3192 sumpsimus,
2720 3123 2968 3193 Domine,
2996 3134 3177 3183 mente
3224 3128 3519 3200 capiamus,

241 3195 403 3279 ζιίιιω
424 3216 770 3289 peccatorum
790 3228 1053 3281 meorum,
1078 3222 1137 3270 et
1157 3221 1552 3272 conservetme
1575 3216 1643 3273 ad
1669 3215 1835 3271 vitam
1862 3195 1911 3263 Ο
1939 3218 1993 3266 et
2013 3209 2081 3266 de
2103 3227 2328 3267 munere
2361 3214 2643 3284 temporali
2672 3216 2769 3274 ﬁat
2790 3217 2948 3275 nobis
2981 3195 3305 3276 remedium-
3326 3195 3525 3295 sernpi;

243 3323 535 3371 aeternam.

777 3399 899 3456 Alia
921 3400 1313 3472 admirumque.

317 3496 553 3556 Domine
573 3503 759 3553 sancte
788 3493 949 3550 Pater
973 3493 1312 3563 omnipotens
1337 3501 1543 3548 aeterne
1580 3492 1721 3548 Deus
1766 3492 1830 3547 da

243 3569 388 3647 mihi
414 3591 520 3645 hoc
549 3602 766 3657 corpus,
793 3593 848 3640 et
874 3584 1190 3656 sanguinem
1216 3582 1339 3638 Filii
1368 3583 1470 3649 tui,
1498 3583 1573 3637 ita
1594 3598 1832 3651 sumere,

244 3692 307 3739 ut
335 3697 436 3753 per
472 3681 578 3736 hoc
614 3692 829 3733 merear
864 3676 1240 3732 remissionem
1295 3676 1535 3732 omnium
1586 3685 1835 3746 peccato-

245 3788 376 3829 rum
411 3771 679 3841 accipere,
704 3777 759 3825 et
781 3778 875 3824 tuo
911 3776 1101 3824 sancto
1125 3766 1336 3838 Spiritu
1362 3766 1580 3839 repleri,
1605 3768 1732 3839 quia
1778 3776 1835 3824 tu

246 3882 308 3922 es
332 3865 501 3930 Deus,
528 3871 582 3919 et
605 3870 805 3932 praeter
835 3867 887 3916 te
910 3875 1019 3917 non
1053 3870 1137 3915 est
1160 3859 1313 3925 alius,
1345 3860 1499 3931 cujus
1542 3860 1834 3933 gloriosum

246 3973 455 4016 nomen
476 3964 757 4029 permanet
784 3955 838 4011 in
860 3954 1040 4013 secula
1061 3954 1364 4011 seculorum
1387 3953 1581 4010 Amen.

340 4130 347 4133 _
713 4058 845 4114 Cum
881 4058 1094 4129 sanguis
1129 4059 1372 4113 sumitur.

322 4148 560 4225 Sanguis
590 4146 656 4207 D.
695 4144 834 4207 ΝΛ.
863 4146 1066 4206 Christi
1116 4148 1384 4206 custodiat
1428 4162 1517 4206 me
1561 4149 1617 4206 in
1663 4148 1834 4206 vitam

245 4255 423 4304 actem
430 4256 537 4301 am.

576 4334 705 4392 Post
741 4343 1033 4409 perceptam
1080 4334 1512 4389 communionem.

328 4424 554 4488 Domine
577 4422 626 4486 ι.
656 4429 719 4487 C.
745 4428 845 4485 Fili
883 4424 975 4485 Dei
1002 4426 1129 4495 vivi,
1152 4427 1247 4499 qui
1269 4441 1336 4483 ex
1359 4426 1636 4482 voluntate
1654 4412 1834 4482 Patris

246 4512 584 4595 cooperante
604 4519 811 4594 Spiritu
835 4530 1024 4577 sancto
1061 4526 1162 4591 per
1199 4524 1429 4575 mortem
1479 4527 1624 4573 tuam
1674 4530 1832 4574 mun»

256 4589 384 4677 dum
407 4589 714 4685 viviﬁcasii,
746 4618 913 4675 libera
942 4632 1028 4673 me
1055 4631 1150 4687 per
1173 4617 1277 4673 hoc
1302 4630 1513 4672 sacrum
1543 4624 1831 4687 corpus,et
1855 4589 1909 4651 Ῑ)

254 4709 575 4781 sanguinem
600 4717 747 4765 tuum
780 4723 809 4764 a
836 4708 1046 4765 cunctis
1087 4700 1492 4778 iniquitatibus,
1516 4717 1573 4764 et
1608 4708 1831 4764 univer-

254 4806 332 4862 sis
358 4804 516 4861 malis
538 4805 696 4885 meis,
722 4812 776 4860 et
808 4804 893 4859 fac
915 4816 999 4859 me
1032 4801 1141 4859 tuis
1162 4803 1382 4859 obedire
1407 4803 1697 4870 mandatis,
1720 4811 1775 4885 et
1801 4816 1833 4858 a

258 4905 310 4951 te
358 4910 631 4967 nunquam
675 4898 730 4953 in
773 4905 1089 4970 perpotuutn
1134 4906 1389 4967 separare
1435 4894 1695 4965 digneris.
1728 4884 1832 4963 Qui

256 4986 395 5043 vivis
424 4996 528 5043 etc.

966 5079 1107 5135 Alia.

1940 3311 2174 3358 ternum.
2198 3303 2300 3359 Per
2324 3312 2430 3361 etc.

2628 3400 2838 3459 Oratio.

2009 3486 2248 3543 Obsecro
2274 3489 2438 3544 etiam
2463 3497 2516 3547 te
2544 3491 2791 3561 piissime
2820 3494 3062 3550 omnium
3103 3498 3415 3569 auxiliator,
3458 3520 3527 3562 ne

1937 3578 2007 3635 ad
2067 3579 2471 3637 damnationem
2525 3591 2788 3639 aeternam
2838 3586 2972 3641 mihi
3018 3590 3333 3658 proveniat,
3385 3583 3528 3663 quod

1939 3671 2180 3742 quotidie
2219 3686 2340 3727 cum
2394 3675 2725 3731 conscientia
2777 3677 2980 3747 polluta
3025 3696 3221 3739 nomen
3280 3694 3527 3743 sanctum

1941 3770 2087 3818 tuum
2110 3774 2377 3834 prtesumo
2407 3764 2680 3834 invocare,
2703 3780 3004 3840 corpusque
3034 3768 3237 3827 Christi
3268 3772 3388 3830 Filii
3424 3780 3525 3846 tui,

1936 3863 1992 3911 et
2016 3858 2333 3926 sanguinem
2361 3856 2615 3926 indignus
2646 3860 2817 3915 audeo
2842 3862 3092 3932 accipere
3135 3882 3147 3916 :
3184 3865 3315 3936 quin
3353 3871 3526 3941 magis

1935 3966 2036 4021 per
2059 3951 2163 4006 hoc
2188 3967 2275 4007 me
2304 3966 2571 4023 expurges
2599 3952 2808 4021 sedulo,
2832 3962 2888 4009 et
2915 3955 3132 4012 munias
3172 3959 3240 4013 ab
3282 3961 3527 4019 omnium

1936 4042 2281 4099 inimicorum
2302 4038 2510 4115 'jaculo',
2536 4057 2601 4098 ac
2631 4058 2727 4115 per
2755 4059 2878 4099 eum
2912 4044 2971 4101 in
3016 4040 3391 4106 me'babitare
3437 4052 3524 4107 di-

1938 4136 2140 4208 gneris,
2171 4150 2333 4208 quem
2382 4137 2452 4194 ad
2496 4138 2603 4195 hoc
2653 4137 2871 4207 misisti,
2912 4148 2973 4195 ut
3003 4141 3296 4199 reditneret
3327 4158 3426 4200 nos
3456 4146 3527 4203 ab

1934 4228 2083 4283 omni
2134 4229 2548 4300 inquinamento
2600 4230 2842 4303 spiritus,
2873 4241 2930 4288 et
2969 4234 3177 4303 cumis,
3210 4249 3308 4305 per
3345 4236 3527 4306 ipsum

1937 4320 2275 4390 unigenitum
2302 4322 2498 4377 Filium
2522 4330 2673 4378 tuum
2716 4322 3004 4381 Dominum
3050 4334 3299 4382 nostrum
3335 4326 3526 4383 desum

1939 4409 2236 4478 Christum,
2263 4428 2362 4467 nos
2390 4429 2581 4470 omnes
2610 4416 2678 4471 ab
2723 4417 2870 4473 omni
2911 4417 3084 4474 libera
3133 4419 3304 4488 malo,
3352 4428 3412 4476 et
3464 4420 3524 4476 in

1936 4504 2087 4560 omni
2110 4505 2253 4560 bono
2283 4516 2569 4563 conserva.
2592 4507 2695 4576 Qui
2722 4517 2921 4578 tecum,
2944 4518 3053 4567 eti.

2655 4600 2797 4657 Alia.

2007 4688 2339 4746 Conservam
2369 4704 2468 4748 nos
2494 4691 2720 4750 Domine
2742 4706 2969 4751 munera
2996 4704 3108 4766 tua,
3152 4704 3209 4754 et
3251 4706 3518 4759 cateruam

1936 4780 2105 4836 vitam
2134 4781 2375 4839 tribuant
2398 4784 2573 4841 nobis.
2604 4785 2710 4841 Per
2737 4794 2843 4843 etc.

2658 4877 2799 4933 Alia.

2004 4962 2228 5022 Custodi
2257 4968 2399 5023 intra
2424 4980 2524 5025 nos
2548 4969 2799 5039 Domine,
2834 4972 3026 5044 gratia!
3066 4981 3172 5028 tum
3212 4987 3431 5041 manus,
3458 4987 3520 5033 ut

1938 5059 2200 5115 adversus
2236 5062 2418 5116 omnia
2465 5064 2768 5133 prmsentis,
2816 5073 2874 5121 et
2920 5065 3089 5121 futuri
3136 5064 3305 5121 seculi
3355 5065 3517 5134 mala,

329 5170 535 5242 Corpus
556 5178 705 5226 tuum
726 5154 973 5239 Domine,
999 5170 1143 5242 quod
1181 5171 1384 5243 actepi,
1420 5178 1474 5229 et
1496 5171 1639 5228 calix
1670 5184 1831 5244 quem

1953 5154 2297 5221 eucharistiae,
2331 5164 2496 5224 quam
2542 5159 2888 5229 percepimus
2938 5158 3167 5251 viribus,
3213 5158 3272 5214 et
3318 5158 3519 5217 virtute

261 5264 461 5333 potavi,
487 5263 798 5341 adhaereant
827 5264 881 5317 in
922 5263 1222 5327 visceribus
1263 5265 1417 5345 meis,
1444 5272 1500 5319 et
1542 5271 1737 5336 praesta
1772 5271 1835 5320 ut

266 5358 407 5413 nulla
434 5360 505 5415 ibi
536 5364 816 5414 remaneat
843 5356 1047 5429 peccati
1091 5359 1320 5426 macula,
1370 5356 1460 5416 ubi
1509 5368 1600 5415 tua
1647 5370 1833 5418 sancta

265 5447 587 5508 introierunt
611 5459 966 5506 sacramenta.
994 5448 1095 5517 Qui
1128 5449 1265 5506 vivis
1288 5459 1395 5505 etc.
1502 5454 1505 5455 ⁷

1937 5246 2264 5302 muniamur.
2297 5246 2399 5315 Qui
2436 5248 2572 5305 vivis
2594 5259 2698 5308 etc.

2006 5451 2208 5509 Praesta
2230 5452 2457 5511 Domine
2482 5444 2607 5511 Iesu
2634 5363 2853 5509 cimice
2889 5446 2971 5509 illi
3029 5444 3122 5510 Dei
3166 5452 3296 5521 vivi,
3320 5462 3384 5509 ut
3423 5457 3519 5526 qui

261 5560 459 5619 Deinde
510 5566 852 5636 presbyteris,
897 5573 944 5618 et
994 5565 1227 5618 diaconi:
1290 5582 1477 5635 corpus
1525 5567 1579 5621 in
1644 5584 1828 5622 manus

1953 5556 2153 5619 :orpus,
2184 5556 2236 5603 et
2285 5548 2603 5616 sanguinem
2648 5542 2926 5618 proprium
2968 5560 3068 5618 pro
3100 5544 3255 5602 nobis
3283 5542 3516 5617 indignis

328 5636 736 5759 annitentibus.
798 5645 845 5691 et
905 5636 1403 5693 communicantibus
1436 5637 1658 5711 ,dicitur
1720 5640 1828 5695 sia-

328 5721 393 5759 au
437 5720 501 5759 s:

325 5720 461 5774 quas
483 5720 501 5758 :

327 5809 441 5872 Pax
465 5822 661 5877 lectuli.
705 5812 743 5891 ἢ
767 5861 778 5874 .
804 5810 871 5877 Et
899 5829 1019 5878 cum
1046 5821 1237 5893 spiritu
1278 5826 1387 5881 luo.

1936 5639 2121 5695 datum
2162 5638 2395 5704 editnus,
2418 5646 2478 5693 et
2503 5636 2756 5703 bibimus,
2786 5636 2882 5692 iiat
2904 5638 3060 5694 nobis
3091 5639 3156 5693 ad
3180 5636 3428 5703 salutem,
3458 5645 3516 5693 et

1930 5731 2001 5784 ad
2052 5727 2443 5798 redemptionis
2483 5728 2781 5782 remedium
2832 5730 3223 5801 sempiternum
3270 5726 3513 5785 omnium

1933 5820 2224 5878 criminum
2254 5828 2582 5877 nostrorum.
2608 5816 2715 5875 Per
2742 5828 2848 5877 etc.
