3992 5350
572 162 611 216 Α
620 157 725 215 3'55

1406 150 1694 207 APPENDJ
1736 150 1827 205 AD
1868 148 2042 210 SEC.
2078 144 2146 201 Χ.
2182 175 2252 185 -—
2288 144 2718 203 MDNUMENTA
2758 145 3033 205 LITURG.

3671 156 3772 213 {336

586 268 1329 345 PostquamDiaconusAdixit
1350 267 1430 325 Ite
1460 268 1619 345 Missa
1653 269 1950 345 est,ceniat
1979 266 2168 323 Sacer—
2195 268 2253 330 Α
2344 264 2462 322 Non
2486 266 2658 321 intres
2686 265 2742 320 in
2772 263 3035 334 judicium
3066 279 3191 320 cum
3233 265 3406 321 servis
3446 265 3549 324 tuis
3580 266 3774 345 Domine,

855 341 950 395 dos
979 350 1099 395 ante
1125 340 1325 404 Altare,
1349 350 1397 395 et
1423 339 1710 395 osculando
1738 342 1877 395 dicat
1901 357 1922 398 .'

655 459 875 515 Placeat
910 457 1006 513 tibi
1045 455 1244 512 Sancta
1269 454 1510 512 Trinitas
1543 455 1863 527 obsequium
1893 455 2169 511 servitutis

584 568 742 619 meae,
774 562 829 607 et
870 558 1090 621 praesta,
1131 557 1193 604 ut
1242 548 1595 616 sacriﬁcium,
1645 549 1790 620 quod
1839 548 2013 604 oculis
2065 556 2170 603 tute

584 640 891 711 maiestatis
923 639 1110 704 obtuli,
1139 640 1212 695 sit
1235 639 1330 695 tibi
1362 639 1603 711 placens,
1625 640 1882 710 mihique,
1916 646 1972 695 et
1993 638 2171 695 omni-

583 734 708 801 bus,
733 747 835 803 pro
863 733 1061 802 quibus
1091 731 1224 787 illud
1252 731 1440 798 obtuli,
1466 731 1542 790 sit
1568 739 1622 788 te
1651 732 1944 789 miserante
1985 732 2168 803 propi-

582 824 783 882 tiabile.
810 824 913 894 Qui
946 824 1229 891 vivis,etc.
2013 811 2051 818 ”

580 934 767 992 Finita
797 934 965 991 Missa
1004 935 1221 992 accedat
1387 936 1591 1005 Altare,
1625 946 1675 993 et
1721 936 1986 993 osculetur
2026 934 2165 991 illud

1311 1025 1473 1061 tcens.

1311 1025 1473 1064 ισεηδ.

655 1099 883 1168 Meritis,
908 1107 963 1156 et
991 1099 1473 1157 intercessionibus
1496 1100 1681 1158 Beata:
1725 1101 1910 1159 Maria:
1949 1117 2166 1175 semper

579 1193 839 1265 Virginis,
871 1203 928 1250 et
946 1194 1177 1251 istorum
1204 1203 1367 1265 atque
1402 1195 1644 1251 omnium
1678 1204 1989 1251 sanctorum
2037 1211 2164 1252 suo-

575 1299 698 1339 rum
717 1286 1037 1341 misereatur
1052 1286 1223 1343 nostri
1237 1287 1381 1343 omni
1388 1295 1580 1358 potens
1595 1287 1757 1354 Deus,
1772 1286 1866 1358 qui
1882 1288 2035 1355 vivit,
2052 1297 2160 1344 etc.

575 1394 816 1471 Expletis
848 1400 1105 1466 omnibus,
1128 1401 1399 1471 episcopus
1438 1402 1502 1456 de
1548 1400 1708 1456 altari
1746 1401 1816 1455 ad
1865 1403 2163 1458 sacrarium

648 1469 862 1543 rediens,
877 1486 994 1525 cum
1021 1469 1350 1543 diaconibus,
1379 1482 1425 1526 et
1452 1473 1655 1527 ueteris
1676 1472 1865 1543 quibus
1912 1472 2155 1543 voluerit,

649 1550 819 1594 cantet
843 1542 1092 1612 hymnum
1115 1544 1274 1596 trium
1297 1540 1616 1597 Puerorum.

643 1648 957 1708 Benedicite
984 1652 1169 1709 omnia
1198 1669 1363 1725 opera
1404 1652 1618 1712 Domini
1640 1657 1892 1716 Domino.

642 1740 883 1799 Laudate
908 1743 1195 1800 Dominum
1217 1761 1408 1803 omnes
1433 1756 1643 1819 gentes.

642 1832 887 1890 Laudato
906 1835 1196 1892 Dominum
1233 1839 1289 1895 in
1316 1841 1520 1897 sanctis
1543 1840 1658 1909 ejus

1262 1931 1475 1988 Postea.

641 2017 812 2076 Pater
843 2029 1047 2088 noster,
1073 2023 1169 2093 qui
1196 2038 1257 2081 es
1278 2025 1333 2080 in
1362 2026 1534 2083 caelis.

1203 2113 1275 2171 Et
1320 2134 1517 2187 preces.

643 2201 1018 2259 Conﬁteautur
1066 2206 1166 2262 tibi
1216 2208 1443 2263 Domine
1488 2208 1672 2265 omnia
1722 2223 1886 2267 onera
1929 2219 2054 2281 tua;
2102 2222 2159 2271 et

572 2296 750 2369 sancti
777 2297 856 2351 tui
876 2297 1200 2357 benedicant
1229 2298 1347 2355 tibi.

643 2386 973 2442 Exultabunt
995 2389 1170 2445 sancti
1197 2388 1252 2445 in
1278 2391 1471 2463 gloria,
1495 2392 1822 2452 laetabuntur
1856 2397 1912 2452 in
1958 2399 2154 2455 cubili-

566 2476 671 2533 bus
697 2478 829 2534 suis.
1348 2495 1352 2501 '

644 2570 899 2629 Exullent
931 2572 1060 2630 iusti
1089 2574 1145 2630 in
1170 2585 1463 2648 conspectu
1485 2579 1579 2635 Dei
1612 2594 1629 2636 :
1663 2589 1719 2637 et
1740 2582 2076 2640 delectentur
2096 2586 2152 2644 in

567 2662 775 2721 laetitia.

642 2756 760 2814 Non
795 2759 954 2818 nobis
981 2760 1211 2820 Domine
1229 2779 1336 2820 non
1359 2767 1514 2824 nobis

569 2850 815 2922 gloriam.

641 2944 966 3006 Sacerdotes
990 2950 1068 3007 tui
1085 2950 1313 3009 Domine
1338 2953 1630 3013 induantur
1641 2956 1871 3029 justitia,
1899 2967 1954 3016 et
1974 2962 2149 3018 sancti

568 3034 647 3092 tui
669 3036 932 3099 exultent.

1561 2782 1576 2824 :
1621 2770 1717 2827 sed
1738 2772 1942 2828 nomini
1968 2781 2057 2831 tuo
2083 2776 2151 2833 da

2273 356 2406 425 Quia
2432 356 2999 427 nonjustilicabiturin
3020 366 3313 429 conspectu
3342 366 3434 414 tuo
3449 360 3773 423 omnisviveas.

2346 450 2574 506 Domine
2611 450 2754 508 Deus
2794 451 3055 506 virtutum
3082 460 3337 507 converte
3364 466 3497 508 nos:
3524 452 3585 509 Et
3604 460 3775 516 ostende

2269 544 2463 600 faciem
2495 552 2664 610 tuam,
2695 553 2751 600 et
2778 543 2913 600 salvi
2936 545 3141 600 erimus

2339 638 2636 695 Benedicat
2659 653 2758 694 nos
2779 638 3040 695 Dominus
3058 639 3201 694 Deus
3219 644 3422 703 noster,
3438 637 3689 696 heuedicat
3707 657 3777 700 nos

2268 731 2430 797 Deus,
2463 741 2517 788 et
2545 739 2792 787 metuant
2820 745 2943 786 eum
2969 746 3161 787 omnes
3191 730 3325 786 lines
3350 740 3522 786 terrae.

2337 820 2568 879 Domine
2590 823 2785 880 exaudi
2809 823 3111 881 orationem
3135 838 3345 895 meam;
3389 832 3446 880 et
3466 823 3649 881 clamor
3666 842 3777 888 meus

2269 915 2335 973 ad
2365 924 2417 973 te
2437 916 2649 973 veniat."

2939 1010 3181 1068 Oremus.

2306 1099 2499 1167 'Deus,
2525 1115 2687 1172 quem
2725 1101 2906 1159 omnia
2937 1117 3101 1173 Opera
3135 1101 3486 1168 benedicant,
3514 1117 3654 1173 quem
3689 1106 3776 1164 celi

2268 1188 2605 1263 gloriﬁcant,
2642 1208 2802 1264 quem
2827 1193 3156 1265 Angelorum
3183 1193 3471 1249 multitudo
3497 1193 3775 1260 conlaudant,

2266 1299 2579 1355 quaesumus
2621 1294 2695 1352 te,
2725 1295 2785 1341 ut
2811 1286 2953 1343 sicut
2999 1295 3111 1342 tres
3156 1300 3357 1358 pueros
3410 1285 3476 1340 de
3511 1286 3694 1341 camino
3721 1288 3776 1341 in-

2267 1378 2469 1445 cendii,
2491 1394 2599 1434 non
2628 1379 2802 1435 solum
2826 1380 3045 1448 illaesos,
3073 1380 3166 1436 sed
3189 1380 3357 1435 etiam
3389 1379 3443 1433 in
3472 1378 3573 1433 tuis
3591 1378 3774 1435 laudibus

2267 1473 2668 1531 conclamantes
2694 1475 2969 1553 liberasti‘;
3008 1476 3082 1530 ita
3111 1489 3209 1531 nos
3238 1481 3577 1546 peccatorum
3604 1474 3774 1529 nexibus

2266 1567 2568 1633 obvolutos,
2591 1568 2739 1623 velut
2767 1569 2832 1624 de
2859 1569 3117 1639 voragine
3155 1566 3295 1639 ignis
3344 1564 3555 1636 eripias,
3591 1572 3641 1618 ut
3686 1565 3773 1620 dum

2188 1644 2240 1705 Β
2269 1667 2324 1713 te
2353 1657 2473 1728 pari
2512 1658 2892 1713 benedictione
2930 1656 3236 1722 iaudamus,
3268 1654 3645 1723 criminumque
3670 1652 3774 1707 llam-

2264 1761 2413 1814 mas,
2466 1761 2798 1818 operumque
2848 1745 3146 1802 carnalium
3193 1743 3444 1799 incendia
3490 1752 3771 1814 superantes,

2263 1835 2523 1906 hymnum
2553 1835 2650 1891 tibi
2670 1836 2909 1892 debitum
2930 1834 3075 1905 jure,
3089 1834 3398 1892 meritoouc
3418 1834 3689 1890 reddamus.
3700 1832 3776 1890 Per

2261 1924 2551 1983 Dominum
2574 1934 2822 1983 nostrum
2850 1934 2956 1985 etc.

2981 2041 3123 2098 Alia.

2333 2130 2497 2200 Deus,
2524 2130 2617 2205 qui
2642 2131 2817 2190 tribus
2849 2134 3034 2204 pueris
3058 2131 3317 2205 mitigasti
3345 2130 3580 2188 ﬂammas
3616 2131 3768 2203 ignium

2262 2225 2499 2281 concede
2543 2226 2810 2297 propitius
2871 2241 2969 2298 per
3012 2226 3464 2282 intercessionem
3508 2238 3694 2291 eorum,
3733 2232 3771 2281 et

2260 2316 2455 2372 merita
2501 2319 2741 2373 omnium
2775 2328 3085 2374 sanctorum
3119 2327 3370 2383 tuorum,
3398 2325 3459 2372 ut
3485 2332 3576 2373 nos
3599 2314 3771 2373 famulos

2264 2416 2385 2466 tuos
2414 2423 2522 2465 non
2550 2418 2743 2466 exurat
2775 2410 2993 2467 ﬂamma
3021 2411 3280 2468 vitiorum
3346 2418 3504 2466 atcue
3540 2416 3768 2469 tormento-

2261 2517 2401 2559 rum.
2429 2502 2535 2559 Per
2558 2505 2863 2572 Dominum,
2884 2514 2995 2562 etc.

2981 2599 3125 2655 Alia.

2328 2687 2585 2747 Actiones
2632 2699 2848 2747 nostras
2894 2705 3205 2762 quaesumus
3251 2694 3510 2760 Domine,
3545 2687 3768 2763 aspirando

2259 2783 2514 2851 praeveni,
2547 2791 2603 2838 et
2635 2784 2939 2856 adjuvaudo
2967 2801 3295 2857 prosequere
3313 2828 3333 2854 ,
3356 2796 3415 2842 ut
3442 2785 3601 2841 omnis
3621 2780 3765 2837 oratio.

2295 2880 2531 2930 tcuncta
2562 2885 2748 2932 nostra
2794 2879 3035 2949 operatio
3078 2888 3192 2936 ate
3238 2894 3456 2951 semper
3498 2876 3767 2949 iucipiat,et

2260 2982 2358 3038 per
2382 2977 2436 3025 te
2457 2979 2633 3041 empta
2660 2972 2897 3028 ﬁniatur.
2930 2973 3054 3032 Per.
3081 2983 3186 3030 etc.

2587 3062 2816 3134 Explicit
2843 3066 2973 3123 ordo
3008 3068 3074 3122 de
3108 3068 3273 3139 o/ﬁcio
3297 3067 3504 3125 Missa'.

580 3198 3759 3269 Wa

1533 3382 2359 3480 FRAGMENTUM
2434 3394 2817 3486 MISSJE

681 3565 777 3632 Ab
815 3567 1003 3631 initio
1035 3586 1228 3653 usque
1260 3568 1344 3634 ad
1372 3571 1809 3655 Evangelium,
1837 3573 1919 3638 ad
1942 3576 2146 3641 instar
2177 3583 2530 3663 superioris
2563 3587 2762 3651 variis
2790 3591 3260 3655 orecationibus
3289 3587 3671 3673 interpolata.

631 3885 824 3958 Incipit
866 3885 1011 3942 Ordo
1055 3883 1287 3956 qualiter
1326 3885 1488 3942 Missa
1528 3885 1791 3943 celebrari
1835 3888 2046 3945 debeat.
2081 3891 2150 3948 In

560 3981 743 4054 primis
767 3979 1013 4036 sacerdos
1042 3981 1186 4034 dicat
1214 3981 1506 4035 orationem
1535 3981 1604 4035 ad
1630 3981 1973 4037 calceandum
2000 4001 2075 4039 se.

632 4070 825 4126 Calcea
853 4069 1080 4125 Domine
1108 4069 1273 4139 pedes
1299 4084 1449 4123 meos
1474 4070 1527 4124 in
1559 4070 1956 4138 praeparatione
1983 4087 2152 4127 evan-

562 4162 687 4234 gelii
734 4162 930 4232 pacis,
980 4168 1037 4216 et
1083 4170 1305 4230 protege
1354 4172 1440 4214 me
1494 4159 1548 4213 in
1594 4158 1899 4215 velamento
1940 4161 2146 4219 alarum

562 4263 801 4308 tuarum.

2253 3903 2308 3952 et
2334 3897 2609 3954 circumda
2635 3914 2722 3956 me
2747 3901 2916 3960 lorica
2937 3903 3289 3965 fortitudinis.

2322 3986 2405 4041 Ad
2458 4004 2664 4045 zonam.
2727 3991 2954 4050 Domine
3001 3996 3222 4069 accinge
3276 3997 3337 4053 in
3387 4012 3472 4055 me
3524 3995 3755 4054 custodiam

2254 4084 2451 4140 mentis
2474 4101 2625 4157 mete,
2655 4103 2724 4143 ue
2753 4089 2869 4160 ipsa
2901 4108 3054 4149 mens
3091 4094 3307 4151 inﬂetur
3331 4094 3515 4168 spiritu
3549 4092 3757 4152 elationis.

2250 4175 2446 4233 Amen.

2322 4268 2405 4322 Ad
2430 4269 2635 4328 stolam.
2672 4272 2822 4330 Stola
2838 4274 3063 4345 iustitia:
3095 4280 3371 4336 circumda
3398 4279 3601 4335 Domine
3622 4274 3754 4332 cervi-

633 4345 716 4400 Ad
741 4362 925 4400 manus
963 4344 1238 4400 lavandas.
1269 4343 1497 4416 Largire
1523 4346 1771 4402 sensibus
1799 4347 1935 4403 meis
1970 4348 2146 4403 omni-
2174 4355 2187 4413 ]

2256 4374 2369 4415 cem
2400 4378 2600 4431 meam,
2631 4375 2689 4422 et
2710 4367 2778 4422 ab
2803 4369 2950 4424 omni
2978 4372 3325 4443 corrunptions
3367 4371 3559 4444 peccati
3583 4367 3755 4441 puriﬁca

562 4446 753 4510 potens
781 4437 965 4501 Pater,
992 4444 1054 4491 ut
1089 4437 1228 4491 sicut
1256 4438 1498 4491 exterius
1547 4436 1841 4492 abluuntur
1900 4439 2149 4508 inquina-

563 4538 746 4585 menta
775 4546 1065 4595 manuum,
1098 4529 1176 4585 sic
1203 4544 1234 4584 a
1274 4538 1324 4585 te
1358 4529 1688 4585 mundentur
1726 4531 1949 4587 interius
1978 4532 2150 4601 pollu-

460 4664 471 4673 .
564 4621 737 4674 tiones
759 4620 971 4685 mentis,
1008 4630 1063 4675 et
1091 4630 1337 4678 crescant
1380 4622 1433 4677 in
1462 4622 1619 4678 nobis
1649 4633 1961 4681 sanctarum
1991 4640 2150 4694 argu-

565 4720 746 4767 menta
772 4712 1055 4768 virtutum.
1084 4713 1188 4769 Per
1212 4714 1486 4772 Christum
1512 4725 1621 4773 etc.

635 4806 716 4859 Ad
746 4821 1010 4877 mappam.
1044 4805 1118 4860 Da
1162 4805 1388 4864 Domine
1425 4808 1681 4864 virtutem
1727 4808 1973 4865 manibus
2015 4811 2151 4867 meis

566 4895 632 4951 ad
680 4895 1093 4968 abstergendam
1140 4911 1355 4954 omnem
1391 4898 1658 4954 maculam
1707 4898 2062 4966 immundam,
2090 4910 2151 4958 ut

565 4991 682 5044 sine
711 4990 1007 5060 pollutione
1049 4991 1250 5048 mentis
1279 5000 1335 5048 et
1380 4992 1626 5062 corporis
1667 4991 1874 5047 valeam
1917 4994 2010 5050 tibi
2035 5008 2149 5050 ser-

566 5079 702 5132 vire.
733 5078 837 5133 Per
871 5079 1166 5136 Christum.

648 5169 721 5222 4d
749 5172 1018 5228 amictum.
1049 5176 1324 5233 Obumbra
1362 5175 1590 5232 Domine
1629 5185 1789 5246 caput
1816 5192 1992 5234 meum
2030 5195 2151 5235 um-

567 5261 787 5316 braculo
813 5272 1014 5319 sanctae
1038 5265 1180 5332 ﬁdei,
1203 5276 1260 5323 et
1279 5267 1417 5337 pelle
1440 5282 1472 5321 a
1495 5282 1582 5322 me
1605 5266 1786 5322 nubila
1811 5269 2146 5339 ignorantia).

2248 4458 2484 4508 mentem
2511 4469 2708 4510 meam.

2318 4544 2402 4597 Ad
2424 4546 2680 4602 casulam.
2711 4546 2877 4605 Indue
2919 4565 3006 4607 me
3047 4555 3273 4609 Domine
3297 4561 3593 4612 ornamento
3619 4549 3755 4607 humi-

2248 4636 2443 4704 litatis,
2475 4638 2772 4707 charitatis,
2799 4652 2853 4697 et
2888 4643 3056 4712 pacis,
3081 4652 3142 4699 ut
3172 4647 3405 4717 undique
3441 4646 3647 4701 munitus
3667 4642 3749 4696 vir-

2250 4730 2456 4784 tutibus
2481 4732 2686 4800 possim
2720 4733 2975 4790 resistere
3006 4734 3177 4804 vitiis,
3206 4746 3260 4793 et
3285 4738 3515 4795 hostibus
3537 4732 3753 4791 mentiset

2250 4831 2510 4886 corporis.

2318 4908 2400 4963 Ad
2432 4908 2778 4979 manipulum.
2818 4911 2893 4966 Da
2922 4913 3054 4969 mihi
3084 4914 3310 4972 Domine
3353 4929 3552 4972 sensum
3592 4916 3750 4966 rectum

2248 5007 2304 5055 et
2336 5015 2523 5055 vocem
2558 5017 2772 5072 puram,
2798 5012 2859 5059 ut
2904 5004 3128 5076 implere
3155 5009 3356 5080 possim
3398 5008 3590 5065 laudem
3622 5013 3747 5058 tuam-

2244 5088 2440 5147 Amen.

2318 5179 2519 5235 Deinde
2566 5190 2737 5238 cantet
2789 5200 2908 5240 cum
2965 5188 3415 5243 circumstantibus
3459 5185 3637 5242 clericis
3682 5180 3752 5232 Ιιοε

2246 5269 2509 5341 psalmos,
2551 5290 2710 5344 quam
2760 5277 3011 5333 amabilia
3031 5318 3047 5343 ,
3077 5280 3132 5333 id
3160 5290 3234 5335 est
3264 5278 3409 5335 Psal.
3451 5291 3660 5342 unm,
3686 5268 3752 5343 qui
