3992 5350
113 262 242 322 tati
591 276 597 283 ο
868 282 869 285 ~
974 228 981 309 ἶ
1426 251 1689 310 FRAGMI

1796 251 1909 311 'un
1944 250 2194 316 MISSE.
2663 226 2667 233 ’
2784 224 2787 229 ’
2866 250 2869 253 ‘
3218 240 3372 313 me

112 377 371 437 munditia
391 376 721 445 sordidatus,
750 380 937 431 amore
969 371 1155 430 saeculi
1197 369 1364 427 nimis
1408 370 1678 435 detentus,
1707 368 1985 433 ASancta
2007 373 2178 430 Mater
2202 371 2437 442 Domini,
2737 415 2742 420 .
2773 402 2792 419 ο
2825 394 2852 413 α
3224 347 3364 429 bra:

113 472 333 530 avaritia
372 471 636 537 irretitus,
659 468 923 539 iactantia
948 468 1144 535 elatus,
1176 466 1451 539 hypocrisi
1483 464 1684 522 subdo-
1789 466 1986 523 Sancta
2028 465 2190 538 Virgo
2208 456 2514 538 Virginum.
3329 444 3360 464 ’

111 564 213 630 lus,
246 563 595 619 contentione
628 559 1114 633 pertinacissimus,
1145 558 1415 616 discordia
1467 558 1688 615 fraudu-
1792 560 1993 618 Sancta
2018 562 2225 630 Regina
2256 562 2545 617 caelorum.

111 656 313 722 lentus,
362 656 737 709 susurratione
794 652 1249 724 promptissimus,
1292 667 1519 708 rancore
1566 666 1687 707 cor-
1791 654 1993 710 Sancta
2022 654 2194 710 Mater
2228 652 2637 710 misericordia.

109 748 191 802 dis
234 756 287 803 et
326 746 766 818 pusillanintitate
818 744 1122 812 aﬂ’ectatus,
1169 753 1385 815 torpore
1437 746 1688 817 ignavus,
1791 746 1992 802 Sancte
2024 745 2273 801 Michael.

108 839 159 895 in
177 839 412 909 jurando
452 821 1541 905 inconsideratus,scurrilitate’nssiduus,
1566 852 1691 893 ver-
1792 839 1990 895 Sancte
2020 836 2258 893 Gabriel.

103 931 189 987 bis
213 932 402 987 otiosis
452 940 506 987 et
553 930 836 1004 superﬂuis
892 942 1052 1003 atque
1093 932 1408 989 criminosis
1449 932 1685 999 deditus,
1793 933 1995 989 Sancte
2023 930 2285 1003 Baphael.

106 1023 467 1081 fornicatione
494 1034 604 1080 tam
637 1023 903 1096 spirituali
930 1040 1093 1095 quam
1141 1022 1408 1097 corporali
1451 1023 1692 1095 graviter
1791 1028 1991 1085 Omnes
2027 1028 2201 1084 sancti
2226 1024 2415 1097 Angeli
2442 1033 2498 1080 et
2528 1012 2901 1095 Archangeii,

105 1118 365 1191 pollutus,
402 1126 455 1175 et
484 1117 537 1174 in
566 1118 778 1176 cunctis
816 1118 1187 1189 voluptatibus
1244 1119 1301 1174 in
1355 1120 1550 1191 quibus
1592 1118 1691 1173 hu-
1794 1123 1989 1181 Sancte
2023 1122 2259 1178 Joannes
2286 1120 2545 1191 Baptista.

106 1226 270 1267 mana
297 1210 561 1284 fragititas
583 1212 693 1267 labi
719 1219 900 1283 potest
945 1212 1254 1269 miserrime
1285 1213 1687 1285 praecipitatus;
1792 1218 1992 1275 Omnes
2014 1217 2185 1273 sancti
2210 1216 2538 1272 Patriarchae
2562 1224 2617 1271 et
2639 1214 2938 1286 Prophelte.

107 1315 159 1361 et
185 1305 239 1360 iu
269 1305 523 1362 omnibus
555 1307 777 1363 omnino
816 1306 965 1363 vitiis
1012 1316 1176 1378 atque
1232 1305 1573 1374 criminibus,
1632 1306 1688 1361 in
1793 1309 1991 1366 Sancte
2017 1310 2195 1365 Petre.

106 1397 301 1468 quibus
331 1397 636 1470 cogitando,
697 1399 964 1469 loquendo
1003 1407 1060 1455 et
1112 1400 1408 1472 operando,
1472 1399 1690 1470 peccari
1795 1403 1991 1460 Sancte
2013 1402 2197 1459 Paule.

103 1495 302 1559 potest,
332 1502 517 1544 coram
554 1489 805 1546 examine
850 1488 1122 1562 aequitatis
1176 1502 1279 1546 tuae
1323 1504 1408 1546 me
1450 1491 1691 1563 graviter
1795 1498 1994 1555 Sancte
2013 1498 2253 1553 Andrea.

103 1596 364 1653 peccasse
392 1592 449 1640 et
477 1598 629 1640 reum
668 1598 789 1641 esse
821 1601 1151 1658 recognosco
1177 1595 1233 1642 et
1262 1584 1544 1641 conﬁteor.
1584 1584 1691 1642 Sed
1796 1591 1996 1646 Sancte
2019 1590 2241 1645 Jacobe.

108 1682 163 1730 tu
188 1672 435 1746 piissime
455 1685 510 1732 et
534 1677 1041 1736 misericordissime
1092 1679 1253 1746 Deus,
1300 1696 1369 1733 ne
1418 1678 1589 1733 intres
1634 1676 1688 1731 in
1796 1684 1993 1741 sancte
2029 1683 2263 1741 Joannes

103 1762 365 1834 judicium
393 1782 515 1822 cum
548 1765 704 1823 servo
738 1776 848 1834 tuo,
891 1770 1017 1839 quia
1048 1786 1157 1825 non
1200 1767 1591 1839 justiiicabitur
1634 1767 1690 1823 in
1717 1753 1769 1825 Β
1796 1779 1998 1835 Sancte
2032 1777 2256 1835 Jacobe.

105 1867 395 1928 conspectu
442 1865 533 1913 tuo
558 1859 737 1915 omnis
790 1860 954 1916 homo
993 1862 1201 1928 vivens,
1230 1863 1427 1932 quippe
1468 1859 1561 1929 qui
1605 1867 1691 1914 est
1798 1872 2002 1927 Sancte
2032 1869 2300 1939 philippe.

102 1944 311 2005 foenum
354 1964 630 2019 arescens,
655 1956 710 2008 et
737 1953 1099 2024 corruptibilis
1150 1968 1300 2021 caro,
1340 1951 1678 2022 quotidieque

865 1953 1099 2024 υρῑίδίηε
1150 1968 1300 2021 οπο»
1340 1951 1688 2022 (Ιυοῑίδίθίίυθ
1795 1966 1995 2021 Sancte
2029 1962 2441 2019 Bartholomtee.

104 2041 170 2098 ad
195 2059 303 2098 non
333 2057 455 2100 esse
479 2047 704 2100 tendens
731 2045 975 2100 omnino.
1018 2045 1152 2112 Quis
1179 2062 1310 2118 ergo
1334 2050 1510 2117 potest
1536 2058 1690 2098 mun-
1795 2058 1993 2114 sanae
2023 2057 2290 2113 Mamme,
2422 2058 2429 2061 ·

103 2132 233 2190 dum
259 2130 327 2191 de
378 2135 658 2192 immundo
694 2145 1035 2207 concceptum
1088 2137 1293 2192 semine
1336 2135 1536 2202 facere,
1586 2128 1687 2189 nisi
1794 2147 1994 2204 omnes
2018 2147 2203 2203 sam-ii
2253 2138 2975 2221 Aposlonetﬁvangcﬁsug.

102 2233 160 2281 tu
216 2227 310 2297 qui
362 2226 511 2282 solus
539 2243 599 2283 es
631 2225 807 2282 Deus?
860 2226 1013 2283 Sicut
1069 2229 1213 2283 enim
1268 2242 1478 2297 pannus
1512 2241 1688 2281 mens-
1795 2242 1993 2299 sancte
2017 2242 2259 2313 Dionysi,

103 2327 323 2384 truatze,
356 2318 434 2372 sic
463 2316 726 2373 immundi
752 2334 939 2374 sumus
965 2330 1092 2374 ante
1138 2317 1479 2387 maiestatem
1526 2316 1691 2373 clari-
1798 2333 2003 2390 sancte
2026 2329 2325 2403 διεριιαηος

101 2410 233 2466 tatis
264 2418 367 2466 tua:
397 2408 726 2467 Dominan
757 2421 848 2467 tuo
877 2428 1110 2483 namque
1135 2421 1427 2496 compectu
1451 2426 1552 2467 nec
1582 2412 1685 2482 ipsi
1798 2426 2000 2483 snncie
2043 2425 2280 2481 Comen,

103 2500 232 2558 caeli
257 2510 383 2557 sunt
411 2502 631 2571 mundi,
661 2514 866 2573 quanto
894 2504 1067 2576 magis
1093 2521 1191 2559 nos
1239 2503 1407 2560 creati
1438 2504 1493 2558 in
1524 2517 1694 2559 carne
1799 2519 1997 2575 sancte
2025 2518 2311 2591 Cypriane,

107 2594 473 2666 corruptibili,
510 2604 672 2666 atque
718 2594 966 2653 homines
1020 2597 1223 2653 terreni
1284 2605 1338 2651 et
1392 2594 1695 2651 immundi?
1799 2611 1999 2668 sancte
2030 2611 2372 2667 schasiiane,

104 2682 247 2756 Quid
274 2688 417 2744 enim
442 2688 598 2757 digne
623 2686 812 2745 oﬂerat
860 2688 1101 2745 mortalis
1146 2687 1461 2753 immortali,
1500 2682 1690 2743 corru-
1799 2704 1997 2761 sancie
2025 2703 2345 2775 Chrysamc,

102 2780 310 2855 ptibilis
334 2781 729 2853 incurruptihili
759 2782 1037 2839 mutabilis
1073 2780 1545 2838 incommutabili?
1587 2778 1695 2836 Sed
1800 2794 1998 2851 sancte
2024 2794 2242 2865 Georgi,

106 2882 167 2929 ut
194 2875 301 2928 hoc
329 2871 533 2929 valeret
554 2875 690 2940 lieri,
716 2874 1029 2931 inearnatus
1055 2891 1114 2930 es
1138 2890 1235 2945 pro
1259 2870 1413 2929 nobis
1437 2870 1538 2928 Fili
1564 2872 1683 2938 Dei,
1802 2885 2001 2942 Sancte
2029 2884 2238 2941 Aureli.

107 2963 343 3018 mundus
370 2973 426 3018 et
455 2963 876 3035 incorruptibilis
932 2980 1261 3037 permanens
1304 2960 1541 3019 s‘icutcs.
1586 2960 1690 3018 Sa-
1808 2976 2007 3033 sancte
2032 2977 2315 3032 praeesse,

105 3064 446 3111 cramentum
477 3071 691 3126 quoque
711 3056 955 3127 corporis
987 3065 1042 3112 et
1068 3056 1345 3127 sanguinis
1377 3055 1453 3110 tui
1500 3055 1695 3111 electis
1806 3072 2006 3130 sanae
2036 3070 2281 3127 ιηηυίιτί,

108 3145 215 3202 tuis
249 3124 539 3213 tradidisti,
568 3124 676 3217 quo
710 3124 1046 3202 edicerentur
1071 3146 1137 3202 de
1160 3124 1452 3207 immundis
1479 3146 1688 3212 mtmdi,
1722 3124 1771 3199 Ε

106 3221 578 3309 (ιε’ρθεοθιοτὶὺυε
607 3240 805 3306 sancti,
839 3238 905 3295 de
934 3239 1155 3296 incestis
1196 3239 1355 3305 casti,
1400 3242 1457 3292 et
1489 3237 1555 3293 de
1594 3238 1695 3293 fai-
1802 3252 2003 3314 Sancte
2027 3252 2168 3311 vile,

106 3327 278 3386 ditate
304 3330 460 3386 nitidi
488 3340 543 3388 et
567 3348 673 3403 quo
692 3347 977 3404 possemus
1039 3339 1167 3386 ante
1204 3328 1543 3400 majestatem
1581 3328 1695 3402 gio-
1803 3352 2001 3408 Sancte
2030 3349 2281 3405 Mercuri,
2346 3324 2355 3327 ’

106 3421 201 3477 ria:
226 3429 605 3494 tuzeapparcre
630 3423 896 3494 praeclari.
920 3422 1061 3497 Ergo
1090 3428 1147 3479 tu
1182 3422 1408 3479 Domine
1435 3424 1696 3481 sacerdos
1780 3444 2003 3505 sane“,
2027 3440 2250 3499 Caesar].

104 3517 727 3585 sutnme,sanctiﬁcator
742 3519 1170 3575 etsanctilicatio
1201 3518 1509 3585 sacerdotii,
1536 3518 1699 3573 mise-
1778 3524 2002 3593 'sancie
2028 3536 2299 3593 Ροηοηηῖ,

109 3624 233 3664 rere
250 3608 619 3667 mihihomini
657 3612 1134 3685 peccatori,parcc
1160 3612 1379 3685 indigno
1400 3608 1694 3678 sacerdoti,
1803 3628 2001 3685 Sancte
2028 3629 2341 3685 Ααριυει-ιε,

58 3770 65 3777 ,
106 3703 338 3774 ignosce
367 3707 609 3779 mysterii
632 3709 708 3764 tui
733 3721 942 3766 secreta
975 3709 1257 3777 tractanti,
1290 3724 1391 3765 nec
1414 3696 1695 3778 indignum
1804 3720 2013 3777 Sancic'
2048 3710 2295 3793 Cyriacc.

107 3794 504 3855 misericordiae
560 3808 665 3856 tua:
704 3800 934 3873 judices,
990 3817 1150 3871 quem
1199 3816 1299 3873 pro
1349 3798 1469 3854 aliis
1505 3813 1699 3871 rogare
1805 3813 2005 3870 sancte
2041 3812 2269 3867 Evatici.

106 3890 410 3960 permittis,
442 3900 497 3947 et
531 3891 585 3947 in
626 3908 732 3964 quo
778 3894 1144 3948 testimonium
1193 3892 1321 3948 boni
1364 3890 1546 3962 operis
1590 3906 1698 3946 non
1805 3906 2004 3962 Sancte
2030 3904 2261 3960 phocas,

110 3984 389 4052 agnoscis,
418 3982 650 4041 olIicium
676 3984 867 4041 saltem
906 3984 1126 4041 creditae
1174 4000 1283 4039 non
1322 3978 1550 4039 recuses
1578 3981 1695 4038 dis-
1800 3988 1996 4052 saucii
2026 3995 2265 4054 Joannes
2293 4006 2347 4054 οι
2368 3992 2559 4053 paulo,

109 4079 469 4147 pensationis.
502 4081 569 4135 Et
621 4081 713 4135 ﬁat
743 4080 878 4135 mihi
922 4081 1040 4137 hanc
1076 4080 1413 4136 sacrosancti
1454 4077 1696 4149 mysterii
1806 4068 1997 4146 Sancti
2039 4090 2252 4146 Tiburti
2277 4100 2333 4146 et
2364 4089 2668 4146 Valeriane.

110 4171 478 4244 frequentatio
504 4176 744 4230 omnium
776 4174 1039 4230 scelerum
1073 4190 1317 4230 meorum
1342 4172 1553 4228 indulta
1571 4187 1699 4243 pro-
1805 4182 1990 4237 Sancti
2016 4176 2280 4239 Faustine
2303 4192 2358 4239 et
2384 4178 2580 4239 Jovita.

110 4266 351 4337 pitiatio,
383 4267 631 4327 Salvator
655 4269 859 4324 mundi.
889 4269 991 4337 Qui
1013 4268 1150 4326 vivis
1175 4276 1282 4325 etc.
1806 4276 1993 4331 Sancti
2020 4274 2199 4330 Prime
2220 4285 2276 4329 et
2314 4274 2604 4331 Fcliciane.

288 4434 293 4445 Δ
666 4362 789 4418 Alia
828 4363 1017 4419 oratio.
1806 4367 1988 4424 Sancti
2031 4365 2267 4450 Sergi'et
2297 4366 2531 4422 Bacche.
2612 4436 2613 4439 η

185 4450 332 4511 Deus
358 4454 761 4522 misericordiae,
784 4465 838 4512 et
887 4454 1128 4511 veritatis
1157 4450 1499 4510 clementiam
1546 4458 1696 4506 tuam
1722 4506 1766 4522 __
1805 4458 1989 4516 sancti
2021 4455 2211 4513 Nazari
2236 4466 2292 4512 et
2321 4456 2495 4513 Celse.

118 4545 434 4616 suppliciter
462 4532 721 4627 deprecor
746 4557 850 4607 etc.
883 4547 1072 4605 Exstat
1102 4562 1262 4618 supra
1286 4546 1342 4601 in
1371 4546 1535 4601 missa
1558 4540 1697 4615 Illg-
1725 4532 1776 4574 υ
1803 4554 1988 4609 sancti
2012 4550 2347 4607 Felicissimo
2372 4558 2427 4607 et
2452 4546 2700 4619 Agapite.
2758 4604 2762 4608 ,

120 4637 236 4692 τίσει
834 4712 837 4715 _
1421 4633 1426 4637 ’
1806 4641 1995 4700 Sancti
2018 4639 2286 4697 Nicander
2342 4649 2396 4695 et
2424 4632 2719 4693 Marciane.

332 4720 335 4721 ⁷
689 4736 811 4788 Aua
834 4735 1024 4789 oratio.
1809 4738 1992 4795 Sancti
2019 4732 2306 4790 Valentine
2334 4744 2389 4790 et
2414 4726 2608 4788 Hilari.

189 4820 337 4877 Deus
370 4822 461 4893 qui
486 4839 593 4881 non
622 4833 855 4884 inertem
896 4828 989 4882 sed
1013 4824 1387 4897 paenitentiam
1421 4814 1700 4884 desideras
1810 4830 1995 4887 Sancti
2018 4826 2199 4883 Cirine
2249 4833 2305 4879 et
2334 4824 2588 4881 Maxime.

127 4923 481 4985 peccatorum.
511 4915 579 4973 Ut
617 4936 780 4992 supra
802 4918 856 4971 in
882 4919 1043 4973 missa
1065 4917 1290 4987 Illyrici.
1815 4923 2000 4982 Sancti
2024 4918 2400 4989 Quadraginta
2438 4916 2736 4986 Martyres.

629 5026 901 5077 SEQUITUR
953 5026 1195 5069 ιιΤΔΝΙΑ·
1651 5008 1655 5013 ‘
1816 5017 2015 5076 Sancte
2042 5013 2344 5071 Fortunate
2364 5028 2489 5071 eum
2523 5006 2685 5063 sociis
2710 5019 2882 5086 tuis,

126 5098 333 5154 Christe
359 5098 472 5153 audi
509 5116 645 5171 nos.
1815 5112 2018 5169 omnes
2050 5104 2220 5160 sancti
2251 5102 2552 5181 Martyres.

121 5189 275 5246 Pater
298 5190 360 5245 de
384 5191 525 5250 cretis
562 5208 723 5263 Deus
755 5194 1011 5254 miserere
1039 5193 1219 5253 nobis.
1652 5186 1657 5193 ’
1816 5206 2018 5264 sanae
2043 5198 2290 5269 Gregori.

111 5277 204 5333 Fili
230 5274 533 5350 redemptae
572 5286 772 5350 mundi
803 5284 967 5350 Deus,
996 5288 1258 5344 miserere
1288 5286 1476 5350 nobis.
1816 5295 2019 5350 Sancte
2057 5287 2313 5345 Martine.
