3992 5350
600 294 756 361 .1545
1118 297 1130 304 "
1180 256 1209 274 ’δ
1483 288 1905 349 aermnae
1941 288 2176 349 ωαχ

2298 322 2305 334 -
2339 291 2772 355 MONUMENTA
2814 296 3072 358 LITURG
3742 302 3874 362 l5“

614 387 816 467 Sancte
837 402 1069 477 Remigi.
1870 460 1875 467 κ
2072 418 2190 462 ora.
2216 409 2273 474 Α
2297 406 2413 464 Νοη
2436 410 2590 466 nobis
2613 411 2859 482 Domine,
2892 429 3000 471 non
3035 411 3215 473 nobis.

602 500 815 559 Omnes
845 498 1018 556 sancti
1044 495 1333 556 Pontiﬁces
1360 504 1418 555 et
1436 495 1815 559 Confessores.
2290 500 2506 574 Exurge
2526 504 2751 562 Domine
2780 506 2973 578 adjuva
3002 522 3122 564 nos.

614 593 812 650 Sancte
835 590 1150 647 Benedicte.

2290 601 2518 661 Domine
2545 605 2741 662 exaudi
2767 606 3069 662 orationem
3096 619 3293 665 meam.

614 682 812 739 Sancte
834 681 1042 737 Maure.

2817 695 3071 769 Sequitur
3099 700 3292 754 oratio.

614 773 812 830 Sancte
836 773 1074 830 Placide.
2358 787 2566 859 Adjuva
2584 802 2683 844 nos
2715 788 2941 846 Domine
2966 790 3108 847 Deus
3125 800 3312 847 noster
3349 800 3569 848 tuorum
3611 792 3868 862 depreca-

612 866 810 923 Sancte
847 865 1121 922 Severine.

2291 880 2437 935 tione
2462 890 2796 948 sanctorum,
2829 890 2889 936 ut
2922 882 3162 938 omnium
3188 884 3473 939 beatorum
3518 883 3867 956 Angelorum,

613 957 812 1014 Sancte
842 958 1105 1014 Romane.

2293 974 2773 1048 Arcbangelorum,
2804 988 3236 1051 cunctorumque
3272 981 3571 1052 spirituum
3609 996 3869 1052 superno-

610 1051 810 1110 Omnes
843 1055 1017 1110 sancti
1048 1051 1298 1111 Monacbi
1322 1059 1380 1111 et
1399 1052 1708 1112 Heremitae.

2287 1065 2434 1135 rum,
2474 1069 2937 1138 Patriarcharum,
2990 1073 3406 1144 Prophetarum,
3460 1051 3863 1145 Apostolorum,

612 1147 812 1202 Sancta
833 1146 1188 1203 Scholastica.
2286 1158 2772 1231 Evangelistarum,
2820 1160 3142 1235 Martyrum,
3166 1164 3579 1231 Confessorum,
3616 1164 3870 1221 Sacerdo-

610 1234 810 1313 sancta
844 1237 1083 1294 Caecilia.
2289 1258 2425 1317 tum,
2453 1249 2782 1319 Levitarum,
2801 1234 3208 1323 Monachorum,
3229 1256 3531 1327 Virginum,
3554 1257 3865 1321 Viduamm,

610 1327 806 1383 Sancta
838 1329 1017 1385 Daria.
2284 1338 2679 1409 Innocentium,
2710 1351 2872 1414 atque
2927 1344 3166 1402 omnium
3208 1344 3450 1401 ﬁdelium
3488 1346 3585 1400 tibi
3640 1347 3699 1400 in
3736 1346 3863 1402 ccelo

610 1418 807 1475 Sancta
836 1419 1153 1477 Catharina.
2285 1440 2344 1486 et
2378 1432 2434 1487 in
2464 1441 2609 1488 terra
2641 1434 3086 1501 ministrantium,
3126 1451 3359 1506 quorum
3388 1436 3551 1491 hodie
3582 1435 3730 1491 festa
3777 1451 3865 1505 ge-

607 1509 806 1567 Omnes
832 1522 1034 1567 sanctae
1070 1512 1340 1586 Virgines.
2287 1534 2483 1580 runtur
2506 1541 2604 1596 per
2625 1526 2940 1584 universum
2974 1518 3254 1597 mundum,
3296 1544 3489 1585 eorum
3532 1544 3639 1584 nos
3686 1543 3868 1599 pecca-

605 1602 808 1659 Omnes
843 1603 1020 1659 sancti
1046 1613 1103 1660 et
1131 1615 1333 1663 sanctae
1379 1607 1496 1665 Dei.
2287 1622 2435 1670 tores
2462 1624 2519 1671 et
2539 1617 2742 1687 indigni
2773 1618 2914 1687 quod
2940 1628 3189 1689 optamus
3224 1627 3279 1675 et
3316 1612 3631 1691 indigemus
3675 1632 3865 1688 oppor~

604 1695 878 1767 Propitius
908 1706 1045 1766 esto,
1082 1714 1244 1770 parce
1267 1704 1420 1759 nobis
1449 1705 1695 1764 Domine.
2286 1712 2418 1762 tuno
2449 1715 2688 1775 tempore
2717 1708 3015 1764 sentiamus
3041 1708 3320 1764 auxiiium.
3340 1707 3446 1763 Per
3473 1716 3527 1763 te
3564 1706 3699 1765 Jesu
3726 1706 3867 1763 Chri-

603 1786 689 1842 Ab
714 1786 931 1842 insidiis
955 1788 1258 1875 daemonum
1293 1792 1463 1849 libera
1501 1810 1602 1853 nos
1653 1796 1902 1858 Domine.
2214 1792 2265 1856 Β
2292 1804 2396 1865 ειθ,
2427 1795 2679 1854 Salvalor
2706 1799 2914 1854 mundi-
2957 1799 3058 1867 QUi
3087 1800 3245 1866 V‘iViS.
3269 1808 3376 1855 εῑο·

602 1884 651 1939 Α
675 1884 915 1954 periculo
938 1890 1128 1943 mortis
1150 1887 1324 1945 libera
2072 1950 2089 1965 κ
2196 1880 2201 1885 ’
2234 1928 2243 1935 -
2900 1890 3021 1945 Alia
3044 1891 3232 1945 oratio.

603 1976 1001 2035 Abimmundis
1022 1981 1462 2052 cogitationibus.
2361 1982 2712 2040 Conscientia
2741 1983 2959 2055 quidem
2998 1983 3206 2055 trepida
3248 1984 3604 2055 omnipotens
3643 1983 3785 2041 Deus
3807 1987 3868 2040 ad

601 2072 650 2130 Α
678 2071 962 2128 dominatu
992 2062 1235 2129 omnium
1262 2076 1539 2133 vitiorum.
2287 2058 2459 2129 altare
2490 2084 2640 2130 tuum
2676 2075 2896 2140 accedo,
2921 2075 3017 2131 sed
3037 2075 3083 2130 si
3113 2075 3329 2131 dimitto
3362 2090 3561 2131 vereor
3588 2076 3659 2131 de
3691 2076 3867 2132 ἱπποδι-

598 2165 648 2220 A
673 2165 919 2220 caecitate
945 2166 1149 2222 cordis.
2288 2165 2492 2220 dientia
2522 2165 2892 2222 condemnari.
2916 2166 3086 2222 Parce
3105 2181 3233 2238 ergo
3247 2168 3380 2221 mihi
3405 2167 3641 2224 Domine
3663 2169 3867 2240 indigno

598 2256 684 2313 Ab
708 2258 857 2312 omni
881 2257 1042 2313 malo.
2287 2256 2491 2313 famulo
2518 2266 2633 2325 tuo,
2670 2268 2725 2314 et
2763 2258 2890 2315 licet
2929 2260 2997 2315 ad
3038 2267 3187 2314 tanta
3236 2260 3503 2332 mysteria
3547 2260 3864 2316 celebranda

596 2345 942 2415 Peccatores,
969 2356 1022 2404 te
1047 2363 1327 2421 rogamus,
1357 2351 1480 2407 audi
1520 2366 1640 2409 nos.
2286 2365 2503 2423 semper
2529 2351 2781 2424 indignus
2806 2351 3078 2416 inveniar,
3116 2360 3299 2407 tamen
3349 2351 3615 2408 fiduciam
3662 2354 3731 2408 de
3784 2363 3860 2406 tua

597 2440 672 2498 Ut
706 2456 898 2513 parcas
927 2442 1105 2510 nobis,
1132 2453 1185 2499 te
1211 2459 1327 2515 rog.
2285 2444 2655 2500 misericordia
2679 2445 2905 2500 retineo.
2944 2443 3053 2499 Pro
3088 2458 3194 2515 qua
3229 2458 3308 2507 re,
3337 2443 3483 2499 Deus
3507 2444 3859 2516 omnipotens,

596 2530 670 2588 Ut
690 2532 846 2588 nobis
874 2547 1026 2604 spem
1054 2542 1260 2589 certam
1300 2534 1491 2592 dones.
2284 2532 2511 2606 dignare
2528 2548 2624 2590 me
2646 2542 2875 2605 paterna
2904 2534 3108 2605 pietate
3148 2533 3474 2605 placidoque
3513 2533 3675 2589 vultu
3703 2534 3862 2605 respi-

595 2621 668 2679 Ut
694 2623 853 2680 ﬁdem
885 2634 1093 2682 rectam
1123 2627 1358 2682 tribuas.
2284 2639 2432 2691 cere,
2463 2633 2518 2680 et
2547 2625 2728 2681 cordis
2756 2625 2861 2680 mei
2884 2624 3144 2680 interiora
3166 2639 3422 2695 purgare,
3439 2631 3493 2679 et
3520 2624 3567 2680 si
3595 2639 3700 2697 ego
3722 2632 3863 2679 reatu

603 2716 675 2775 Ut
716 2719 1040 2777 charitatem
1082 2719 1379 2793 perfectam
1408 2720 1679 2777 conferas.
2285 2718 2566 2790 culpabilis
2593 2719 2793 2785 existo,
2830 2717 3005 2774 beatae
3051 2725 3233 2772 tamen
3259 2725 3313 2772 et
3338 2716 3598 2788 gloriosae
3635 2732 3862 2787 semper-

597 2812 669 2869 Ut
690 2824 1009 2871 cunctorum
1054 2816 1112 2871 in
1157 2816 1315 2872 nobis
1355 2815 1608 2872 vitiorum
1655 2824 1895 2873 monstra
1945 2819 2182 2877 mortill-
2284 2827 2389 2883 quo
2411 2810 2649 2885 Virginis
2679 2811 2878 2876 Mariae.
2912 2819 2967 2868 et
2994 2811 3234 2866 omnium
3286 2819 3612 2864 sanctorum
3662 2820 3861 2865 ιιιοηιιιι

667 2919 774 2961 ces.
2284 2905 2507 2958 obtentu
2537 2903 2644 2958 sint
2667 2904 2762 2959 tibi
2791 2904 2845 2958 in
2874 2900 3126 2959 omnibus
3153 2900 3351 2974 placita
3382 2916 3510 2957 mea
3543 2900 3858 2959 ministeria.

598 2993 673 3052 Ut
710 2997 952 3053 omnium
985 3011 1085 3053 nos
1128 2997 1392 3054 virtutum
1420 2998 1778 3071 praerogativa
1815 2999 2077 3058 viviﬁces.
2283 2992 2385 3063 Qui
2415 2994 2577 3053 viVis.
2611 3003 2697 3050 etc

596 3086 669 3145 Ut
696 3087 855 3144 nobis
876 3104 976 3159 per
1002 3090 1434 3145 incarnationem
1466 3098 1612 3145 tuam
1638 3090 1921 3148 introitum
1951 3091 2005 3147 in
2051 3108 2180 3150 san-
2214 3153 2249 3159 _
2924 3087 3048 3143 Alia
3078 3087 3247 3142 oratio

665 3190 751 3237 cta
782 3193 1093 3239 sanctorum
1119 3183 1349 3253 pandas.
2200 3153 2250 3221 α
2351 3178 2578 3235 Domine
2606 3178 2750 3235 Deus
2770 3179 3118 3252 omnipotens
3154 3178 3246 3251 qui
3302 3192 3363 3235 es
3404 3178 3580 3234 trinus
3613 3188 3674 3233 et
3713 3194 3857 3241 unus,

593 3272 666 3332 Ut
713 3287 811 3343 per
872 3274 976 3329 hoc
1022 3283 1431 3330 sacrosanctum
1488 3275 1811 3346 mysterium
1846 3277 2074 3343 animas
2117 3288 2169 3338 et

2280 3272 2477 3342 ubique
2496 3286 2758 3344 praesens,
2782 3272 2981 3344 ubique
3025 3283 3189 3339 totus,
3236 3272 3335 3327 tibi
3389 3271 3667 3327 conﬁteor
3698 3272 3856 3326 omnia

661 3378 887 3436 corpora
912 3373 1097 3421 nostra
1120 3381 1374 3422 renoves.
2275 3375 2500 3439 peccata
2525 3381 2666 3433 mea,
2691 3383 2811 3438 quae
2834 3367 2878 3422 si
2909 3382 3016 3423 non
3048 3367 3357 3434 confiterer,
3420 3378 3475 3423 te
3531 3376 3719 3423 tamen
3764 3368 3858 3422 Do-

595 3455 664 3513 Ut
711 3472 808 3527 per
831 3457 935 3513 hoc
959 3459 1322 3519 conscientias
1351 3471 1567 3520 nostras
1599 3464 1875 3534 puriﬁces.
2276 3460 2446 3525 mine.
2477 3473 2637 3529 quem
2661 3459 2874 3514 OCCUila
2910 3474 3019 3516 ηοῐι
3058 3458 3272 3526 fallunt.
3327 3460 3505 3515 iniere
3554 3475 3671 3515 ι)οη
3714 3466 3853 3528 ροιεα

592 3547 665 3604 Ut
687 3542 789 3606 hoc
812 3550 1053 3607 terribile
1074 3554 1392 3626 mysterium
1435 3571 1541 3612 non
1572 3556 1722 3613 sinas
1750 3556 1907 3613 nobis
1957 3555 2076 3613 ﬁeri
2103 3556 2174 3615 ad
2277 3559 2440 3606 rant:
2475 3552 2603 3623 quia
2624 3553 2844 3623 peccavi
2872 3552 3035 3608 nimis
3056 3553 3112 3607 in
3143 3552 3595 3625 cogitationibus,
3638 3550 3856 3607 locutio-

663 3642 926 3700 iudicium
2276 3644 2458 3711 nibus,
2510 3645 2851 3717 diversisque
2895 3646 3148 3716 operibus
3208 3646 3367 3701 malis
3420 3655 3477 3700 et
3534 3645 3750 3699 multis.
3798 3642 3855 3696 Et

593 3732 663 3790 Ut
685 3734 826 3792 istud
894 3734 1167 3794 inell'anne
1205 3748 1609 3796 sacramentum
1658 3741 1876 3798 mundis
1922 3742 2175 3800 manibus
2276 3738 2403 3807 quia
2433 3751 2534 3809 ego
2565 3737 2730 3793 miser
2751 3745 2805 3792 el
2836 3736 3161 3793 miserabilis
3185 3746 3409 3808 prapter
3436 3735 3706 3790 duritiam
3752 3748 3852 3790 cor-

664 3837 979 3887 traCtemus.
2276 3829 2360 3884 dis
2387 3830 2513 3895 mei,
2543 3830 2650 3884 nisi
2683 3842 2736 3884 tu
2769 3828 2988 3899 adjuves
3011 3845 3094 3884 me
3117 3830 3172 3884 in
3194 3830 3309 3900 ipsa
3335 3836 3699 3899 peccatorum
3726 3840 3851 3881 meo-

592 3920 664 3978 Ut
689 3924 837 3994 puris
868 3924 1141 3981 mentibus
1169 3940 1467 3982 sumamus.
2275 3938 2397 3977 rum
2425 3931 2600 3978 morte
2632 3927 2889 3994 perduro,
2931 3932 3219 3994 propterea
3259 3935 3458 3993 precor
3496 3929 3577 3987 te,
3610 3921 3850 3975 miserere

590 4011 663 4070 Ut
690 4015 1078 4088 indulgentiam
1107 4017 1350 4073 omnium
1379 4024 1728 4090 peccatorum
1750 4033 1848 4089 per
1887 4018 1994 4075 hoc
2041 4032 2174 4075 con-
2272 4015 2402 4069 mei.
2440 4014 2543 4082 Qui
2596 4016 2736 4073 vivis
2789 4025 2846 4073 ct
2890 4031 3084 4090 regnas
3142 4017 3197 4073 in
3258 4014 3458 4071 saecula
3516 4014 3848 4071 mulorum.

667 4121 984 4178 sequamur.
2272 4108 2469 4165 Amen.

586 4197 665 4260 Ut
700 4216 799 4270 per
828 4203 932 4257 hoc
959 4201 1054 4256 tibi
1087 4214 1302 4271 semper
1333 4200 1597 4256 inhzererc
1630 4200 1930 4257 valeamus.
2981 4201 3122 4257 Alia.

590 4295 663 4354 Ut
693 4310 791 4367 per
831 4295 934 4349 hoc
956 4302 1012 4348 et
1044 4301 1099 4346 tu
1128 4293 1179 4346 in
1212 4293 1392 4360 nobis,
1420 4299 1476 4348 et
1509 4308 1608 4349 nos
1632 4292 1690 4350 in
1728 4302 1780 4348 te
1810 4306 2030 4349 manere
2054 4308 2171 4352 me-
2344 4296 2485 4353 Deus
2511 4296 2603 4367 qui
2635 4296 2703 4350 de
2732 4294 2968 4367 indignis
2997 4294 3209 4364 dignos,
3264 4292 3331 4348 de
3368 4291 3679 4347 immundis
3710 4306 3853 4347 mun-

660 4405 897 4447 reamur.
2273 4390 2388 4457 dos,
2419 4388 2487 4444 dc
2515 4388 2890 4459 peccatoribus
2912 4384 3077 4441 cﬂicis
3093 4387 3293 4457 justos,
3316 4388 3518 4440 munda
3551 4401 3653 4441 cor
3676 4400 3845 4440 meum

590 4484 660 4543 Ut
705 4484 934 4557 gratiam
984 4481 1158 4537 sancti
1205 4480 1439 4552 Spiritus
1469 4480 1721 4537 cordibus
1760 4482 1963 4539 nostris
1989 4483 2168 4543 infun-
2190 4531 2248 4557 τ,
2271 4493 2326 4540 et
2362 4496 2558 4553 corpus
2580 4495 2756 4535 meum
2788 4481 2855 4535 ab
2878 4479 3024 4534 omni
3053 4478 3213 4533 sorde
3266 4486 3323 4533 et
3362 4479 3694 4549 contagione
3722 4492 3844 4548 pec-

681 4531 795 4630 izre
818 4572 1078 4645 digneris.
1245 4531 1272 4552 τ
2189 4531 2248 4597 D
2271 4575 2402 4640 cati,
2430 4531 2486 4628 ert
2518 4572 2604 4628 fac
2629 4587 2716 4627 mc
2743 4572 2963 4644 dignum
2992 4571 3166 4627 sacris
3221 4569 3485 4625 altaribus
3534 4570 3642 4623 tuis
3700 4568 3851 4623 mini-

587 4666 660 4722 Ut
725 4674 973 4721 cunctum
1029 4664 1282 4735 populum
1343 4662 1713 4719 Christianum
1775 4666 2170 4736 pretiosissimo
2271 4678 2469 4734 strum,
2500 4676 2558 4722 et
2592 4667 2829 4721 concede
2863 4664 3150 4736 propitius,
3213 4675 3273 4718 ut
3330 4662 3387 4717 in
3435 4662 3542 4717 hoc
3581 4662 3740 4716 altari
3788 4658 3846 4713 ad

689 4759 923 4826 anguine
947 4768 1040 4811 tuo
1080 4758 1414 4827 redemptum
1454 4772 1781 4812 conservare
1808 4757 2065 4829 digneris.
2267 4761 2411 4833 quod
2460 4758 2712 4828 indignus
2768 4756 3177 4812 ministraturus
3224 4753 3445 4821 accedo,
3504 4754 3716 4809 hostias
3760 4766 3849 4808 ac-

593 4849 658 4905 ἀι
679 4848 858 4904 locum
879 4848 1213 4918 poenitentiae
1250 4846 1407 4902 nobis
1438 4848 1730 4902 concedas.

2272 4851 2558 4923 ceplabiles
2584 4858 2747 4918 atque
2772 4848 3064 4918 placabiles
3117 4844 3342 4902 offeram
3381 4848 3575 4918 pietati
3623 4856 3729 4901 tua:
3756 4860 3848 4914 pro

583 4940 745 4997 Pater
770 4949 975 4995 noster.
1021 4936 1164 4993 Vera.
1193 4939 1465 4996 Converte
1487 4954 1585 4994 nos
1610 4938 1750 4995 Deus
1777 4941 2034 4997 salutaris
2062 4956 2162 4999 no-
2266 4945 2518 5001 omnibus
2548 4942 2788 5013 peccatis
2833 4952 2890 4996 et
2918 4940 3306 4996 oﬂ‘ensionibus
3333 4938 3489 5000 meis,
3520 4947 3579 4991 et
3609 4938 3849 4990 innume-

654 5043 789 5090 εῑθτο
2269 5038 2347 5091 ris
2376 5034 2708 5105 quotidianis
2751 5034 3088 5099 excessibus,
3137 5041 3193 5087 et
3242 5046 3344 5101 pro
3375 5030 3634 5086 omnibus
3669 5029 3762 5099 qui
3793 5040 3848 5081 se

586 5127 821 5195 Dignam
845 5125 1073 5183 Domine
1102 5123 1191 5179 die
1213 5124 1339 5179 iSla-
2270 5132 2408 5189 meis
2432 5129 2667 5200 indignis
2692 5127 2945 5197 precibus
2975 5123 3531 5189 commcndaverunt;
3556 5121 3649 5176 sed
3672 5130 3727 5175 et
3752 5134 3846 5192 pro

586 5219 841 5275 Miserere
889 5220 1043 5276 ηοῦίεο
1074 5218 1322 5274 Domille-
2270 5225 2524 5283 omnibus
2550 5221 2799 5278 ﬁdelibus
2827 5218 3169 5283 Christianis,
3200 5226 3256 5272 et
3292 5231 3394 5289 pro
3438 5216 3696 5270 omnibus
3745 5216 3846 5269 cir.

584 5311 703 5350 Fiat
737 5313 960 5350 [\nminn
980 5310 1349 5350 micarinnnlin
1383 5319 1472 5350 tum
1502 5322 1666 5350 mmm-
1700 5324 1814 5350 nna-
2272 5316 2669 5350 numelnnl:hnc
2750 5314 3107 5350 nmnilmemm
3158 5311 3290 5350 mihi
3348 5310 3724 5350 familiaritate:
3768 5308 3842 5350 vel
